{
    "schema":{
        "fields":[
            {
                "name":"index",
                "type":"integer"
            },
            {
                "name":"아파트명",
                "type":"string"
            },
            {
                "name":"투자타입",
                "type":"string"
            },
            {
                "name":"전용면적(m2)",
                "type":"string"
            },
            {
                "name":"전용면적(평)",
                "type":"string"
            },
            {
                "name":"법정동주소",
                "type":"string"
            },
            {
                "name":"도로명주소",
                "type":"string"
            },
            {
                "name":"세대수",
                "type":"integer"
            },
            {
                "name":"입주년차",
                "type":"string"
            },
            {
                "name":"용적률점수",
                "type":"string"
            },
            {
                "name":"건폐율점수",
                "type":"string"
            },
            {
                "name":"세대당주차수",
                "type":"string"
            },
            {
                "name":"난방방식",
                "type":"string"
            },
            {
                "name":"공급면적",
                "type":"string"
            },
            {
                "name":"전용률",
                "type":"string"
            },
            {
                "name":"욕실수",
                "type":"string"
            },
            {
                "name":"현관타입",
                "type":"string"
            },
            {
                "name":"주거총점",
                "type":"number"
            },
            {
                "name":"지역구공급총점",
                "type":"number"
            },
            {
                "name":"역세권",
                "type":"integer"
            },
            {
                "name":"30분내 이동가능 거점",
                "type":"integer"
            },
            {
                "name":"1시간내 이동가능 거점",
                "type":"integer"
            },
            {
                "name":"교통총점",
                "type":"number"
            },
            {
                "name":"백화점",
                "type":"integer"
            },
            {
                "name":"아울렛몰",
                "type":"integer"
            },
            {
                "name":"대형마트",
                "type":"integer"
            },
            {
                "name":"은행",
                "type":"integer"
            },
            {
                "name":"병원",
                "type":"integer"
            },
            {
                "name":"종합병원",
                "type":"integer"
            },
            {
                "name":"공원",
                "type":"integer"
            },
            {
                "name":"혐오시설",
                "type":"integer"
            },
            {
                "name":"인프라총점",
                "type":"number"
            },
            {
                "name":"초등학군",
                "type":"number"
            },
            {
                "name":"중학군",
                "type":"number"
            },
            {
                "name":"학군총점",
                "type":"number"
            },
            {
                "name":"인구수",
                "type":"number"
            },
            {
                "name":"인구증감",
                "type":"number"
            },
            {
                "name":"인구총점",
                "type":"number"
            },
            {
                "name":"일자리",
                "type":"number"
            },
            {
                "name":"소득수준",
                "type":"number"
            },
            {
                "name":"일자리총점",
                "type":"number"
            },
            {
                "name":"가치 총점",
                "type":"number"
            },
            {
                "name":"매매실거래년",
                "type":"string"
            },
            {
                "name":"매매실거래가",
                "type":"number"
            },
            {
                "name":"전세실거래년",
                "type":"number"
            },
            {
                "name":"전세실거래가",
                "type":"number"
            },
            {
                "name":"전세가율",
                "type":"number"
            },
            {
                "name":"장기전세가율평균",
                "type":"number"
            },
            {
                "name":"전세가율거품지수",
                "type":"number"
            },
            {
                "name":"검색코드",
                "type":"integer"
            },
            {
                "name":"세대수",
                "type":"integer"
            },
            {
                "name":"준공년월",
                "type":"string"
            },
            {
                "name":"준공년차",
                "type":"integer"
            },
            {
                "name":"가까운역이름",
                "type":"string"
            },
            {
                "name":"가까운역거리",
                "type":"number"
            },
            {
                "name":"역세권여부",
                "type":"string"
            },
            {
                "name":"30분이내주요거점역",
                "type":"integer"
            },
            {
                "name":"1시간이내주요거점역",
                "type":"integer"
            },
            {
                "name":"3km이내백화점수",
                "type":"integer"
            },
            {
                "name":"5km이내아울렛몰수",
                "type":"integer"
            },
            {
                "name":"1km이내대형먀트수",
                "type":"integer"
            },
            {
                "name":"500m이내은행수",
                "type":"integer"
            },
            {
                "name":"500m이내병원수",
                "type":"integer"
            },
            {
                "name":"5km이내대형병원수",
                "type":"integer"
            },
            {
                "name":"500m이내공원수",
                "type":"integer"
            },
            {
                "name":"3km이내혐오시설수",
                "type":"integer"
            },
            {
                "name":"초등학교학업성취도",
                "type":"number"
            },
            {
                "name":"중학교학업성취도",
                "type":"number"
            },
            {
                "name":"용적률",
                "type":"integer"
            },
            {
                "name":"건폐율",
                "type":"integer"
            },
            {
                "name":"Y",
                "type":"number"
            },
            {
                "name":"X",
                "type":"number"
            },
            {
                "name":"rank",
                "type":"number"
            },
            {
                "name":"area_info",
                "type":"string"
            },
            {
                "name":"last_sales",
                "type":"string"
            }
        ],
        "primaryKey":[
            "index"
        ],
        "pandas_version":"1.4.0"
    },
    "data":[
        {
            "index":124,
            "아파트명":"면목한신",
            "투자타입":"재건축",
            "전용면적(m2)":"36.97",
            "전용면적(평)":"11평",
            "법정동주소":"서울시 중랑구 면목동 193-1",
            "도로명주소":"서울시 중랑구 중랑천로 20",
            "세대수":90,
            "입주년차":"--",
            "용적률점수":60,
            "건폐율점수":80,
            "세대당주차수":"--",
            "난방방식":"--",
            "공급면적":50,
            "전용률":60,
            "욕실수":"--",
            "현관타입":"--",
            "주거총점":72.5,
            "지역구공급총점":100.0,
            "역세권":50,
            "30분내 이동가능 거점":0,
            "1시간내 이동가능 거점":80,
            "교통총점":41.0,
            "백화점":100,
            "아울렛몰":0,
            "대형마트":80,
            "은행":0,
            "병원":60,
            "종합병원":100,
            "공원":100,
            "혐오시설":0,
            "인프라총점":71.0,
            "초등학군":88.26,
            "중학군":47.48,
            "학군총점":55.636,
            "인구수":44.82,
            "인구증감":-9.32,
            "인구총점":28.578,
            "일자리":11.1,
            "소득수준":50.64,
            "일자리총점":22.962,
            "가치 총점":58.4954,
            "매매실거래년":20211106.0,
            "매매실거래가":30500.0,
            "전세실거래년":20220115.0,
            "전세실거래가":13650.0,
            "전세가율":44.75,
            "장기전세가율평균":70.62,
            "전세가율거품지수":25.87,
            "검색코드":802,
            "세대수":1362,
            "준공년월":"1987-12-20",
            "준공년차":36,
            "가까운역이름":"중랑",
            "가까운역거리":825.93,
            "역세권여부":"준역세권",
            "30분이내주요거점역":0,
            "1시간이내주요거점역":8,
            "3km이내백화점수":1,
            "5km이내아울렛몰수":0,
            "1km이내대형먀트수":1,
            "500m이내은행수":1,
            "500m이내병원수":15,
            "5km이내대형병원수":10,
            "500m이내공원수":2,
            "3km이내혐오시설수":0,
            "초등학교학업성취도":88.26,
            "중학교학업성취도":78.8,
            "용적률":232,
            "건폐율":20,
            "Y":37.587519,
            "X":127.075278,
            "rank":1.0,
            "area_info":"11평(36.97), 14평(48.34), 18평(60.94), 19평(63.52), 24평(80.48), 28평(93.02), 30평(100.72)",
            "last_sales":"2021-11-06,30500.0,11평(36.97)"
        },
        {
            "index":361,
            "아파트명":"상봉프레미어스엠코",
            "투자타입":"일반",
            "전용면적(m2)":"85.38",
            "전용면적(평)":"25평",
            "법정동주소":"서울시 중랑구 상봉동 500",
            "도로명주소":"서울시 중랑구 망우로 353",
            "세대수":50,
            "입주년차":60,
            "용적률점수":"--",
            "건폐율점수":"--",
            "세대당주차수":100,
            "난방방식":30,
            "공급면적":"--",
            "전용률":"--",
            "욕실수":50,
            "현관타입":100,
            "주거총점":62.5,
            "지역구공급총점":100.0,
            "역세권":80,
            "30분내 이동가능 거점":0,
            "1시간내 이동가능 거점":60,
            "교통총점":52.0,
            "백화점":0,
            "아울렛몰":80,
            "대형마트":100,
            "은행":20,
            "병원":60,
            "종합병원":100,
            "공원":0,
            "혐오시설":0,
            "인프라총점":51.0,
            "초등학군":85.23,
            "중학군":48.1,
            "학군총점":55.526,
            "인구수":44.82,
            "인구증감":-9.32,
            "인구총점":28.578,
            "일자리":11.1,
            "소득수준":50.64,
            "일자리총점":22.962,
            "가치 총점":54.3289,
            "매매실거래년":20210802.0,
            "매매실거래가":163000.0,
            "전세실거래년":20200623.0,
            "전세실거래가":8055.0,
            "전세가율":10.87,
            "장기전세가율평균":70.62,
            "전세가율거품지수":59.75,
            "검색코드":102480,
            "세대수":497,
            "준공년월":"2013-11-18",
            "준공년차":10,
            "가까운역이름":"망우",
            "가까운역거리":194.62,
            "역세권여부":"역세권",
            "30분이내주요거점역":0,
            "1시간이내주요거점역":6,
            "3km이내백화점수":0,
            "5km이내아울렛몰수":1,
            "1km이내대형먀트수":2,
            "500m이내은행수":2,
            "500m이내병원수":29,
            "5km이내대형병원수":9,
            "500m이내공원수":0,
            "3km이내혐오시설수":0,
            "초등학교학업성취도":85.23,
            "중학교학업성취도":79.3,
            "용적률":602,
            "건폐율":58,
            "Y":37.598299,
            "X":127.090364,
            "rank":2.0,
            "area_info":"25평(85.38), 32평(108.15), 34평(112.9), 35평(116.11), 37평(122.33), 44평(145.57), 44평(146.81), 44평(146.81), 44평(146.73), 46평(153.72), 46평(155.09), 48평(160.57), 53평(175.8), 56평(187.78), 58평(194.75), 76평(251.98), 82평(273.09)",
            "last_sales":"2021-08-02,163000.0,58평(194.75)"
        },
        {
            "index":78,
            "아파트명":"라온프라이빗",
            "투자타입":"일반",
            "전용면적(m2)":"69.9",
            "전용면적(평)":"21평",
            "법정동주소":"서울시 중랑구 면목동 1544",
            "도로명주소":"서울시 중랑구 동일로91길 23",
            "세대수":50,
            "입주년차":100,
            "용적률점수":"--",
            "건폐율점수":"--",
            "세대당주차수":30,
            "난방방식":30,
            "공급면적":"--",
            "전용률":"--",
            "욕실수":50,
            "현관타입":100,
            "주거총점":60.0,
            "지역구공급총점":100.0,
            "역세권":50,
            "30분내 이동가능 거점":0,
            "1시간내 이동가능 거점":80,
            "교통총점":41.0,
            "백화점":100,
            "아울렛몰":0,
            "대형마트":80,
            "은행":0,
            "병원":30,
            "종합병원":100,
            "공원":100,
            "혐오시설":-50,
            "인프라총점":67.0,
            "초등학군":85.83,
            "중학군":41.2,
            "학군총점":50.126,
            "인구수":44.82,
            "인구증감":-9.32,
            "인구총점":28.578,
            "일자리":11.1,
            "소득수준":50.64,
            "일자리총점":22.962,
            "가치 총점":53.9689,
            "매매실거래년":20210701.0,
            "매매실거래가":124000.0,
            "전세실거래년":null,
            "전세실거래가":null,
            "전세가율":null,
            "장기전세가율평균":70.62,
            "전세가율거품지수":null,
            "검색코드":119443,
            "세대수":453,
            "준공년월":"2020-06-01",
            "준공년차":3,
            "가까운역이름":"사가정",
            "가까운역거리":858.84,
            "역세권여부":"준역세권",
            "30분이내주요거점역":0,
            "1시간이내주요거점역":8,
            "3km이내백화점수":1,
            "5km이내아울렛몰수":0,
            "1km이내대형먀트수":1,
            "500m이내은행수":1,
            "500m이내병원수":5,
            "5km이내대형병원수":10,
            "500m이내공원수":3,
            "3km이내혐오시설수":1,
            "초등학교학업성취도":85.83,
            "중학교학업성취도":68.4,
            "용적률":299,
            "건폐율":20,
            "Y":37.58231,
            "X":127.078897,
            "rank":3.0,
            "area_info":"21평(69.9), 25평(82.71), 25평(83.48), 25평(84.97), 25평(84.76), 28평(94.21), 33평(109.54), 33평(110.03), 33평(111.75), 37평(122.64)",
            "last_sales":"2021-07-01,124000.0,33평(111.75)"
        },
        {
            "index":387,
            "아파트명":"한일써너스빌",
            "투자타입":"일반",
            "전용면적(m2)":"74.61",
            "전용면적(평)":"22평",
            "법정동주소":"서울시 중랑구 상봉동 81-5",
            "도로명주소":"서울시 중랑구 망우로 346",
            "세대수":50,
            "입주년차":20,
            "용적률점수":"--",
            "건폐율점수":"--",
            "세대당주차수":60,
            "난방방식":30,
            "공급면적":"--",
            "전용률":"--",
            "욕실수":100,
            "현관타입":100,
            "주거총점":53.5,
            "지역구공급총점":100.0,
            "역세권":80,
            "30분내 이동가능 거점":0,
            "1시간내 이동가능 거점":60,
            "교통총점":52.0,
            "백화점":0,
            "아울렛몰":80,
            "대형마트":100,
            "은행":20,
            "병원":80,
            "종합병원":100,
            "공원":80,
            "혐오시설":0,
            "인프라총점":55.4,
            "초등학군":85.23,
            "중학군":48.1,
            "학군총점":55.526,
            "인구수":44.82,
            "인구증감":-9.32,
            "인구총점":28.578,
            "일자리":11.1,
            "소득수준":50.64,
            "일자리총점":22.962,
            "가치 총점":53.8489,
            "매매실거래년":20210309.0,
            "매매실거래가":105000.0,
            "전세실거래년":20211127.0,
            "전세실거래가":36750.0,
            "전세가율":58.8,
            "장기전세가율평균":70.62,
            "전세가율거품지수":11.82,
            "검색코드":8497,
            "세대수":504,
            "준공년월":"2003-12-01",
            "준공년차":20,
            "가까운역이름":"망우",
            "가까운역거리":258.59,
            "역세권여부":"역세권",
            "30분이내주요거점역":0,
            "1시간이내주요거점역":6,
            "3km이내백화점수":0,
            "5km이내아울렛몰수":1,
            "1km이내대형먀트수":2,
            "500m이내은행수":2,
            "500m이내병원수":31,
            "5km이내대형병원수":9,
            "500m이내공원수":1,
            "3km이내혐오시설수":0,
            "초등학교학업성취도":85.23,
            "중학교학업성취도":79.3,
            "용적률":600,
            "건폐율":31,
            "Y":37.597284,
            "X":127.091249,
            "rank":4.0,
            "area_info":"22평(74.61), 24평(80.41), 26평(85.98), 31평(102.73), 31평(102.98), 31평(102.77), 31평(102.68), 31평(102.62), 31평(103.06), 31평(103.09), 46평(152.54)",
            "last_sales":"2021-03-09,105000.0,46평(152.54)"
        },
        {
            "index":405,
            "아파트명":"데시앙",
            "투자타입":"일반",
            "전용면적(m2)":"81.72",
            "전용면적(평)":"24평",
            "법정동주소":"서울시 중랑구 신내동 317",
            "도로명주소":"서울시 중랑구 용마산로 669",
            "세대수":90,
            "입주년차":60,
            "용적률점수":"--",
            "건폐율점수":"--",
            "세대당주차수":30,
            "난방방식":100,
            "공급면적":"--",
            "전용률":"--",
            "욕실수":100,
            "현관타입":100,
            "주거총점":78.0,
            "지역구공급총점":100.0,
            "역세권":80,
            "30분내 이동가능 거점":0,
            "1시간내 이동가능 거점":40,
            "교통총점":48.0,
            "백화점":0,
            "아울렛몰":100,
            "대형마트":80,
            "은행":0,
            "병원":10,
            "종합병원":100,
            "공원":100,
            "혐오시설":0,
            "인프라총점":46.0,
            "초등학군":84.77,
            "중학군":40.52,
            "학군총점":49.37,
            "인구수":44.82,
            "인구증감":-9.32,
            "인구총점":28.578,
            "일자리":11.1,
            "소득수준":50.64,
            "일자리총점":22.962,
            "가치 총점":53.6055,
            "매매실거래년":20210904.0,
            "매매실거래가":93800.0,
            "전세실거래년":20211129.0,
            "전세실거래가":12702.0,
            "전세가율":16.12,
            "장기전세가율평균":70.62,
            "전세가율거품지수":54.5,
            "검색코드":100653,
            "세대수":1326,
            "준공년월":"2010-01-08",
            "준공년차":13,
            "가까운역이름":"신내",
            "가까운역거리":339.64,
            "역세권여부":"역세권",
            "30분이내주요거점역":0,
            "1시간이내주요거점역":4,
            "3km이내백화점수":0,
            "5km이내아울렛몰수":2,
            "1km이내대형먀트수":1,
            "500m이내은행수":1,
            "500m이내병원수":3,
            "5km이내대형병원수":8,
            "500m이내공원수":4,
            "3km이내혐오시설수":0,
            "초등학교학업성취도":84.77,
            "중학교학업성취도":66.6,
            "용적률":178,
            "건폐율":16,
            "Y":37.611298,
            "X":127.099925,
            "rank":5.0,
            "area_info":"24평(81.72), 31평(105.07), 32평(106.1), 32평(106.43), 32평(106.6), 32평(106.92), 42평(140.33), 42평(140.76), 42평(141.36), 43평(144.02)",
            "last_sales":"2021-09-04,93800.0,32평(106.1)"
        },
        {
            "index":462,
            "아파트명":"신내7단지진로",
            "투자타입":"일반",
            "전용면적(m2)":"124.96",
            "전용면적(평)":"37평",
            "법정동주소":"서울시 중랑구 신내동 654",
            "도로명주소":"서울시 중랑구 신내로17길 41",
            "세대수":80,
            "입주년차":0,
            "용적률점수":"--",
            "건폐율점수":"--",
            "세대당주차수":60,
            "난방방식":100,
            "공급면적":"--",
            "전용률":"--",
            "욕실수":100,
            "현관타입":100,
            "주거총점":67.0,
            "지역구공급총점":100.0,
            "역세권":80,
            "30분내 이동가능 거점":0,
            "1시간내 이동가능 거점":20,
            "교통총점":44.0,
            "백화점":0,
            "아울렛몰":80,
            "대형마트":80,
            "은행":20,
            "병원":60,
            "종합병원":100,
            "공원":100,
            "혐오시설":0,
            "인프라총점":51.0,
            "초등학군":84.77,
            "중학군":52.94,
            "학군총점":59.306,
            "인구수":44.82,
            "인구증감":-9.32,
            "인구총점":28.578,
            "일자리":11.1,
            "소득수준":50.64,
            "일자리총점":22.962,
            "가치 총점":52.9959,
            "매매실거래년":20211104.0,
            "매매실거래가":100000.0,
            "전세실거래년":20220108.0,
            "전세실거래가":44000.0,
            "전세가율":44.0,
            "장기전세가율평균":70.62,
            "전세가율거품지수":26.62,
            "검색코드":819,
            "세대수":818,
            "준공년월":"1995-12-06",
            "준공년차":28,
            "가까운역이름":"봉화산",
            "가까운역거리":351.87,
            "역세권여부":"역세권",
            "30분이내주요거점역":0,
            "1시간이내주요거점역":2,
            "3km이내백화점수":0,
            "5km이내아울렛몰수":1,
            "1km이내대형먀트수":1,
            "500m이내은행수":2,
            "500m이내병원수":13,
            "5km이내대형병원수":9,
            "500m이내공원수":5,
            "3km이내혐오시설수":0,
            "초등학교학업성취도":84.77,
            "중학교학업성취도":86.3,
            "용적률":210,
            "건폐율":25,
            "Y":37.614473,
            "X":127.093238,
            "rank":6.0,
            "area_info":"37평(124.96), 49평(162.35), 58평(194.23)",
            "last_sales":"2021-11-04,100000.0,37평(124.96)"
        },
        {
            "index":209,
            "아파트명":"e편한세상화랑대",
            "투자타입":"일반",
            "전용면적(m2)":"82.81",
            "전용면적(평)":"25평",
            "법정동주소":"서울시 중랑구 묵동 396",
            "도로명주소":"서울시 중랑구 숙선옹주로 45",
            "세대수":80,
            "입주년차":80,
            "용적률점수":"--",
            "건폐율점수":"--",
            "세대당주차수":30,
            "난방방식":30,
            "공급면적":"--",
            "전용률":"--",
            "욕실수":100,
            "현관타입":100,
            "주거총점":71.5,
            "지역구공급총점":100.0,
            "역세권":80,
            "30분내 이동가능 거점":0,
            "1시간내 이동가능 거점":50,
            "교통총점":50.0,
            "백화점":0,
            "아울렛몰":0,
            "대형마트":100,
            "은행":0,
            "병원":30,
            "종합병원":100,
            "공원":100,
            "혐오시설":-50,
            "인프라총점":40.0,
            "초등학군":91.42,
            "중학군":52.94,
            "학군총점":60.636,
            "인구수":44.82,
            "인구증감":-9.32,
            "인구총점":28.578,
            "일자리":11.1,
            "소득수준":50.64,
            "일자리총점":22.962,
            "가치 총점":52.8954,
            "매매실거래년":20210830.0,
            "매매실거래가":121000.0,
            "전세실거래년":20211119.0,
            "전세실거래가":57000.0,
            "전세가율":60.0,
            "장기전세가율평균":70.62,
            "전세가율거품지수":10.62,
            "검색코드":110153,
            "세대수":719,
            "준공년월":"2017-12-06",
            "준공년차":6,
            "가까운역이름":"화랑대",
            "가까운역거리":441.96,
            "역세권여부":"역세권",
            "30분이내주요거점역":0,
            "1시간이내주요거점역":5,
            "3km이내백화점수":0,
            "5km이내아울렛몰수":0,
            "1km이내대형먀트수":2,
            "500m이내은행수":1,
            "500m이내병원수":5,
            "5km이내대형병원수":10,
            "500m이내공원수":3,
            "3km이내혐오시설수":1,
            "초등학교학업성취도":91.42,
            "중학교학업성취도":86.3,
            "용적률":247,
            "건폐율":23,
            "Y":37.616439,
            "X":127.082631,
            "rank":7.0,
            "area_info":"25평(82.81), 25평(82.81), 25평(82.81), 24평(82.62), 25평(83.75), 25평(83.75), 31평(103.78), 31평(103.52), 34평(115.7), 34평(115.54), 34평(115.7), 34평(115.54), 34평(115.7), 34평(115.54), 35평(116.84), 35평(116.99), 39평(131.53)",
            "last_sales":"2021-08-30,121000.0,35평(116.84)"
        },
        {
            "index":286,
            "아파트명":"신내5단지두산대림",
            "투자타입":"일반",
            "전용면적(m2)":"124.14",
            "전용면적(평)":"37평",
            "법정동주소":"서울시 중랑구 묵동 20",
            "도로명주소":"서울시 중랑구 신내로21길 16",
            "세대수":90,
            "입주년차":0,
            "용적률점수":"--",
            "건폐율점수":"--",
            "세대당주차수":80,
            "난방방식":100,
            "공급면적":"--",
            "전용률":"--",
            "욕실수":100,
            "현관타입":100,
            "주거총점":73.5,
            "지역구공급총점":100.0,
            "역세권":80,
            "30분내 이동가능 거점":0,
            "1시간내 이동가능 거점":0,
            "교통총점":40.0,
            "백화점":0,
            "아울렛몰":80,
            "대형마트":80,
            "은행":20,
            "병원":60,
            "종합병원":100,
            "공원":100,
            "혐오시설":-50,
            "인프라총점":50.0,
            "초등학군":91.42,
            "중학군":52.94,
            "학군총점":60.636,
            "인구수":44.82,
            "인구증감":-9.32,
            "인구총점":28.578,
            "일자리":11.1,
            "소득수준":50.64,
            "일자리총점":22.962,
            "가치 총점":52.7954,
            "매매실거래년":20201228.0,
            "매매실거래가":93500.0,
            "전세실거래년":20200921.0,
            "전세실거래가":53000.0,
            "전세가율":70.5,
            "장기전세가율평균":70.62,
            "전세가율거품지수":0.12,
            "검색코드":811,
            "세대수":1244,
            "준공년월":"1995-12-04",
            "준공년차":28,
            "가까운역이름":"봉화산",
            "가까운역거리":279.99,
            "역세권여부":"역세권",
            "30분이내주요거점역":0,
            "1시간이내주요거점역":0,
            "3km이내백화점수":0,
            "5km이내아울렛몰수":1,
            "1km이내대형먀트수":1,
            "500m이내은행수":2,
            "500m이내병원수":10,
            "5km이내대형병원수":10,
            "500m이내공원수":4,
            "3km이내혐오시설수":1,
            "초등학교학업성취도":91.42,
            "중학교학업성취도":86.3,
            "용적률":198,
            "건폐율":24,
            "Y":37.616975,
            "X":127.088246,
            "rank":8.0,
            "area_info":"37평(124.14), 38평(126.48), 45평(151.72)",
            "last_sales":"2020-12-28,93500.0,45평(151.72)"
        },
        {
            "index":314,
            "아파트명":"건영2차",
            "투자타입":"일반",
            "전용면적(m2)":"73.56",
            "전용면적(평)":"22평",
            "법정동주소":"서울시 중랑구 상봉동 63",
            "도로명주소":"서울시 중랑구 신내로7나길 24",
            "세대수":90,
            "입주년차":0,
            "용적률점수":"--",
            "건폐율점수":"--",
            "세대당주차수":0,
            "난방방식":30,
            "공급면적":"--",
            "전용률":"--",
            "욕실수":50,
            "현관타입":100,
            "주거총점":49.5,
            "지역구공급총점":100.0,
            "역세권":80,
            "30분내 이동가능 거점":0,
            "1시간내 이동가능 거점":50,
            "교통총점":50.0,
            "백화점":0,
            "아울렛몰":80,
            "대형마트":100,
            "은행":20,
            "병원":80,
            "종합병원":100,
            "공원":100,
            "혐오시설":0,
            "인프라총점":56.0,
            "초등학군":86.87,
            "중학군":48.1,
            "학군총점":55.854,
            "인구수":44.82,
            "인구증감":-9.32,
            "인구총점":28.578,
            "일자리":11.1,
            "소득수준":50.64,
            "일자리총점":22.962,
            "가치 총점":52.5781,
            "매매실거래년":20211206.0,
            "매매실거래가":72200.0,
            "전세실거래년":20220105.0,
            "전세실거래가":29400.0,
            "전세가율":40.72,
            "장기전세가율평균":70.62,
            "전세가율거품지수":29.9,
            "검색코드":806,
            "세대수":1113,
            "준공년월":"1996-11-04",
            "준공년차":27,
            "가까운역이름":"망우",
            "가까운역거리":294.07,
            "역세권여부":"역세권",
            "30분이내주요거점역":0,
            "1시간이내주요거점역":5,
            "3km이내백화점수":0,
            "5km이내아울렛몰수":1,
            "1km이내대형먀트수":3,
            "500m이내은행수":2,
            "500m이내병원수":49,
            "5km이내대형병원수":9,
            "500m이내공원수":3,
            "3km이내혐오시설수":0,
            "초등학교학업성취도":86.87,
            "중학교학업성취도":79.3,
            "용적률":302,
            "건폐율":18,
            "Y":37.601264,
            "X":127.094451,
            "rank":9.0,
            "area_info":"22평(73.56), 28평(95.33), 29평(97.9), 33평(109.23)",
            "last_sales":"2021-12-06,72200.0,22평(73.56)"
        },
        {
            "index":36,
            "아파트명":"중랑해모로",
            "투자타입":"일반",
            "전용면적(m2)":"80.57",
            "전용면적(평)":"24평",
            "법정동주소":"서울시 중랑구 망우동 578",
            "도로명주소":"서울시 중랑구 양원역로6가길 19",
            "세대수":0,
            "입주년차":40,
            "용적률점수":"--",
            "건폐율점수":"--",
            "세대당주차수":60,
            "난방방식":30,
            "공급면적":"--",
            "전용률":"--",
            "욕실수":100,
            "현관타입":100,
            "주거총점":40.0,
            "지역구공급총점":100.0,
            "역세권":80,
            "30분내 이동가능 거점":0,
            "1시간내 이동가능 거점":20,
            "교통총점":44.0,
            "백화점":100,
            "아울렛몰":100,
            "대형마트":80,
            "은행":0,
            "병원":10,
            "종합병원":100,
            "공원":80,
            "혐오시설":0,
            "인프라총점":75.4,
            "초등학군":88.28,
            "중학군":31.14,
            "학군총점":42.568,
            "인구수":44.82,
            "인구증감":-9.32,
            "인구총점":28.578,
            "일자리":11.1,
            "소득수준":50.64,
            "일자리총점":22.962,
            "가치 총점":52.4052,
            "매매실거래년":20210614.0,
            "매매실거래가":80000.0,
            "전세실거래년":20200802.0,
            "전세실거래가":32000.0,
            "전세가율":53.78,
            "장기전세가율평균":70.62,
            "전세가율거품지수":16.84,
            "검색코드":22922,
            "세대수":174,
            "준공년월":"2007-05-16",
            "준공년차":16,
            "가까운역이름":"양원",
            "가까운역거리":483.02,
            "역세권여부":"역세권",
            "30분이내주요거점역":0,
            "1시간이내주요거점역":2,
            "3km이내백화점수":1,
            "5km이내아울렛몰수":2,
            "1km이내대형먀트수":1,
            "500m이내은행수":0,
            "500m이내병원수":2,
            "5km이내대형병원수":6,
            "500m이내공원수":1,
            "3km이내혐오시설수":0,
            "초등학교학업성취도":88.28,
            "중학교학업성취도":51.9,
            "용적률":250,
            "건폐율":24,
            "Y":37.602719,
            "X":127.110379,
            "rank":10.0,
            "area_info":"24평(80.57), 31평(102.97), 31평(104.24), 48평(159.26)",
            "last_sales":"2021-06-14,80000.0,48평(159.26)"
        },
        {
            "index":52,
            "아파트명":"해븐타워(도시형)",
            "투자타입":"일반",
            "전용면적(m2)":"15.65",
            "전용면적(평)":"4평",
            "법정동주소":"서울시 중랑구 망우동 490-8",
            "도로명주소":"서울시 중랑구 망우로 400",
            "세대수":0,
            "입주년차":100,
            "용적률점수":"--",
            "건폐율점수":"--",
            "세대당주차수":0,
            "난방방식":30,
            "공급면적":"--",
            "전용률":"--",
            "욕실수":50,
            "현관타입":100,
            "주거총점":38.0,
            "지역구공급총점":100.0,
            "역세권":80,
            "30분내 이동가능 거점":0,
            "1시간내 이동가능 거점":60,
            "교통총점":52.0,
            "백화점":0,
            "아울렛몰":80,
            "대형마트":100,
            "은행":70,
            "병원":80,
            "종합병원":100,
            "공원":80,
            "혐오시설":0,
            "인프라총점":60.4,
            "초등학군":86.87,
            "중학군":48.1,
            "학군총점":55.854,
            "인구수":44.82,
            "인구증감":-9.32,
            "인구총점":28.578,
            "일자리":11.1,
            "소득수준":50.64,
            "일자리총점":22.962,
            "가치 총점":52.2981,
            "매매실거래년":"18000101",
            "매매실거래가":null,
            "전세실거래년":20211007.0,
            "전세실거래가":14700.0,
            "전세가율":null,
            "장기전세가율평균":70.62,
            "전세가율거품지수":null,
            "검색코드":130887,
            "세대수":138,
            "준공년월":"2020-04-27",
            "준공년차":3,
            "가까운역이름":"망우",
            "가까운역거리":425.36,
            "역세권여부":"역세권",
            "30분이내주요거점역":0,
            "1시간이내주요거점역":6,
            "3km이내백화점수":0,
            "5km이내아울렛몰수":1,
            "1km이내대형먀트수":3,
            "500m이내은행수":3,
            "500m이내병원수":59,
            "5km이내대형병원수":9,
            "500m이내공원수":1,
            "3km이내혐오시설수":0,
            "초등학교학업성취도":86.87,
            "중학교학업성취도":79.3,
            "용적률":432,
            "건폐율":47,
            "Y":37.598745,
            "X":127.096629,
            "rank":11.0,
            "area_info":"4평(15.65), 5평(17.96), 5평(17.4), 6평(19.92), 8평(26.69), 8평(27.44), 9평(31.81), 10평(35.31), 10평(35.86), 11평(36.42), 12평(42.69), 12평(42.83), 13평(45.91), 14평(49.25)",
            "last_sales":"1800-01-01,nan,4평(15.65)"
        },
        {
            "index":322,
            "아파트명":"상봉듀오트리스",
            "투자타입":"일반",
            "전용면적(m2)":"147.44",
            "전용면적(평)":"44평",
            "법정동주소":"서울시 중랑구 상봉동 501",
            "도로명주소":"서울시 중랑구 상봉로 131",
            "세대수":0,
            "입주년차":80,
            "용적률점수":"--",
            "건폐율점수":"--",
            "세대당주차수":80,
            "난방방식":30,
            "공급면적":"--",
            "전용률":"--",
            "욕실수":100,
            "현관타입":100,
            "주거총점":51.0,
            "지역구공급총점":100.0,
            "역세권":80,
            "30분내 이동가능 거점":0,
            "1시간내 이동가능 거점":60,
            "교통총점":52.0,
            "백화점":0,
            "아울렛몰":80,
            "대형마트":100,
            "은행":0,
            "병원":60,
            "종합병원":100,
            "공원":80,
            "혐오시설":0,
            "인프라총점":51.4,
            "초등학군":86.87,
            "중학군":48.1,
            "학군총점":55.854,
            "인구수":44.82,
            "인구증감":-9.32,
            "인구총점":28.578,
            "일자리":11.1,
            "소득수준":50.64,
            "일자리총점":22.962,
            "가치 총점":52.1981,
            "매매실거래년":20210504.0,
            "매매실거래가":220000.0,
            "전세실거래년":20210407.0,
            "전세실거래가":57000.0,
            "전세가율":48.1,
            "장기전세가율평균":70.62,
            "전세가율거품지수":22.52,
            "검색코드":109281,
            "세대수":264,
            "준공년월":"2016-01-20",
            "준공년차":7,
            "가까운역이름":"망우",
            "가까운역거리":218.76,
            "역세권여부":"역세권",
            "30분이내주요거점역":0,
            "1시간이내주요거점역":6,
            "3km이내백화점수":0,
            "5km이내아울렛몰수":1,
            "1km이내대형먀트수":2,
            "500m이내은행수":1,
            "500m이내병원수":29,
            "5km이내대형병원수":9,
            "500m이내공원수":1,
            "3km이내혐오시설수":0,
            "초등학교학업성취도":86.87,
            "중학교학업성취도":79.3,
            "용적률":771,
            "건폐율":49,
            "Y":37.597597,
            "X":127.092208,
            "rank":12.0,
            "area_info":"44평(147.44), 50평(165.99), 57평(189.12), 77평(256.24), 98평(324.01)",
            "last_sales":"2021-05-04,220000.0,98평(324.01)"
        },
        {
            "index":529,
            "아파트명":"세광",
            "투자타입":"재건축",
            "전용면적(m2)":"38.62",
            "전용면적(평)":"11평",
            "법정동주소":"서울시 중랑구 중화동 296-44",
            "도로명주소":"서울시 중랑구 동일로121길 20",
            "세대수":0,
            "입주년차":"--",
            "용적률점수":100,
            "건폐율점수":40,
            "세대당주차수":"--",
            "난방방식":"--",
            "공급면적":50,
            "전용률":60,
            "욕실수":"--",
            "현관타입":"--",
            "주거총점":53.5,
            "지역구공급총점":100.0,
            "역세권":80,
            "30분내 이동가능 거점":0,
            "1시간내 이동가능 거점":60,
            "교통총점":52.0,
            "백화점":0,
            "아울렛몰":0,
            "대형마트":80,
            "은행":100,
            "병원":80,
            "종합병원":100,
            "공원":100,
            "혐오시설":0,
            "인프라총점":53.0,
            "초등학군":85.23,
            "중학군":38.58,
            "학군총점":47.91,
            "인구수":44.82,
            "인구증감":-9.32,
            "인구총점":28.578,
            "일자리":11.1,
            "소득수준":50.64,
            "일자리총점":22.962,
            "가치 총점":51.9865,
            "매매실거래년":"18000101",
            "매매실거래가":null,
            "전세실거래년":null,
            "전세실거래가":null,
            "전세가율":null,
            "장기전세가율평균":70.62,
            "전세가율거품지수":null,
            "검색코드":15902,
            "세대수":210,
            "준공년월":"1986-08-20",
            "준공년차":37,
            "가까운역이름":"중랑",
            "가까운역거리":319.42,
            "역세권여부":"역세권",
            "30분이내주요거점역":0,
            "1시간이내주요거점역":6,
            "3km이내백화점수":0,
            "5km이내아울렛몰수":0,
            "1km이내대형먀트수":1,
            "500m이내은행수":5,
            "500m이내병원수":38,
            "5km이내대형병원수":11,
            "500m이내공원수":3,
            "3km이내혐오시설수":0,
            "초등학교학업성취도":85.23,
            "중학교학업성취도":63.7,
            "용적률":118,
            "건폐율":39,
            "Y":37.596335,
            "X":127.079269,
            "rank":13.0,
            "area_info":"11평(38.62), 11평(38.47), 11평(38.47), 16평(54.24), 16평(54.89)",
            "last_sales":"1800-01-01,nan,11평(38.62)"
        },
        {
            "index":45,
            "아파트명":"한일써너스빌리젠시1단지",
            "투자타입":"일반",
            "전용면적(m2)":"111.27",
            "전용면적(평)":"33평",
            "법정동주소":"서울시 중랑구 망우동 479",
            "도로명주소":"서울시 중랑구 용마산로115길 109",
            "세대수":0,
            "입주년차":40,
            "용적률점수":"--",
            "건폐율점수":"--",
            "세대당주차수":80,
            "난방방식":30,
            "공급면적":"--",
            "전용률":"--",
            "욕실수":100,
            "현관타입":100,
            "주거총점":43.0,
            "지역구공급총점":100.0,
            "역세권":80,
            "30분내 이동가능 거점":0,
            "1시간내 이동가능 거점":60,
            "교통총점":52.0,
            "백화점":0,
            "아울렛몰":80,
            "대형마트":100,
            "은행":20,
            "병원":80,
            "종합병원":100,
            "공원":100,
            "혐오시설":0,
            "인프라총점":56.0,
            "초등학군":86.87,
            "중학군":48.1,
            "학군총점":55.854,
            "인구수":44.82,
            "인구증감":-9.32,
            "인구총점":28.578,
            "일자리":11.1,
            "소득수준":50.64,
            "일자리총점":22.962,
            "가치 총점":51.9781,
            "매매실거래년":20210626.0,
            "매매실거래가":97000.0,
            "전세실거래년":20210701.0,
            "전세실거래가":42000.0,
            "전세가율":55.63,
            "장기전세가율평균":70.62,
            "전세가율거품지수":14.99,
            "검색코드":22842,
            "세대수":128,
            "준공년월":"2008-04-01",
            "준공년차":15,
            "가까운역이름":"망우",
            "가까운역거리":291.86,
            "역세권여부":"역세권",
            "30분이내주요거점역":0,
            "1시간이내주요거점역":6,
            "3km이내백화점수":0,
            "5km이내아울렛몰수":1,
            "1km이내대형먀트수":2,
            "500m이내은행수":2,
            "500m이내병원수":40,
            "5km이내대형병원수":9,
            "500m이내공원수":2,
            "3km이내혐오시설수":0,
            "초등학교학업성취도":86.87,
            "중학교학업성취도":79.3,
            "용적률":746,
            "건폐율":49,
            "Y":37.597457,
            "X":127.093908,
            "rank":14.0,
            "area_info":"33평(111.27), 33평(111.37), 33평(111.3)",
            "last_sales":"2021-06-26,97000.0,33평(111.3)"
        },
        {
            "index":48,
            "아파트명":"한일써너스빌리젠시2단지",
            "투자타입":"일반",
            "전용면적(m2)":"106.62",
            "전용면적(평)":"32평",
            "법정동주소":"서울시 중랑구 망우동 495",
            "도로명주소":"서울시 중랑구",
            "세대수":0,
            "입주년차":40,
            "용적률점수":"--",
            "건폐율점수":"--",
            "세대당주차수":80,
            "난방방식":30,
            "공급면적":"--",
            "전용률":"--",
            "욕실수":100,
            "현관타입":100,
            "주거총점":43.0,
            "지역구공급총점":100.0,
            "역세권":80,
            "30분내 이동가능 거점":0,
            "1시간내 이동가능 거점":60,
            "교통총점":52.0,
            "백화점":0,
            "아울렛몰":80,
            "대형마트":100,
            "은행":20,
            "병원":80,
            "종합병원":100,
            "공원":100,
            "혐오시설":0,
            "인프라총점":56.0,
            "초등학군":86.87,
            "중학군":48.1,
            "학군총점":55.854,
            "인구수":44.82,
            "인구증감":-9.32,
            "인구총점":28.578,
            "일자리":11.1,
            "소득수준":50.64,
            "일자리총점":22.962,
            "가치 총점":51.9781,
            "매매실거래년":20220102.0,
            "매매실거래가":70000.0,
            "전세실거래년":20190711.0,
            "전세실거래가":12000.0,
            "전세가율":17.14,
            "장기전세가율평균":70.62,
            "전세가율거품지수":53.48,
            "검색코드":22843,
            "세대수":146,
            "준공년월":"2008-04-01",
            "준공년차":15,
            "가까운역이름":"망우",
            "가까운역거리":303.42,
            "역세권여부":"역세권",
            "30분이내주요거점역":0,
            "1시간이내주요거점역":6,
            "3km이내백화점수":0,
            "5km이내아울렛몰수":1,
            "1km이내대형먀트수":2,
            "500m이내은행수":2,
            "500m이내병원수":47,
            "5km이내대형병원수":9,
            "500m이내공원수":2,
            "3km이내혐오시설수":0,
            "초등학교학업성취도":86.87,
            "중학교학업성취도":79.3,
            "용적률":741,
            "건폐율":51,
            "Y":37.597777,
            "X":127.094527,
            "rank":14.0,
            "area_info":"32평(106.62), 32평(107.05), 32평(107.19), 40평(133.53)",
            "last_sales":"2022-01-02,70000.0,32평(106.62)"
        },
        {
            "index":540,
            "아파트명":"중화동양엔파트2차",
            "투자타입":"일반",
            "전용면적(m2)":"109.68",
            "전용면적(평)":"33평",
            "법정동주소":"서울시 중랑구 중화동 454",
            "도로명주소":"서울시 중랑구 중랑천로14길 34",
            "세대수":0,
            "입주년차":60,
            "용적률점수":"--",
            "건폐율점수":"--",
            "세대당주차수":30,
            "난방방식":30,
            "공급면적":"--",
            "전용률":"--",
            "욕실수":100,
            "현관타입":100,
            "주거총점":39.5,
            "지역구공급총점":100.0,
            "역세권":80,
            "30분내 이동가능 거점":0,
            "1시간내 이동가능 거점":60,
            "교통총점":52.0,
            "백화점":100,
            "아울렛몰":0,
            "대형마트":0,
            "은행":0,
            "병원":80,
            "종합병원":100,
            "공원":100,
            "혐오시설":0,
            "인프라총점":61.0,
            "초등학군":88.26,
            "중학군":38.58,
            "학군총점":48.516,
            "인구수":44.82,
            "인구증감":-9.32,
            "인구총점":28.578,
            "일자리":11.1,
            "소득수준":50.64,
            "일자리총점":22.962,
            "가치 총점":51.6774,
            "매매실거래년":20210804.0,
            "매매실거래가":90000.0,
            "전세실거래년":20210930.0,
            "전세실거래가":43000.0,
            "전세가율":47.78,
            "장기전세가율평균":70.62,
            "전세가율거품지수":22.84,
            "검색코드":103428,
            "세대수":118,
            "준공년월":"2013-03-07",
            "준공년차":10,
            "가까운역이름":"중랑",
            "가까운역거리":154.36,
            "역세권여부":"역세권",
            "30분이내주요거점역":0,
            "1시간이내주요거점역":6,
            "3km이내백화점수":1,
            "5km이내아울렛몰수":0,
            "1km이내대형먀트수":0,
            "500m이내은행수":1,
            "500m이내병원수":34,
            "5km이내대형병원수":11,
            "500m이내공원수":4,
            "3km이내혐오시설수":0,
            "초등학교학업성취도":88.26,
            "중학교학업성취도":63.7,
            "용적률":402,
            "건폐율":29,
            "Y":37.594334,
            "X":127.074526,
            "rank":15.0,
            "area_info":"33평(109.68), 33평(109.34), 37평(124.23)",
            "last_sales":"2021-08-04,90000.0,33평(109.68)"
        },
        {
            "index":534,
            "아파트명":"중화동양엔파트",
            "투자타입":"일반",
            "전용면적(m2)":"104.81",
            "전용면적(평)":"31평",
            "법정동주소":"서울시 중랑구 중화동 208-33",
            "도로명주소":"서울시 중랑구 망우로 203",
            "세대수":0,
            "입주년차":60,
            "용적률점수":"--",
            "건폐율점수":"--",
            "세대당주차수":60,
            "난방방식":30,
            "공급면적":"--",
            "전용률":"--",
            "욕실수":100,
            "현관타입":50,
            "주거총점":39.0,
            "지역구공급총점":100.0,
            "역세권":80,
            "30분내 이동가능 거점":0,
            "1시간내 이동가능 거점":60,
            "교통총점":52.0,
            "백화점":100,
            "아울렛몰":0,
            "대형마트":0,
            "은행":0,
            "병원":80,
            "종합병원":100,
            "공원":100,
            "혐오시설":0,
            "인프라총점":61.0,
            "초등학군":88.26,
            "중학군":38.58,
            "학군총점":48.516,
            "인구수":44.82,
            "인구증감":-9.32,
            "인구총점":28.578,
            "일자리":11.1,
            "소득수준":50.64,
            "일자리총점":22.962,
            "가치 총점":51.5774,
            "매매실거래년":20210721.0,
            "매매실거래가":79700.0,
            "전세실거래년":20210423.0,
            "전세실거래가":53000.0,
            "전세가율":100.0,
            "장기전세가율평균":70.62,
            "전세가율거품지수":-29.38,
            "검색코드":26741,
            "세대수":103,
            "준공년월":"2010-05-25",
            "준공년차":13,
            "가까운역이름":"중랑",
            "가까운역거리":184.13,
            "역세권여부":"역세권",
            "30분이내주요거점역":0,
            "1시간이내주요거점역":6,
            "3km이내백화점수":1,
            "5km이내아울렛몰수":0,
            "1km이내대형먀트수":0,
            "500m이내은행수":1,
            "500m이내병원수":34,
            "5km이내대형병원수":11,
            "500m이내공원수":2,
            "3km이내혐오시설수":0,
            "초등학교학업성취도":88.26,
            "중학교학업성취도":63.7,
            "용적률":363,
            "건폐율":53,
            "Y":37.593847,
            "X":127.074521,
            "rank":16.0,
            "area_info":"31평(104.81), 31평(104.76), 31평(105.12), 31평(105.67), 31평(105.29), 32평(105.9)",
            "last_sales":"2021-07-21,79700.0,32평(105.9)"
        },
        {
            "index":554,
            "아파트명":"한신",
            "투자타입":"일반",
            "전용면적(m2)":"72.11",
            "전용면적(평)":"21평",
            "법정동주소":"서울시 중랑구 중화동 450",
            "도로명주소":"서울시 중랑구 동일로 752",
            "세대수":100,
            "입주년차":0,
            "용적률점수":"--",
            "건폐율점수":"--",
            "세대당주차수":0,
            "난방방식":30,
            "공급면적":"--",
            "전용률":"--",
            "욕실수":50,
            "현관타입":10,
            "주거총점":44.0,
            "지역구공급총점":100.0,
            "역세권":80,
            "30분내 이동가능 거점":0,
            "1시간내 이동가능 거점":60,
            "교통총점":52.0,
            "백화점":0,
            "아울렛몰":0,
            "대형마트":100,
            "은행":100,
            "병원":80,
            "종합병원":100,
            "공원":100,
            "혐오시설":0,
            "인프라총점":56.0,
            "초등학군":85.23,
            "중학군":38.58,
            "학군총점":47.91,
            "인구수":44.82,
            "인구증감":-9.32,
            "인구총점":28.578,
            "일자리":11.1,
            "소득수준":50.64,
            "일자리총점":22.962,
            "가치 총점":50.9865,
            "매매실거래년":20211021.0,
            "매매실거래가":83200.0,
            "전세실거래년":20211120.0,
            "전세실거래가":26250.0,
            "전세가율":37.5,
            "장기전세가율평균":70.62,
            "전세가율거품지수":33.12,
            "검색코드":824,
            "세대수":1544,
            "준공년월":"1997-10-11",
            "준공년차":26,
            "가까운역이름":"상봉",
            "가까운역거리":252.96,
            "역세권여부":"역세권",
            "30분이내주요거점역":0,
            "1시간이내주요거점역":6,
            "3km이내백화점수":0,
            "5km이내아울렛몰수":0,
            "1km이내대형먀트수":2,
            "500m이내은행수":5,
            "500m이내병원수":52,
            "5km이내대형병원수":9,
            "500m이내공원수":4,
            "3km이내혐오시설수":0,
            "초등학교학업성취도":85.23,
            "중학교학업성취도":63.7,
            "용적률":376,
            "건폐율":20,
            "Y":37.59726,
            "X":127.082394,
            "rank":17.0,
            "area_info":"21평(72.11), 25평(82.77), 26평(87.43), 32평(108.6), 32평(108.91), 33평(110.05), 33평(110.69), 35평(116.49)",
            "last_sales":"2021-10-21,83200.0,25평(82.77)"
        },
        {
            "index":350,
            "아파트명":"상봉우정",
            "투자타입":"일반",
            "전용면적(m2)":"81.99",
            "전용면적(평)":"24평",
            "법정동주소":"서울시 중랑구 상봉동 496",
            "도로명주소":"서울시 중랑구 상봉중앙로1다길 21",
            "세대수":30,
            "입주년차":20,
            "용적률점수":"--",
            "건폐율점수":"--",
            "세대당주차수":30,
            "난방방식":30,
            "공급면적":"--",
            "전용률":"--",
            "욕실수":50,
            "현관타입":100,
            "주거총점":37.0,
            "지역구공급총점":100.0,
            "역세권":80,
            "30분내 이동가능 거점":0,
            "1시간내 이동가능 거점":60,
            "교통총점":52.0,
            "백화점":0,
            "아울렛몰":80,
            "대형마트":100,
            "은행":20,
            "병원":80,
            "종합병원":100,
            "공원":100,
            "혐오시설":0,
            "인프라총점":56.0,
            "초등학군":85.23,
            "중학군":48.1,
            "학군총점":55.526,
            "인구수":44.82,
            "인구증감":-9.32,
            "인구총점":28.578,
            "일자리":11.1,
            "소득수준":50.64,
            "일자리총점":22.962,
            "가치 총점":50.7289,
            "매매실거래년":20210812.0,
            "매매실거래가":78000.0,
            "전세실거래년":20220108.0,
            "전세실거래가":33600.0,
            "전세가율":43.08,
            "장기전세가율평균":70.62,
            "전세가율거품지수":27.54,
            "검색코드":3469,
            "세대수":375,
            "준공년월":"2002-05-14",
            "준공년차":21,
            "가까운역이름":"망우",
            "가까운역거리":287.67,
            "역세권여부":"역세권",
            "30분이내주요거점역":0,
            "1시간이내주요거점역":6,
            "3km이내백화점수":0,
            "5km이내아울렛몰수":1,
            "1km이내대형먀트수":2,
            "500m이내은행수":2,
            "500m이내병원수":30,
            "5km이내대형병원수":9,
            "500m이내공원수":2,
            "3km이내혐오시설수":0,
            "초등학교학업성취도":85.23,
            "중학교학업성취도":79.3,
            "용적률":297,
            "건폐율":19,
            "Y":37.599697,
            "X":127.088649,
            "rank":18.0,
            "area_info":"24평(81.99), 33평(111.19), 42평(140.45)",
            "last_sales":"2021-08-12,78000.0,24평(81.99)"
        },
        {
            "index":318,
            "아파트명":"건영캐스빌",
            "투자타입":"일반",
            "전용면적(m2)":"108.33",
            "전용면적(평)":"32평",
            "법정동주소":"서울시 중랑구 상봉동 499",
            "도로명주소":"서울시 중랑구 상봉중앙로8길 76",
            "세대수":50,
            "입주년차":40,
            "용적률점수":"--",
            "건폐율점수":"--",
            "세대당주차수":30,
            "난방방식":30,
            "공급면적":"--",
            "전용률":"--",
            "욕실수":100,
            "현관타입":100,
            "주거총점":53.0,
            "지역구공급총점":100.0,
            "역세권":80,
            "30분내 이동가능 거점":0,
            "1시간내 이동가능 거점":40,
            "교통총점":48.0,
            "백화점":0,
            "아울렛몰":80,
            "대형마트":100,
            "은행":0,
            "병원":60,
            "종합병원":100,
            "공원":80,
            "혐오시설":0,
            "인프라총점":51.4,
            "초등학군":86.87,
            "중학군":44.12,
            "학군총점":52.67,
            "인구수":44.82,
            "인구증감":-9.32,
            "인구총점":28.578,
            "일자리":11.1,
            "소득수준":50.64,
            "일자리총점":22.962,
            "가치 총점":50.7205,
            "매매실거래년":20211119.0,
            "매매실거래가":99000.0,
            "전세실거래년":20211227.0,
            "전세실거래가":63000.0,
            "전세가율":63.64,
            "장기전세가율평균":70.62,
            "전세가율거품지수":6.98,
            "검색코드":9644,
            "세대수":467,
            "준공년월":"2006-02-10",
            "준공년차":17,
            "가까운역이름":"망우",
            "가까운역거리":346.86,
            "역세권여부":"역세권",
            "30분이내주요거점역":0,
            "1시간이내주요거점역":4,
            "3km이내백화점수":0,
            "5km이내아울렛몰수":1,
            "1km이내대형먀트수":2,
            "500m이내은행수":1,
            "500m이내병원수":25,
            "5km이내대형병원수":9,
            "500m이내공원수":1,
            "3km이내혐오시설수":0,
            "초등학교학업성취도":86.87,
            "중학교학업성취도":72.0,
            "용적률":257,
            "건폐율":19,
            "Y":37.602637,
            "X":127.091343,
            "rank":19.0,
            "area_info":"32평(108.33)",
            "last_sales":"2021-11-19,99000.0,32평(108.33)"
        },
        {
            "index":136,
            "아파트명":"사가정센트럴아이파크",
            "투자타입":"일반",
            "전용면적(m2)":"87.37",
            "전용면적(평)":"26평",
            "법정동주소":"서울시 중랑구 면목동 1545",
            "도로명주소":"서울시 중랑구 동일로92길 40",
            "세대수":100,
            "입주년차":100,
            "용적률점수":"--",
            "건폐율점수":"--",
            "세대당주차수":60,
            "난방방식":30,
            "공급면적":"--",
            "전용률":"--",
            "욕실수":100,
            "현관타입":100,
            "주거총점":87.0,
            "지역구공급총점":100.0,
            "역세권":50,
            "30분내 이동가능 거점":0,
            "1시간내 이동가능 거점":80,
            "교통총점":41.0,
            "백화점":0,
            "아울렛몰":0,
            "대형마트":80,
            "은행":0,
            "병원":30,
            "종합병원":100,
            "공원":100,
            "혐오시설":-50,
            "인프라총점":37.0,
            "초등학군":94.07,
            "중학군":41.2,
            "학군총점":51.774,
            "인구수":44.82,
            "인구증감":-9.32,
            "인구총점":28.578,
            "일자리":11.1,
            "소득수준":50.64,
            "일자리총점":22.962,
            "가치 총점":50.6161,
            "매매실거래년":20210504.0,
            "매매실거래가":123000.0,
            "전세실거래년":20210828.0,
            "전세실거래가":69000.0,
            "전세가율":76.88,
            "장기전세가율평균":70.62,
            "전세가율거품지수":-6.26,
            "검색코드":119588,
            "세대수":1505,
            "준공년월":"2020-07-30",
            "준공년차":3,
            "가까운역이름":"사가정",
            "가까운역거리":610.69,
            "역세권여부":"준역세권",
            "30분이내주요거점역":0,
            "1시간이내주요거점역":8,
            "3km이내백화점수":0,
            "5km이내아울렛몰수":0,
            "1km이내대형먀트수":1,
            "500m이내은행수":1,
            "500m이내병원수":6,
            "5km이내대형병원수":11,
            "500m이내공원수":4,
            "3km이내혐오시설수":1,
            "초등학교학업성취도":94.07,
            "중학교학업성취도":68.4,
            "용적률":299,
            "건폐율":18,
            "Y":37.582679,
            "X":127.081924,
            "rank":20.0,
            "area_info":"26평(87.37), 26평(88.4), 33평(112.26), 34평(113.17), 43평(143.01), 43평(144.02)",
            "last_sales":"2021-05-04,123000.0,34평(113.17)"
        },
        {
            "index":319,
            "아파트명":"동부",
            "투자타입":"일반",
            "전용면적(m2)":"82.98",
            "전용면적(평)":"25평",
            "법정동주소":"서울시 중랑구 상봉동 495",
            "도로명주소":"서울시 중랑구 신내로7가길 31",
            "세대수":30,
            "입주년차":20,
            "용적률점수":"--",
            "건폐율점수":"--",
            "세대당주차수":30,
            "난방방식":30,
            "공급면적":"--",
            "전용률":"--",
            "욕실수":50,
            "현관타입":50,
            "주거총점":32.0,
            "지역구공급총점":100.0,
            "역세권":80,
            "30분내 이동가능 거점":0,
            "1시간내 이동가능 거점":50,
            "교통총점":50.0,
            "백화점":0,
            "아울렛몰":80,
            "대형마트":100,
            "은행":70,
            "병원":80,
            "종합병원":100,
            "공원":100,
            "혐오시설":0,
            "인프라총점":61.0,
            "초등학군":86.87,
            "중학군":44.12,
            "학군총점":52.67,
            "인구수":44.82,
            "인구증감":-9.32,
            "인구총점":28.578,
            "일자리":11.1,
            "소득수준":50.64,
            "일자리총점":22.962,
            "가치 총점":50.1005,
            "매매실거래년":20210904.0,
            "매매실거래가":84500.0,
            "전세실거래년":20220112.0,
            "전세실거래가":27000.0,
            "전세가율":42.99,
            "장기전세가율평균":70.62,
            "전세가율거품지수":27.63,
            "검색코드":895,
            "세대수":368,
            "준공년월":"1999-04-29",
            "준공년차":24,
            "가까운역이름":"망우",
            "가까운역거리":337.35,
            "역세권여부":"역세권",
            "30분이내주요거점역":0,
            "1시간이내주요거점역":5,
            "3km이내백화점수":0,
            "5km이내아울렛몰수":1,
            "1km이내대형먀트수":2,
            "500m이내은행수":3,
            "500m이내병원수":50,
            "5km이내대형병원수":9,
            "500m이내공원수":2,
            "3km이내혐오시설수":0,
            "초등학교학업성취도":86.87,
            "중학교학업성취도":72.0,
            "용적률":319,
            "건폐율":25,
            "Y":37.602018,
            "X":127.094136,
            "rank":21.0,
            "area_info":"25평(82.98), 33평(109.98), 43평(144.58)",
            "last_sales":"2021-09-04,84500.0,33평(109.98)"
        },
        {
            "index":4,
            "아파트명":"경남",
            "투자타입":"재건축",
            "전용면적(m2)":"64.04",
            "전용면적(평)":"19평",
            "법정동주소":"서울시 중랑구 망우동 226",
            "도로명주소":"서울시 중랑구 양원역로 37",
            "세대수":0,
            "입주년차":"--",
            "용적률점수":100,
            "건폐율점수":80,
            "세대당주차수":"--",
            "난방방식":"--",
            "공급면적":50,
            "전용률":80,
            "욕실수":"--",
            "현관타입":"--",
            "주거총점":62.5,
            "지역구공급총점":100.0,
            "역세권":80,
            "30분내 이동가능 거점":0,
            "1시간내 이동가능 거점":40,
            "교통총점":48.0,
            "백화점":0,
            "아울렛몰":100,
            "대형마트":80,
            "은행":0,
            "병원":30,
            "종합병원":100,
            "공원":100,
            "혐오시설":0,
            "인프라총점":48.0,
            "초등학군":88.28,
            "중학군":31.14,
            "학군총점":42.568,
            "인구수":44.82,
            "인구증감":-9.32,
            "인구총점":28.578,
            "일자리":11.1,
            "소득수준":50.64,
            "일자리총점":22.962,
            "가치 총점":50.0852,
            "매매실거래년":20210816.0,
            "매매실거래가":64000.0,
            "전세실거래년":20211120.0,
            "전세실거래가":14700.0,
            "전세가율":33.03,
            "장기전세가율평균":70.62,
            "전세가율거품지수":37.59,
            "검색코드":1241,
            "세대수":250,
            "준공년월":"1989-05-20",
            "준공년차":34,
            "가까운역이름":"양원",
            "가까운역거리":339.01,
            "역세권여부":"역세권",
            "30분이내주요거점역":0,
            "1시간이내주요거점역":4,
            "3km이내백화점수":0,
            "5km이내아울렛몰수":2,
            "1km이내대형먀트수":1,
            "500m이내은행수":0,
            "500m이내병원수":8,
            "5km이내대형병원수":8,
            "500m이내공원수":2,
            "3km이내혐오시설수":0,
            "초등학교학업성취도":88.28,
            "중학교학업성취도":51.9,
            "용적률":130,
            "건폐율":26,
            "Y":37.603753,
            "X":127.106516,
            "rank":22.0,
            "area_info":"19평(64.04), 21평(71.87), 29평(96.02)",
            "last_sales":"2021-08-16,64000.0,29평(96.02)"
        },
        {
            "index":7,
            "아파트명":"신내역금강펜테리움센트럴파크",
            "투자타입":"일반",
            "전용면적(m2)":"103.4",
            "전용면적(평)":"31평",
            "법정동주소":"서울시 중랑구 망우동 26번지 일원",
            "도로명주소":"서울시 중랑구 용마산로136길 160",
            "세대수":50,
            "입주년차":100,
            "용적률점수":"--",
            "건폐율점수":"--",
            "세대당주차수":30,
            "난방방식":100,
            "공급면적":"--",
            "전용률":"--",
            "욕실수":100,
            "현관타입":100,
            "주거총점":72.0,
            "지역구공급총점":100.0,
            "역세권":80,
            "30분내 이동가능 거점":0,
            "1시간내 이동가능 거점":20,
            "교통총점":44.0,
            "백화점":0,
            "아울렛몰":100,
            "대형마트":80,
            "은행":0,
            "병원":0,
            "종합병원":100,
            "공원":0,
            "혐오시설":0,
            "인프라총점":42.0,
            "초등학군":88.28,
            "중학군":40.52,
            "학군총점":50.072,
            "인구수":44.82,
            "인구증감":-9.32,
            "인구총점":28.578,
            "일자리":11.1,
            "소득수준":50.64,
            "일자리총점":22.962,
            "가치 총점":49.9108,
            "매매실거래년":20210618.0,
            "매매실거래가":58760.0,
            "전세실거래년":null,
            "전세실거래가":null,
            "전세가율":null,
            "장기전세가율평균":70.62,
            "전세가율거품지수":null,
            "검색코드":125357,
            "세대수":490,
            "준공년월":"2021-07-29",
            "준공년차":2,
            "가까운역이름":"양원",
            "가까운역거리":291.86,
            "역세권여부":"역세권",
            "30분이내주요거점역":0,
            "1시간이내주요거점역":2,
            "3km이내백화점수":0,
            "5km이내아울렛몰수":2,
            "1km이내대형먀트수":1,
            "500m이내은행수":0,
            "500m이내병원수":0,
            "5km이내대형병원수":7,
            "500m이내공원수":0,
            "3km이내혐오시설수":0,
            "초등학교학업성취도":88.28,
            "중학교학업성취도":66.6,
            "용적률":179,
            "건폐율":12,
            "Y":37.609041,
            "X":127.109111,
            "rank":23.0,
            "area_info":"31평(103.4), 33평(109.17)",
            "last_sales":"2021-06-18,58760.0,33평(109.17)"
        },
        {
            "index":173,
            "아파트명":"주함해븐타워원(도시형)",
            "투자타입":"일반",
            "전용면적(m2)":"22.78",
            "전용면적(평)":"6평",
            "법정동주소":"서울시 중랑구 면목동 1541",
            "도로명주소":"서울시 중랑구 봉우재로 130",
            "세대수":0,
            "입주년차":100,
            "용적률점수":"--",
            "건폐율점수":"--",
            "세대당주차수":0,
            "난방방식":30,
            "공급면적":"--",
            "전용률":"--",
            "욕실수":50,
            "현관타입":100,
            "주거총점":38.0,
            "지역구공급총점":100.0,
            "역세권":80,
            "30분내 이동가능 거점":0,
            "1시간내 이동가능 거점":70,
            "교통총점":54.0,
            "백화점":0,
            "아울렛몰":0,
            "대형마트":100,
            "은행":20,
            "병원":100,
            "종합병원":100,
            "공원":100,
            "혐오시설":0,
            "인프라총점":50.0,
            "초등학군":86.18,
            "중학군":45.18,
            "학군총점":53.38,
            "인구수":44.82,
            "인구증감":-9.32,
            "인구총점":28.578,
            "일자리":11.1,
            "소득수준":50.64,
            "일자리총점":22.962,
            "가치 총점":49.507,
            "매매실거래년":"18000101",
            "매매실거래가":null,
            "전세실거래년":null,
            "전세실거래가":null,
            "전세가율":null,
            "장기전세가율평균":70.62,
            "전세가율거품지수":null,
            "검색코드":135089,
            "세대수":153,
            "준공년월":"2020-09-01",
            "준공년차":3,
            "가까운역이름":"면목",
            "가까운역거리":419.57,
            "역세권여부":"역세권",
            "30분이내주요거점역":0,
            "1시간이내주요거점역":7,
            "3km이내백화점수":0,
            "5km이내아울렛몰수":0,
            "1km이내대형먀트수":2,
            "500m이내은행수":2,
            "500m이내병원수":60,
            "5km이내대형병원수":8,
            "500m이내공원수":6,
            "3km이내혐오시설수":0,
            "초등학교학업성취도":86.18,
            "중학교학업성취도":74.7,
            "용적률":248,
            "건폐율":31,
            "Y":37.59235,
            "X":127.087336,
            "rank":24.0,
            "area_info":"6평(22.78), 7평(25.34), 8평(27.27), 12평(41.93)",
            "last_sales":"1800-01-01,nan,6평(22.78)"
        },
        {
            "index":311,
            "아파트명":"LG쌍용",
            "투자타입":"일반",
            "전용면적(m2)":"91.4",
            "전용면적(평)":"27평",
            "법정동주소":"서울시 중랑구 상봉동 484",
            "도로명주소":"서울시 중랑구 봉화산로 130",
            "세대수":80,
            "입주년차":0,
            "용적률점수":"--",
            "건폐율점수":"--",
            "세대당주차수":0,
            "난방방식":100,
            "공급면적":"--",
            "전용률":"--",
            "욕실수":50,
            "현관타입":10,
            "주거총점":44.0,
            "지역구공급총점":100.0,
            "역세권":80,
            "30분내 이동가능 거점":0,
            "1시간내 이동가능 거점":60,
            "교통총점":52.0,
            "백화점":0,
            "아울렛몰":80,
            "대형마트":100,
            "은행":0,
            "병원":10,
            "종합병원":100,
            "공원":100,
            "혐오시설":0,
            "인프라총점":47.0,
            "초등학군":86.95,
            "중학군":48.1,
            "학군총점":55.87,
            "인구수":44.82,
            "인구증감":-9.32,
            "인구총점":28.578,
            "일자리":11.1,
            "소득수준":50.64,
            "일자리총점":22.962,
            "가치 총점":49.4805,
            "매매실거래년":20210810.0,
            "매매실거래가":73000.0,
            "전세실거래년":20220113.0,
            "전세실거래가":40000.0,
            "전세가율":54.79,
            "장기전세가율평균":70.62,
            "전세가율거품지수":15.83,
            "검색코드":8154,
            "세대수":858,
            "준공년월":"1996-03-27",
            "준공년차":27,
            "가까운역이름":"망우",
            "가까운역거리":494.79,
            "역세권여부":"역세권",
            "30분이내주요거점역":0,
            "1시간이내주요거점역":6,
            "3km이내백화점수":0,
            "5km이내아울렛몰수":1,
            "1km이내대형먀트수":2,
            "500m이내은행수":0,
            "500m이내병원수":3,
            "5km이내대형병원수":9,
            "500m이내공원수":2,
            "3km이내혐오시설수":0,
            "초등학교학업성취도":86.95,
            "중학교학업성취도":79.3,
            "용적률":249,
            "건폐율":22,
            "Y":37.603394,
            "X":127.08908,
            "rank":25.0,
            "area_info":"27평(91.4), 31평(104.7)",
            "last_sales":"2021-08-10,73000.0,27평(91.4)"
        },
        {
            "index":327,
            "아파트명":"상봉베스트원",
            "투자타입":"일반",
            "전용면적(m2)":"18.91",
            "전용면적(평)":"5평",
            "법정동주소":"서울시 중랑구 상봉동 101-19",
            "도로명주소":"서울시 중랑구 망우로 304",
            "세대수":0,
            "입주년차":100,
            "용적률점수":"--",
            "건폐율점수":"--",
            "세대당주차수":0,
            "난방방식":30,
            "공급면적":"--",
            "전용률":"--",
            "욕실수":50,
            "현관타입":100,
            "주거총점":38.0,
            "지역구공급총점":100.0,
            "역세권":80,
            "30분내 이동가능 거점":0,
            "1시간내 이동가능 거점":70,
            "교통총점":54.0,
            "백화점":0,
            "아울렛몰":0,
            "대형마트":100,
            "은행":20,
            "병원":80,
            "종합병원":100,
            "공원":100,
            "혐오시설":0,
            "인프라총점":48.0,
            "초등학군":85.23,
            "중학군":48.1,
            "학군총점":55.526,
            "인구수":44.82,
            "인구증감":-9.32,
            "인구총점":28.578,
            "일자리":11.1,
            "소득수준":50.64,
            "일자리총점":22.962,
            "가치 총점":49.2289,
            "매매실거래년":20211001.0,
            "매매실거래가":31400.0,
            "전세실거래년":20210515.0,
            "전세실거래가":12600.0,
            "전세가율":84.0,
            "장기전세가율평균":70.62,
            "전세가율거품지수":-13.38,
            "검색코드":125007,
            "세대수":114,
            "준공년월":"2019-05-15",
            "준공년차":4,
            "가까운역이름":"상봉",
            "가까운역거리":118.41,
            "역세권여부":"역세권",
            "30분이내주요거점역":0,
            "1시간이내주요거점역":7,
            "3km이내백화점수":0,
            "5km이내아울렛몰수":0,
            "1km이내대형먀트수":2,
            "500m이내은행수":2,
            "500m이내병원수":47,
            "5km이내대형병원수":9,
            "500m이내공원수":2,
            "3km이내혐오시설수":0,
            "초등학교학업성취도":85.23,
            "중학교학업성취도":79.3,
            "용적률":459,
            "건폐율":59,
            "Y":37.596146,
            "X":127.086348,
            "rank":26.0,
            "area_info":"5평(18.91), 5평(18.7), 5평(19.37), 7평(25.1), 7평(25.93), 7평(26.36), 9평(32.33), 9평(32.33), 10평(33.15), 10평(36.21), 11평(37.91), 12평(39.88), 12평(39.76), 11평(39.19), 12평(40.78), 12평(41.3), 12평(42.92), 12평(42.01)",
            "last_sales":"2021-10-01,31400.0,12평(42.92)"
        },
        {
            "index":345,
            "아파트명":"상봉어반뷰(도시형)",
            "투자타입":"일반",
            "전용면적(m2)":"19.98",
            "전용면적(평)":"6평",
            "법정동주소":"서울시 중랑구 상봉동 113",
            "도로명주소":"서울시 중랑구 면목로 489",
            "세대수":0,
            "입주년차":80,
            "용적률점수":"--",
            "건폐율점수":"--",
            "세대당주차수":0,
            "난방방식":30,
            "공급면적":"--",
            "전용률":"--",
            "욕실수":50,
            "현관타입":10,
            "주거총점":25.0,
            "지역구공급총점":100.0,
            "역세권":100,
            "30분내 이동가능 거점":0,
            "1시간내 이동가능 거점":70,
            "교통총점":64.0,
            "백화점":0,
            "아울렛몰":0,
            "대형마트":100,
            "은행":20,
            "병원":80,
            "종합병원":100,
            "공원":100,
            "혐오시설":0,
            "인프라총점":48.0,
            "초등학군":85.23,
            "중학군":38.58,
            "학군총점":47.91,
            "인구수":44.82,
            "인구증감":-9.32,
            "인구총점":28.578,
            "일자리":11.1,
            "소득수준":50.64,
            "일자리총점":22.962,
            "가치 총점":48.9865,
            "매매실거래년":20210429.0,
            "매매실거래가":16000.0,
            "전세실거래년":20211103.0,
            "전세실거래가":12000.0,
            "전세가율":85.71,
            "장기전세가율평균":70.62,
            "전세가율거품지수":-15.09,
            "검색코드":120710,
            "세대수":100,
            "준공년월":"2018-11-07",
            "준공년차":5,
            "가까운역이름":"상봉",
            "가까운역거리":93.66,
            "역세권여부":"초역세권",
            "30분이내주요거점역":0,
            "1시간이내주요거점역":7,
            "3km이내백화점수":0,
            "5km이내아울렛몰수":0,
            "1km이내대형먀트수":2,
            "500m이내은행수":2,
            "500m이내병원수":41,
            "5km이내대형병원수":9,
            "500m이내공원수":2,
            "3km이내혐오시설수":0,
            "초등학교학업성취도":85.23,
            "중학교학업성취도":63.7,
            "용적률":428,
            "건폐율":49,
            "Y":37.595565,
            "X":127.085376,
            "rank":27.0,
            "area_info":"6평(19.98), 6평(22.0), 6평(23.06), 8평(27.79), 12평(42.61)",
            "last_sales":"2021-04-29,16000.0,8평(27.79)"
        },
        {
            "index":267,
            "아파트명":"묵동자이1단지",
            "투자타입":"일반",
            "전용면적(m2)":"142.2",
            "전용면적(평)":"43평",
            "법정동주소":"서울시 중랑구 묵동 164-4",
            "도로명주소":"서울시 중랑구 숙선옹주로 6-9",
            "세대수":0,
            "입주년차":60,
            "용적률점수":"--",
            "건폐율점수":"--",
            "세대당주차수":100,
            "난방방식":30,
            "공급면적":"--",
            "전용률":"--",
            "욕실수":100,
            "현관타입":100,
            "주거총점":50.0,
            "지역구공급총점":100.0,
            "역세권":80,
            "30분내 이동가능 거점":0,
            "1시간내 이동가능 거점":30,
            "교통총점":46.0,
            "백화점":0,
            "아울렛몰":0,
            "대형마트":80,
            "은행":70,
            "병원":80,
            "종합병원":100,
            "공원":100,
            "혐오시설":-50,
            "인프라총점":49.0,
            "초등학군":87.13,
            "중학군":45.72,
            "학군총점":54.002,
            "인구수":44.82,
            "인구증감":-9.32,
            "인구총점":28.578,
            "일자리":11.1,
            "소득수준":50.64,
            "일자리총점":22.962,
            "가치 총점":48.9003,
            "매매실거래년":20211105.0,
            "매매실거래가":100000.0,
            "전세실거래년":20220108.0,
            "전세실거래가":57000.0,
            "전세가율":57.0,
            "장기전세가율평균":70.62,
            "전세가율거품지수":13.62,
            "검색코드":27306,
            "세대수":137,
            "준공년월":"2010-12-14",
            "준공년차":13,
            "가까운역이름":"태릉입구",
            "가까운역거리":422.86,
            "역세권여부":"역세권",
            "30분이내주요거점역":0,
            "1시간이내주요거점역":3,
            "3km이내백화점수":0,
            "5km이내아울렛몰수":0,
            "1km이내대형먀트수":1,
            "500m이내은행수":4,
            "500m이내병원수":31,
            "5km이내대형병원수":9,
            "500m이내공원수":5,
            "3km이내혐오시설수":1,
            "초등학교학업성취도":87.13,
            "중학교학업성취도":75.4,
            "용적률":592,
            "건폐율":59,
            "Y":37.614831,
            "X":127.077806,
            "rank":28.0,
            "area_info":"43평(142.2), 43평(143.36), 44평(146.18), 65평(217.19), 90평(300.75)",
            "last_sales":"2021-11-05,100000.0,43평(142.2)"
        },
        {
            "index":150,
            "아파트명":"쌍용더플래티넘용마산",
            "투자타입":"일반",
            "전용면적(m2)":"79.78",
            "전용면적(평)":"24평",
            "법정동주소":"서울시 중랑구 면목동 1548",
            "도로명주소":"서울시 중랑구 용마산로 209",
            "세대수":0,
            "입주년차":100,
            "용적률점수":"--",
            "건폐율점수":"--",
            "세대당주차수":30,
            "난방방식":30,
            "공급면적":"--",
            "전용률":"--",
            "욕실수":100,
            "현관타입":100,
            "주거총점":47.5,
            "지역구공급총점":100.0,
            "역세권":80,
            "30분내 이동가능 거점":20,
            "1시간내 이동가능 거점":70,
            "교통총점":60.0,
            "백화점":0,
            "아울렛몰":0,
            "대형마트":80,
            "은행":0,
            "병원":30,
            "종합병원":100,
            "공원":100,
            "혐오시설":-50,
            "인프라총점":37.0,
            "초등학군":85.91,
            "중학군":39.08,
            "학군총점":48.446,
            "인구수":44.82,
            "인구증감":-9.32,
            "인구총점":28.578,
            "일자리":11.1,
            "소득수준":50.64,
            "일자리총점":22.962,
            "가치 총점":48.8669,
            "매매실거래년":20211117.0,
            "매매실거래가":110000.0,
            "전세실거래년":20220117.0,
            "전세실거래가":68000.0,
            "전세가율":64.89,
            "장기전세가율평균":70.62,
            "전세가율거품지수":5.73,
            "검색코드":122336,
            "세대수":245,
            "준공년월":"2020-12-14",
            "준공년차":3,
            "가까운역이름":"용마산",
            "가까운역거리":127.38,
            "역세권여부":"역세권",
            "30분이내주요거점역":1,
            "1시간이내주요거점역":7,
            "3km이내백화점수":0,
            "5km이내아울렛몰수":0,
            "1km이내대형먀트수":1,
            "500m이내은행수":1,
            "500m이내병원수":8,
            "5km이내대형병원수":10,
            "500m이내공원수":2,
            "3km이내혐오시설수":1,
            "초등학교학업성취도":85.91,
            "중학교학업성취도":64.6,
            "용적률":232,
            "건폐율":30,
            "Y":37.572678,
            "X":127.085956,
            "rank":29.0,
            "area_info":"24평(79.78), 30평(100.36), 34평(113.63)",
            "last_sales":"2021-11-17,110000.0,30평(100.36)"
        },
        {
            "index":259,
            "아파트명":"묵동아이파크",
            "투자타입":"일반",
            "전용면적(m2)":"107.93",
            "전용면적(평)":"32평",
            "법정동주소":"서울시 중랑구 묵동 385",
            "도로명주소":"서울시 중랑구 중랑천로 286",
            "세대수":50,
            "입주년차":20,
            "용적률점수":"--",
            "건폐율점수":"--",
            "세대당주차수":60,
            "난방방식":30,
            "공급면적":"--",
            "전용률":"--",
            "욕실수":100,
            "현관타입":100,
            "주거총점":53.5,
            "지역구공급총점":100.0,
            "역세권":80,
            "30분내 이동가능 거점":0,
            "1시간내 이동가능 거점":50,
            "교통총점":50.0,
            "백화점":0,
            "아울렛몰":0,
            "대형마트":80,
            "은행":20,
            "병원":80,
            "종합병원":100,
            "공원":100,
            "혐오시설":0,
            "인프라총점":45.0,
            "초등학군":82.18,
            "중학군":39.14,
            "학군총점":47.748,
            "인구수":44.82,
            "인구증감":-9.32,
            "인구총점":28.578,
            "일자리":11.1,
            "소득수준":50.64,
            "일자리총점":22.962,
            "가치 총점":48.8622,
            "매매실거래년":20211120.0,
            "매매실거래가":96200.0,
            "전세실거래년":20210805.0,
            "전세실거래가":41890.0,
            "전세가율":44.09,
            "장기전세가율평균":70.62,
            "전세가율거품지수":26.53,
            "검색코드":3468,
            "세대수":601,
            "준공년월":"2002-06-21",
            "준공년차":21,
            "가까운역이름":"먹골",
            "가까운역거리":359.15,
            "역세권여부":"역세권",
            "30분이내주요거점역":0,
            "1시간이내주요거점역":5,
            "3km이내백화점수":0,
            "5km이내아울렛몰수":0,
            "1km이내대형먀트수":1,
            "500m이내은행수":2,
            "500m이내병원수":30,
            "5km이내대형병원수":10,
            "500m이내공원수":4,
            "3km이내혐오시설수":0,
            "초등학교학업성취도":82.18,
            "중학교학업성취도":63.9,
            "용적률":296,
            "건폐율":19,
            "Y":37.610816,
            "X":127.073654,
            "rank":30.0,
            "area_info":"32평(107.93), 32평(107.98), 32평(107.98), 38평(128.85), 51평(171.54)",
            "last_sales":"2021-11-20,96200.0,32평(107.98)"
        },
        {
            "index":9,
            "아파트명":"신내역힐데스하임참좋은",
            "투자타입":"일반",
            "전용면적(m2)":"108.54",
            "전용면적(평)":"32평",
            "법정동주소":"서울시 중랑구 망우동 양원공공주택지구 C1BL",
            "도로명주소":"서울시 중랑구 봉화산로 301",
            "세대수":0,
            "입주년차":100,
            "용적률점수":"--",
            "건폐율점수":"--",
            "세대당주차수":60,
            "난방방식":100,
            "공급면적":"--",
            "전용률":"--",
            "욕실수":100,
            "현관타입":100,
            "주거총점":59.0,
            "지역구공급총점":100.0,
            "역세권":80,
            "30분내 이동가능 거점":0,
            "1시간내 이동가능 거점":40,
            "교통총점":48.0,
            "백화점":0,
            "아울렛몰":100,
            "대형마트":80,
            "은행":0,
            "병원":0,
            "종합병원":100,
            "공원":0,
            "혐오시설":0,
            "인프라총점":42.0,
            "초등학군":88.28,
            "중학군":40.52,
            "학군총점":50.072,
            "인구수":44.82,
            "인구증감":-9.32,
            "인구총점":28.578,
            "일자리":11.1,
            "소득수준":50.64,
            "일자리총점":22.962,
            "가치 총점":48.7108,
            "매매실거래년":"18000101",
            "매매실거래가":null,
            "전세실거래년":null,
            "전세실거래가":null,
            "전세가율":null,
            "장기전세가율평균":70.62,
            "전세가율거품지수":null,
            "검색코드":126242,
            "세대수":218,
            "준공년월":"2021-10-01",
            "준공년차":2,
            "가까운역이름":"신내",
            "가까운역거리":410.78,
            "역세권여부":"역세권",
            "30분이내주요거점역":0,
            "1시간이내주요거점역":4,
            "3km이내백화점수":0,
            "5km이내아울렛몰수":2,
            "1km이내대형먀트수":1,
            "500m이내은행수":0,
            "500m이내병원수":0,
            "5km이내대형병원수":7,
            "500m이내공원수":0,
            "3km이내혐오시설수":0,
            "초등학교학업성취도":88.28,
            "중학교학업성취도":66.6,
            "용적률":199,
            "건폐율":14,
            "Y":37.610033,
            "X":127.106179,
            "rank":31.0,
            "area_info":"32평(108.54), 32평(108.95)",
            "last_sales":"1800-01-01,nan,32평(108.54)"
        },
        {
            "index":520,
            "아파트명":"중앙하이츠",
            "투자타입":"일반",
            "전용면적(m2)":"100.18",
            "전용면적(평)":"30평",
            "법정동주소":"서울시 중랑구 신내동 479",
            "도로명주소":"서울시 중랑구 봉화산로56길 123",
            "세대수":80,
            "입주년차":0,
            "용적률점수":"--",
            "건폐율점수":"--",
            "세대당주차수":0,
            "난방방식":30,
            "공급면적":"--",
            "전용률":"--",
            "욕실수":100,
            "현관타입":100,
            "주거총점":51.0,
            "지역구공급총점":100.0,
            "역세권":50,
            "30분내 이동가능 거점":0,
            "1시간내 이동가능 거점":40,
            "교통총점":33.0,
            "백화점":0,
            "아울렛몰":100,
            "대형마트":100,
            "은행":70,
            "병원":80,
            "종합병원":100,
            "공원":100,
            "혐오시설":0,
            "인프라총점":63.0,
            "초등학군":87.32,
            "중학군":44.12,
            "학군총점":52.76,
            "인구수":44.82,
            "인구증감":-9.32,
            "인구총점":28.578,
            "일자리":11.1,
            "소득수준":50.64,
            "일자리총점":22.962,
            "가치 총점":48.564,
            "매매실거래년":20211025.0,
            "매매실거래가":74500.0,
            "전세실거래년":20220117.0,
            "전세실거래가":45000.0,
            "전세가율":60.4,
            "장기전세가율평균":70.62,
            "전세가율거품지수":10.22,
            "검색코드":822,
            "세대수":704,
            "준공년월":"1996-03-28",
            "준공년차":27,
            "가까운역이름":"망우",
            "가까운역거리":697.49,
            "역세권여부":"준역세권",
            "30분이내주요거점역":0,
            "1시간이내주요거점역":4,
            "3km이내백화점수":0,
            "5km이내아울렛몰수":2,
            "1km이내대형먀트수":3,
            "500m이내은행수":4,
            "500m이내병원수":59,
            "5km이내대형병원수":9,
            "500m이내공원수":2,
            "3km이내혐오시설수":0,
            "초등학교학업성취도":87.32,
            "중학교학업성취도":72.0,
            "용적률":250,
            "건폐율":25,
            "Y":37.60344,
            "X":127.09812,
            "rank":32.0,
            "area_info":"30평(100.18)",
            "last_sales":"2021-10-25,74500.0,30평(100.18)"
        },
        {
            "index":459,
            "아파트명":"신내6단지시영",
            "투자타입":"일반",
            "전용면적(m2)":"54.53",
            "전용면적(평)":"16평",
            "법정동주소":"서울시 중랑구 신내동 650",
            "도로명주소":"서울시 중랑구 신내로19길 42",
            "세대수":100,
            "입주년차":0,
            "용적률점수":"--",
            "건폐율점수":"--",
            "세대당주차수":0,
            "난방방식":100,
            "공급면적":"--",
            "전용률":"--",
            "욕실수":50,
            "현관타입":10,
            "주거총점":51.0,
            "지역구공급총점":100.0,
            "역세권":80,
            "30분내 이동가능 거점":0,
            "1시간내 이동가능 거점":0,
            "교통총점":40.0,
            "백화점":0,
            "아울렛몰":80,
            "대형마트":80,
            "은행":20,
            "병원":60,
            "종합병원":100,
            "공원":100,
            "혐오시설":0,
            "인프라총점":51.0,
            "초등학군":85.62,
            "중학군":52.94,
            "학군총점":59.476,
            "인구수":44.82,
            "인구증감":-9.32,
            "인구총점":28.578,
            "일자리":11.1,
            "소득수준":50.64,
            "일자리총점":22.962,
            "가치 총점":48.4214,
            "매매실거래년":20211220.0,
            "매매실거래가":75500.0,
            "전세실거래년":20220111.0,
            "전세실거래가":23000.0,
            "전세가율":42.2,
            "장기전세가율평균":70.62,
            "전세가율거품지수":28.42,
            "검색코드":820,
            "세대수":1609,
            "준공년월":"1996-03-13",
            "준공년차":27,
            "가까운역이름":"봉화산",
            "가까운역거리":190.85,
            "역세권여부":"역세권",
            "30분이내주요거점역":0,
            "1시간이내주요거점역":0,
            "3km이내백화점수":0,
            "5km이내아울렛몰수":1,
            "1km이내대형먀트수":1,
            "500m이내은행수":2,
            "500m이내병원수":13,
            "5km이내대형병원수":9,
            "500m이내공원수":4,
            "3km이내혐오시설수":0,
            "초등학교학업성취도":85.62,
            "중학교학업성취도":86.3,
            "용적률":187,
            "건폐율":20,
            "Y":37.615567,
            "X":127.091446,
            "rank":33.0,
            "area_info":"16평(54.53), 20평(68.12), 24평(81.78)",
            "last_sales":"2021-12-20,75500.0,24평(81.78)"
        },
        {
            "index":398,
            "아파트명":"다우훼밀리",
            "투자타입":"일반",
            "전용면적(m2)":"77.43",
            "전용면적(평)":"23평",
            "법정동주소":"서울시 중랑구 신내동 796",
            "도로명주소":"서울시 중랑구 송림길 18",
            "세대수":0,
            "입주년차":20,
            "용적률점수":"--",
            "건폐율점수":"--",
            "세대당주차수":30,
            "난방방식":30,
            "공급면적":"--",
            "전용률":"--",
            "욕실수":50,
            "현관타입":10,
            "주거총점":17.5,
            "지역구공급총점":100.0,
            "역세권":80,
            "30분내 이동가능 거점":0,
            "1시간내 이동가능 거점":60,
            "교통총점":52.0,
            "백화점":0,
            "아울렛몰":80,
            "대형마트":100,
            "은행":70,
            "병원":80,
            "종합병원":100,
            "공원":100,
            "혐오시설":0,
            "인프라총점":61.0,
            "초등학군":86.87,
            "중학군":48.1,
            "학군총점":55.854,
            "인구수":44.82,
            "인구증감":-9.32,
            "인구총점":28.578,
            "일자리":11.1,
            "소득수준":50.64,
            "일자리총점":22.962,
            "가치 총점":48.3781,
            "매매실거래년":20211014.0,
            "매매실거래가":57700.0,
            "전세실거래년":20210302.0,
            "전세실거래가":21600.0,
            "전세가율":37.44,
            "장기전세가율평균":70.62,
            "전세가율거품지수":33.18,
            "검색코드":3851,
            "세대수":152,
            "준공년월":"1999-01-29",
            "준공년차":24,
            "가까운역이름":"망우",
            "가까운역거리":402.95,
            "역세권여부":"역세권",
            "30분이내주요거점역":0,
            "1시간이내주요거점역":6,
            "3km이내백화점수":0,
            "5km이내아울렛몰수":1,
            "1km이내대형먀트수":3,
            "500m이내은행수":3,
            "500m이내병원수":43,
            "5km이내대형병원수":9,
            "500m이내공원수":2,
            "3km이내혐오시설수":0,
            "초등학교학업성취도":86.87,
            "중학교학업성취도":79.3,
            "용적률":359,
            "건폐율":27,
            "Y":37.600548,
            "X":127.096306,
            "rank":34.0,
            "area_info":"23평(77.43), 33평(109.6), 44평(147.88)",
            "last_sales":"2021-10-14,57700.0,23평(77.43)"
        },
        {
            "index":378,
            "아파트명":"주함해븐타워(도시형)",
            "투자타입":"일반",
            "전용면적(m2)":"20.56",
            "전용면적(평)":"6평",
            "법정동주소":"서울시 중랑구 상봉동 115-61",
            "도로명주소":"서울시 중랑구 면목로 491",
            "세대수":0,
            "입주년차":80,
            "용적률점수":"--",
            "건폐율점수":"--",
            "세대당주차수":0,
            "난방방식":30,
            "공급면적":"--",
            "전용률":"--",
            "욕실수":50,
            "현관타입":10,
            "주거총점":25.0,
            "지역구공급총점":100.0,
            "역세권":100,
            "30분내 이동가능 거점":0,
            "1시간내 이동가능 거점":60,
            "교통총점":62.0,
            "백화점":0,
            "아울렛몰":0,
            "대형마트":100,
            "은행":20,
            "병원":80,
            "종합병원":100,
            "공원":100,
            "혐오시설":0,
            "인프라총점":48.0,
            "초등학군":85.23,
            "중학군":38.58,
            "학군총점":47.91,
            "인구수":44.82,
            "인구증감":-9.32,
            "인구총점":28.578,
            "일자리":11.1,
            "소득수준":50.64,
            "일자리총점":22.962,
            "가치 총점":48.2865,
            "매매실거래년":20220104.0,
            "매매실거래가":13000.0,
            "전세실거래년":null,
            "전세실거래가":null,
            "전세가율":null,
            "장기전세가율평균":70.62,
            "전세가율거품지수":null,
            "검색코드":111325,
            "세대수":127,
            "준공년월":"2015-10-23",
            "준공년차":8,
            "가까운역이름":"상봉",
            "가까운역거리":71.27,
            "역세권여부":"초역세권",
            "30분이내주요거점역":0,
            "1시간이내주요거점역":6,
            "3km이내백화점수":0,
            "5km이내아울렛몰수":0,
            "1km이내대형먀트수":2,
            "500m이내은행수":2,
            "500m이내병원수":41,
            "5km이내대형병원수":9,
            "500m이내공원수":2,
            "3km이내혐오시설수":0,
            "초등학교학업성취도":85.23,
            "중학교학업성취도":63.7,
            "용적률":476,
            "건폐율":48,
            "Y":37.595779,
            "X":127.085368,
            "rank":35.0,
            "area_info":"6평(20.56), 6평(20.78), 6평(21.33), 6평(21.66), 6평(22.46), 13평(45.06), 16평(53.44)",
            "last_sales":"2022-01-04,13000.0,6평(22.46)"
        },
        {
            "index":356,
            "아파트명":"상봉태영데시앙",
            "투자타입":"일반",
            "전용면적(m2)":"75.58",
            "전용면적(평)":"22평",
            "법정동주소":"서울시 중랑구 상봉동 497",
            "도로명주소":"서울시 중랑구 상봉중앙로8길 104",
            "세대수":50,
            "입주년차":20,
            "용적률점수":"--",
            "건폐율점수":"--",
            "세대당주차수":0,
            "난방방식":30,
            "공급면적":"--",
            "전용률":"--",
            "욕실수":50,
            "현관타입":100,
            "주거총점":39.5,
            "지역구공급총점":100.0,
            "역세권":80,
            "30분내 이동가능 거점":0,
            "1시간내 이동가능 거점":40,
            "교통총점":48.0,
            "백화점":0,
            "아울렛몰":80,
            "대형마트":100,
            "은행":0,
            "병원":60,
            "종합병원":100,
            "공원":100,
            "혐오시설":0,
            "인프라총점":52.0,
            "초등학군":86.87,
            "중학군":44.12,
            "학군총점":52.67,
            "인구수":44.82,
            "인구증감":-9.32,
            "인구총점":28.578,
            "일자리":11.1,
            "소득수준":50.64,
            "일자리총점":22.962,
            "가치 총점":48.2005,
            "매매실거래년":20211124.0,
            "매매실거래가":95000.0,
            "전세실거래년":20211023.0,
            "전세실거래가":33600.0,
            "전세가율":61.76,
            "장기전세가율평균":70.62,
            "전세가율거품지수":8.86,
            "검색코드":3470,
            "세대수":582,
            "준공년월":"2003-08-05",
            "준공년차":20,
            "가까운역이름":"망우",
            "가까운역거리":431.93,
            "역세권여부":"역세권",
            "30분이내주요거점역":0,
            "1시간이내주요거점역":4,
            "3km이내백화점수":0,
            "5km이내아울렛몰수":1,
            "1km이내대형먀트수":2,
            "500m이내은행수":1,
            "500m이내병원수":28,
            "5km이내대형병원수":9,
            "500m이내공원수":2,
            "3km이내혐오시설수":0,
            "초등학교학업성취도":86.87,
            "중학교학업성취도":72.0,
            "용적률":292,
            "건폐율":18,
            "Y":37.603386,
            "X":127.092681,
            "rank":36.0,
            "area_info":"22평(75.58), 22평(75.68), 24평(80.74), 32평(106.82), 34평(113.07)",
            "last_sales":"2021-11-24,95000.0,34평(113.07)"
        },
        {
            "index":305,
            "아파트명":"장미",
            "투자타입":"재건축",
            "전용면적(m2)":"92.49",
            "전용면적(평)":"27평",
            "법정동주소":"서울시 중랑구 묵동 188-1",
            "도로명주소":"서울시 중랑구 동일로144길 3",
            "세대수":0,
            "입주년차":"--",
            "용적률점수":80,
            "건폐율점수":100,
            "세대당주차수":"--",
            "난방방식":"--",
            "공급면적":70,
            "전용률":80,
            "욕실수":"--",
            "현관타입":"--",
            "주거총점":59.5,
            "지역구공급총점":100.0,
            "역세권":80,
            "30분내 이동가능 거점":0,
            "1시간내 이동가능 거점":30,
            "교통총점":46.0,
            "백화점":0,
            "아울렛몰":0,
            "대형마트":80,
            "은행":20,
            "병원":60,
            "종합병원":100,
            "공원":100,
            "혐오시설":0,
            "인프라총점":43.0,
            "초등학군":86.19,
            "중학군":38.9,
            "학군총점":48.358,
            "인구수":44.82,
            "인구증감":-9.32,
            "인구총점":28.578,
            "일자리":11.1,
            "소득수준":50.64,
            "일자리총점":22.962,
            "가치 총점":48.1537,
            "매매실거래년":"18000101",
            "매매실거래가":null,
            "전세실거래년":null,
            "전세실거래가":null,
            "전세가율":null,
            "장기전세가율평균":70.62,
            "전세가율거품지수":null,
            "검색코드":3845,
            "세대수":100,
            "준공년월":"1983-10-14",
            "준공년차":40,
            "가까운역이름":"중화",
            "가까운역거리":374.0,
            "역세권여부":"역세권",
            "30분이내주요거점역":0,
            "1시간이내주요거점역":3,
            "3km이내백화점수":0,
            "5km이내아울렛몰수":0,
            "1km이내대형먀트수":1,
            "500m이내은행수":2,
            "500m이내병원수":21,
            "5km이내대형병원수":10,
            "500m이내공원수":2,
            "3km이내혐오시설수":0,
            "초등학교학업성취도":86.19,
            "중학교학업성취도":63.9,
            "용적률":165,
            "건폐율":19,
            "Y":37.605905,
            "X":127.079456,
            "rank":37.0,
            "area_info":"27평(92.49), 31평(103.8)",
            "last_sales":"1800-01-01,nan,27평(92.49)"
        },
        {
            "index":272,
            "아파트명":"묵동자이2단지",
            "투자타입":"일반",
            "전용면적(m2)":"132.24",
            "전용면적(평)":"40평",
            "법정동주소":"서울시 중랑구 묵동 170-1",
            "도로명주소":"서울시 중랑구 동일로 932",
            "세대수":0,
            "입주년차":60,
            "용적률점수":"--",
            "건폐율점수":"--",
            "세대당주차수":80,
            "난방방식":30,
            "공급면적":"--",
            "전용률":"--",
            "욕실수":100,
            "현관타입":100,
            "주거총점":47.0,
            "지역구공급총점":100.0,
            "역세권":80,
            "30분내 이동가능 거점":0,
            "1시간내 이동가능 거점":30,
            "교통총점":46.0,
            "백화점":0,
            "아울렛몰":0,
            "대형마트":80,
            "은행":70,
            "병원":80,
            "종합병원":100,
            "공원":100,
            "혐오시설":-50,
            "인프라총점":49.0,
            "초등학군":82.18,
            "중학군":45.72,
            "학군총점":53.012,
            "인구수":44.82,
            "인구증감":-9.32,
            "인구총점":28.578,
            "일자리":11.1,
            "소득수준":50.64,
            "일자리총점":22.962,
            "가치 총점":48.1518,
            "매매실거래년":20210511.0,
            "매매실거래가":158000.0,
            "전세실거래년":20210706.0,
            "전세실거래가":65000.0,
            "전세가율":61.9,
            "장기전세가율평균":70.62,
            "전세가율거품지수":8.72,
            "검색코드":27307,
            "세대수":274,
            "준공년월":"2010-12-14",
            "준공년차":13,
            "가까운역이름":"먹골",
            "가까운역거리":351.55,
            "역세권여부":"역세권",
            "30분이내주요거점역":0,
            "1시간이내주요거점역":3,
            "3km이내백화점수":0,
            "5km이내아울렛몰수":0,
            "1km이내대형먀트수":1,
            "500m이내은행수":3,
            "500m이내병원수":37,
            "5km이내대형병원수":9,
            "500m이내공원수":5,
            "3km이내혐오시설수":1,
            "초등학교학업성취도":82.18,
            "중학교학업성취도":75.4,
            "용적률":592,
            "건폐율":55,
            "Y":37.613792,
            "X":127.077468,
            "rank":38.0,
            "area_info":"40평(132.24), 40평(132.26), 43평(145.0), 61평(204.86), 85평(282.14)",
            "last_sales":"2021-05-11,158000.0,61평(204.86)"
        },
        {
            "index":161,
            "아파트명":"용마산하늘채",
            "투자타입":"일반",
            "전용면적(m2)":"85.56",
            "전용면적(평)":"25평",
            "법정동주소":"서울시 중랑구 면목동 1537",
            "도로명주소":"서울시 중랑구 용마산로 210",
            "세대수":0,
            "입주년차":80,
            "용적률점수":"--",
            "건폐율점수":"--",
            "세대당주차수":30,
            "난방방식":30,
            "공급면적":"--",
            "전용률":"--",
            "욕실수":100,
            "현관타입":100,
            "주거총점":43.5,
            "지역구공급총점":100.0,
            "역세권":80,
            "30분내 이동가능 거점":20,
            "1시간내 이동가능 거점":70,
            "교통총점":60.0,
            "백화점":0,
            "아울렛몰":0,
            "대형마트":80,
            "은행":0,
            "병원":30,
            "종합병원":100,
            "공원":100,
            "혐오시설":-50,
            "인프라총점":37.0,
            "초등학군":85.91,
            "중학군":39.08,
            "학군총점":48.446,
            "인구수":44.82,
            "인구증감":-9.32,
            "인구총점":28.578,
            "일자리":11.1,
            "소득수준":50.64,
            "일자리총점":22.962,
            "가치 총점":48.0669,
            "매매실거래년":20211112.0,
            "매매실거래가":95500.0,
            "전세실거래년":20210409.0,
            "전세실거래가":64000.0,
            "전세가율":67.02,
            "장기전세가율평균":70.62,
            "전세가율거품지수":3.6,
            "검색코드":107072,
            "세대수":265,
            "준공년월":"2015-10-08",
            "준공년차":8,
            "가까운역이름":"용마산",
            "가까운역거리":110.36,
            "역세권여부":"역세권",
            "30분이내주요거점역":1,
            "1시간이내주요거점역":7,
            "3km이내백화점수":0,
            "5km이내아울렛몰수":0,
            "1km이내대형먀트수":1,
            "500m이내은행수":1,
            "500m이내병원수":6,
            "5km이내대형병원수":10,
            "500m이내공원수":2,
            "3km이내혐오시설수":1,
            "초등학교학업성취도":85.91,
            "중학교학업성취도":64.6,
            "용적률":199,
            "건폐율":22,
            "Y":37.57268,
            "X":127.087009,
            "rank":39.0,
            "area_info":"25평(85.56), 33평(110.29), 33평(110.01), 33평(111.74), 44평(146.94)",
            "last_sales":"2021-11-12,95500.0,25평(85.56)"
        },
        {
            "index":544,
            "아파트명":"중화역청광플러스원",
            "투자타입":"일반",
            "전용면적(m2)":"82.09",
            "전용면적(평)":"24평",
            "법정동주소":"서울시 중랑구 중화동 453",
            "도로명주소":"서울시 중랑구 동일로136길 15",
            "세대수":0,
            "입주년차":40,
            "용적률점수":"--",
            "건폐율점수":"--",
            "세대당주차수":30,
            "난방방식":30,
            "공급면적":"--",
            "전용률":"--",
            "욕실수":100,
            "현관타입":100,
            "주거총점":35.5,
            "지역구공급총점":100.0,
            "역세권":100,
            "30분내 이동가능 거점":0,
            "1시간내 이동가능 거점":70,
            "교통총점":64.0,
            "백화점":0,
            "아울렛몰":0,
            "대형마트":0,
            "은행":70,
            "병원":80,
            "종합병원":100,
            "공원":80,
            "혐오시설":0,
            "인프라총점":37.4,
            "초등학군":86.19,
            "중학군":38.58,
            "학군총점":48.102,
            "인구수":44.82,
            "인구증감":-9.32,
            "인구총점":28.578,
            "일자리":11.1,
            "소득수준":50.64,
            "일자리총점":22.962,
            "가치 총점":47.9353,
            "매매실거래년":20200509.0,
            "매매실거래가":59000.0,
            "전세실거래년":null,
            "전세실거래가":null,
            "전세가율":null,
            "장기전세가율평균":70.62,
            "전세가율거품지수":null,
            "검색코드":24936,
            "세대수":109,
            "준공년월":"2007-07-23",
            "준공년차":16,
            "가까운역이름":"중화",
            "가까운역거리":86.72,
            "역세권여부":"초역세권",
            "30분이내주요거점역":0,
            "1시간이내주요거점역":7,
            "3km이내백화점수":0,
            "5km이내아울렛몰수":0,
            "1km이내대형먀트수":0,
            "500m이내은행수":4,
            "500m이내병원수":34,
            "5km이내대형병원수":9,
            "500m이내공원수":1,
            "3km이내혐오시설수":0,
            "초등학교학업성취도":86.19,
            "중학교학업성취도":63.7,
            "용적률":250,
            "건폐율":22,
            "Y":37.602731,
            "X":127.08022,
            "rank":40.0,
            "area_info":"24평(82.09), 27평(91.12), 28평(93.68), 31평(105.33), 31평(105.65)",
            "last_sales":"2020-05-09,59000.0,31평(105.65)"
        },
        {
            "index":453,
            "아파트명":"성원",
            "투자타입":"일반",
            "전용면적(m2)":"101.61",
            "전용면적(평)":"30평",
            "법정동주소":"서울시 중랑구 신내동 783",
            "도로명주소":"서울시 중랑구 신내로 51",
            "세대수":80,
            "입주년차":0,
            "용적률점수":"--",
            "건폐율점수":"--",
            "세대당주차수":30,
            "난방방식":30,
            "공급면적":"--",
            "전용률":"--",
            "욕실수":100,
            "현관타입":100,
            "주거총점":55.5,
            "지역구공급총점":100.0,
            "역세권":50,
            "30분내 이동가능 거점":0,
            "1시간내 이동가능 거점":40,
            "교통총점":33.0,
            "백화점":0,
            "아울렛몰":80,
            "대형마트":100,
            "은행":20,
            "병원":80,
            "종합병원":100,
            "공원":100,
            "혐오시설":0,
            "인프라총점":56.0,
            "초등학군":86.95,
            "중학군":44.12,
            "학군총점":52.686,
            "인구수":44.82,
            "인구증감":-9.32,
            "인구총점":28.578,
            "일자리":11.1,
            "소득수준":50.64,
            "일자리총점":22.962,
            "가치 총점":47.3529,
            "매매실거래년":20210717.0,
            "매매실거래가":64000.0,
            "전세실거래년":20210811.0,
            "전세실거래가":53000.0,
            "전세가율":71.33,
            "장기전세가율평균":70.62,
            "전세가율거품지수":-0.71,
            "검색코드":816,
            "세대수":876,
            "준공년월":"1994-09-29",
            "준공년차":29,
            "가까운역이름":"망우",
            "가까운역거리":643.38,
            "역세권여부":"준역세권",
            "30분이내주요거점역":0,
            "1시간이내주요거점역":4,
            "3km이내백화점수":0,
            "5km이내아울렛몰수":1,
            "1km이내대형먀트수":2,
            "500m이내은행수":2,
            "500m이내병원수":33,
            "5km이내대형병원수":9,
            "500m이내공원수":2,
            "3km이내혐오시설수":0,
            "초등학교학업성취도":86.95,
            "중학교학업성취도":72.0,
            "용적률":310,
            "건폐율":27,
            "Y":37.604862,
            "X":127.094804,
            "rank":41.0,
            "area_info":"30평(101.61), 31평(103.23), 31평(103.34)",
            "last_sales":"2021-07-17,64000.0,31평(103.34)"
        },
        {
            "index":131,
            "아파트명":"면목현대",
            "투자타입":"일반",
            "전용면적(m2)":"89.6",
            "전용면적(평)":"27평",
            "법정동주소":"서울시 중랑구 면목동 1502",
            "도로명주소":"서울시 중랑구 용마산로 252",
            "세대수":50,
            "입주년차":0,
            "용적률점수":"--",
            "건폐율점수":"--",
            "세대당주차수":0,
            "난방방식":30,
            "공급면적":"--",
            "전용률":"--",
            "욕실수":50,
            "현관타입":100,
            "주거총점":35.5,
            "지역구공급총점":100.0,
            "역세권":80,
            "30분내 이동가능 거점":20,
            "1시간내 이동가능 거점":60,
            "교통총점":58.0,
            "백화점":0,
            "아울렛몰":0,
            "대형마트":80,
            "은행":20,
            "병원":80,
            "종합병원":100,
            "공원":80,
            "혐오시설":-100,
            "인프라총점":42.4,
            "초등학군":80.49,
            "중학군":39.08,
            "학군총점":47.362,
            "인구수":44.82,
            "인구증감":-9.32,
            "인구총점":28.578,
            "일자리":11.1,
            "소득수준":50.64,
            "일자리총점":22.962,
            "가치 총점":47.2243,
            "매매실거래년":20211130.0,
            "매매실거래가":86000.0,
            "전세실거래년":20200519.0,
            "전세실거래가":36000.0,
            "전세가율":43.56,
            "장기전세가율평균":70.62,
            "전세가율거품지수":27.06,
            "검색코드":803,
            "세대수":626,
            "준공년월":"1994-09-29",
            "준공년차":29,
            "가까운역이름":"용마산",
            "가까운역거리":390.31,
            "역세권여부":"역세권",
            "30분이내주요거점역":1,
            "1시간이내주요거점역":6,
            "3km이내백화점수":0,
            "5km이내아울렛몰수":0,
            "1km이내대형먀트수":1,
            "500m이내은행수":2,
            "500m이내병원수":52,
            "5km이내대형병원수":10,
            "500m이내공원수":1,
            "3km이내혐오시설수":2,
            "초등학교학업성취도":80.49,
            "중학교학업성취도":64.6,
            "용적률":292,
            "건폐율":0,
            "Y":37.576384,
            "X":127.0895,
            "rank":42.0,
            "area_info":"27평(89.6), 27평(92.25), 31평(103.75), 31평(104.62), 31평(104.84)",
            "last_sales":"2021-11-30,86000.0,31평(104.62)"
        },
        {
            "index":0,
            "아파트명":"EG솔리더(도시형)",
            "투자타입":"일반",
            "전용면적(m2)":"22.56",
            "전용면적(평)":"6평",
            "법정동주소":"서울시 중랑구 망우동 506-8",
            "도로명주소":"서울시 중랑구 상봉로 110",
            "세대수":0,
            "입주년차":60,
            "용적률점수":"--",
            "건폐율점수":"--",
            "세대당주차수":0,
            "난방방식":30,
            "공급면적":"--",
            "전용률":"--",
            "욕실수":50,
            "현관타입":100,
            "주거총점":30.0,
            "지역구공급총점":100.0,
            "역세권":80,
            "30분내 이동가능 거점":0,
            "1시간내 이동가능 거점":50,
            "교통총점":50.0,
            "백화점":0,
            "아울렛몰":80,
            "대형마트":100,
            "은행":0,
            "병원":60,
            "종합병원":100,
            "공원":100,
            "혐오시설":0,
            "인프라총점":52.0,
            "초등학군":85.44,
            "중학군":45.18,
            "학군총점":53.232,
            "인구수":44.82,
            "인구증감":-9.32,
            "인구총점":28.578,
            "일자리":11.1,
            "소득수준":50.64,
            "일자리총점":22.962,
            "가치 총점":47.0848,
            "매매실거래년":20191223.0,
            "매매실거래가":9200.0,
            "전세실거래년":20190926.0,
            "전세실거래가":8500.0,
            "전세가율":92.39,
            "장기전세가율평균":70.62,
            "전세가율거품지수":-21.77,
            "검색코드":105522,
            "세대수":103,
            "준공년월":"2012-11-21",
            "준공년차":11,
            "가까운역이름":"망우",
            "가까운역거리":447.01,
            "역세권여부":"역세권",
            "30분이내주요거점역":0,
            "1시간이내주요거점역":5,
            "3km이내백화점수":0,
            "5km이내아울렛몰수":1,
            "1km이내대형먀트수":2,
            "500m이내은행수":1,
            "500m이내병원수":22,
            "5km이내대형병원수":9,
            "500m이내공원수":4,
            "3km이내혐오시설수":0,
            "초등학교학업성취도":85.44,
            "중학교학업성취도":74.7,
            "용적률":612,
            "건폐율":53,
            "Y":37.595696,
            "X":127.093352,
            "rank":43.0,
            "area_info":"6평(22.56), 7평(23.18), 7평(23.39), 9평(30.99)",
            "last_sales":"2019-12-23,9200.0,7평(23.18)"
        },
        {
            "index":17,
            "아파트명":"중랑숲금호어울림",
            "투자타입":"일반",
            "전용면적(m2)":"76.83",
            "전용면적(평)":"23평",
            "법정동주소":"서울시 중랑구 망우동 580",
            "도로명주소":"서울시 중랑구 양원역로 18",
            "세대수":50,
            "입주년차":40,
            "용적률점수":"--",
            "건폐율점수":"--",
            "세대당주차수":30,
            "난방방식":30,
            "공급면적":"--",
            "전용률":"--",
            "욕실수":50,
            "현관타입":100,
            "주거총점":48.0,
            "지역구공급총점":100.0,
            "역세권":80,
            "30분내 이동가능 거점":0,
            "1시간내 이동가능 거점":40,
            "교통총점":48.0,
            "백화점":0,
            "아울렛몰":100,
            "대형마트":80,
            "은행":0,
            "병원":30,
            "종합병원":100,
            "공원":80,
            "혐오시설":0,
            "인프라총점":47.4,
            "초등학군":88.28,
            "중학군":31.14,
            "학군총점":42.568,
            "인구수":44.82,
            "인구증감":-9.32,
            "인구총점":28.578,
            "일자리":11.1,
            "소득수준":50.64,
            "일자리총점":22.962,
            "가치 총점":47.0052,
            "매매실거래년":20200509.0,
            "매매실거래가":58500.0,
            "전세실거래년":null,
            "전세실거래가":null,
            "전세가율":null,
            "장기전세가율평균":70.62,
            "전세가율거품지수":null,
            "검색코드":18196,
            "세대수":686,
            "준공년월":"2006-04-28",
            "준공년차":17,
            "가까운역이름":"양원",
            "가까운역거리":474.93,
            "역세권여부":"역세권",
            "30분이내주요거점역":0,
            "1시간이내주요거점역":4,
            "3km이내백화점수":0,
            "5km이내아울렛몰수":2,
            "1km이내대형먀트수":1,
            "500m이내은행수":0,
            "500m이내병원수":8,
            "5km이내대형병원수":6,
            "500m이내공원수":1,
            "3km이내혐오시설수":0,
            "초등학교학업성취도":88.28,
            "중학교학업성취도":51.9,
            "용적률":0,
            "건폐율":0,
            "Y":37.602343,
            "X":127.108402,
            "rank":44.0,
            "area_info":"23평(76.83), 24평(82.61), 31평(103.26), 31평(104.59), 31평(104.36), 31평(105.08), 41평(136.23)",
            "last_sales":"2020-05-09,58500.0,41평(136.23)"
        },
        {
            "index":313,
            "아파트명":"건영1차",
            "투자타입":"일반",
            "전용면적(m2)":"110.25",
            "전용면적(평)":"33평",
            "법정동주소":"서울시 중랑구 상봉동 1",
            "도로명주소":"서울시 중랑구 봉화산로48길 62",
            "세대수":50,
            "입주년차":0,
            "용적률점수":"--",
            "건폐율점수":"--",
            "세대당주차수":80,
            "난방방식":30,
            "공급면적":"--",
            "전용률":"--",
            "욕실수":100,
            "현관타입":100,
            "주거총점":52.5,
            "지역구공급총점":100.0,
            "역세권":50,
            "30분내 이동가능 거점":0,
            "1시간내 이동가능 거점":40,
            "교통총점":33.0,
            "백화점":0,
            "아울렛몰":80,
            "대형마트":100,
            "은행":20,
            "병원":80,
            "종합병원":100,
            "공원":100,
            "혐오시설":0,
            "인프라총점":56.0,
            "초등학군":86.95,
            "중학군":44.12,
            "학군총점":52.686,
            "인구수":44.82,
            "인구증감":-9.32,
            "인구총점":28.578,
            "일자리":11.1,
            "소득수준":50.64,
            "일자리총점":22.962,
            "가치 총점":46.7529,
            "매매실거래년":20210814.0,
            "매매실거래가":79500.0,
            "전세실거래년":20211221.0,
            "전세실거래가":50000.0,
            "전세가율":62.89,
            "장기전세가율평균":70.62,
            "전세가율거품지수":7.73,
            "검색코드":836,
            "세대수":408,
            "준공년월":"1997-08-13",
            "준공년차":26,
            "가까운역이름":"망우",
            "가까운역거리":534.97,
            "역세권여부":"준역세권",
            "30분이내주요거점역":0,
            "1시간이내주요거점역":4,
            "3km이내백화점수":0,
            "5km이내아울렛몰수":1,
            "1km이내대형먀트수":2,
            "500m이내은행수":2,
            "500m이내병원수":33,
            "5km이내대형병원수":9,
            "500m이내공원수":2,
            "3km이내혐오시설수":0,
            "초등학교학업성취도":86.95,
            "중학교학업성취도":72.0,
            "용적률":303,
            "건폐율":21,
            "Y":37.604203,
            "X":127.093453,
            "rank":45.0,
            "area_info":"33평(110.25)",
            "last_sales":"2021-08-14,79500.0,33평(110.25)"
        },
        {
            "index":264,
            "아파트명":"묵동월드메르디앙",
            "투자타입":"일반",
            "전용면적(m2)":"72.4",
            "전용면적(평)":"21평",
            "법정동주소":"서울시 중랑구 묵동 392",
            "도로명주소":"서울시 중랑구 중랑천로 316",
            "세대수":0,
            "입주년차":60,
            "용적률점수":"--",
            "건폐율점수":"--",
            "세대당주차수":30,
            "난방방식":30,
            "공급면적":"--",
            "전용률":"--",
            "욕실수":100,
            "현관타입":100,
            "주거총점":39.5,
            "지역구공급총점":100.0,
            "역세권":80,
            "30분내 이동가능 거점":0,
            "1시간내 이동가능 거점":50,
            "교통총점":50.0,
            "백화점":0,
            "아울렛몰":0,
            "대형마트":80,
            "은행":70,
            "병원":60,
            "종합병원":100,
            "공원":100,
            "혐오시설":-50,
            "인프라총점":47.0,
            "초등학군":82.18,
            "중학군":39.14,
            "학군총점":47.748,
            "인구수":44.82,
            "인구증감":-9.32,
            "인구총점":28.578,
            "일자리":11.1,
            "소득수준":50.64,
            "일자리총점":22.962,
            "가치 총점":46.6622,
            "매매실거래년":20191214.0,
            "매매실거래가":57800.0,
            "전세실거래년":20200927.0,
            "전세실거래가":40000.0,
            "전세가율":160.0,
            "장기전세가율평균":70.62,
            "전세가율거품지수":-89.38,
            "검색코드":27529,
            "세대수":141,
            "준공년월":"2009-03-19",
            "준공년차":14,
            "가까운역이름":"먹골",
            "가까운역거리":463.32,
            "역세권여부":"역세권",
            "30분이내주요거점역":0,
            "1시간이내주요거점역":5,
            "3km이내백화점수":0,
            "5km이내아울렛몰수":0,
            "1km이내대형먀트수":1,
            "500m이내은행수":3,
            "500m이내병원수":27,
            "5km이내대형병원수":9,
            "500m이내공원수":4,
            "3km이내혐오시설수":1,
            "초등학교학업성취도":82.18,
            "중학교학업성취도":63.9,
            "용적률":248,
            "건폐율":29,
            "Y":37.613058,
            "X":127.073444,
            "rank":46.0,
            "area_info":"21평(72.4), 31평(102.55), 31평(103.02)",
            "last_sales":"2019-12-14,57800.0,31평(103.02)"
        },
        {
            "index":122,
            "아파트명":"면목아남리치카운티",
            "투자타입":"일반",
            "전용면적(m2)":"82.74",
            "전용면적(평)":"25평",
            "법정동주소":"서울시 중랑구 면목동 1505",
            "도로명주소":"서울시 중랑구 겸재로29길 27",
            "세대수":0,
            "입주년차":40,
            "용적률점수":"--",
            "건폐율점수":"--",
            "세대당주차수":30,
            "난방방식":30,
            "공급면적":"--",
            "전용률":"--",
            "욕실수":100,
            "현관타입":100,
            "주거총점":35.5,
            "지역구공급총점":100.0,
            "역세권":80,
            "30분내 이동가능 거점":0,
            "1시간내 이동가능 거점":70,
            "교통총점":54.0,
            "백화점":0,
            "아울렛몰":0,
            "대형마트":80,
            "은행":20,
            "병원":80,
            "종합병원":100,
            "공원":100,
            "혐오시설":0,
            "인프라총점":45.0,
            "초등학군":86.18,
            "중학군":37.34,
            "학군총점":47.108,
            "인구수":44.82,
            "인구증감":-9.32,
            "인구총점":28.578,
            "일자리":11.1,
            "소득수준":50.64,
            "일자리총점":22.962,
            "가치 총점":46.5662,
            "매매실거래년":20210504.0,
            "매매실거래가":84800.0,
            "전세실거래년":20211016.0,
            "전세실거래가":34125.0,
            "전세가율":51.32,
            "장기전세가율평균":70.62,
            "전세가율거품지수":19.3,
            "검색코드":12111,
            "세대수":178,
            "준공년월":"2004-12-10",
            "준공년차":19,
            "가까운역이름":"면목",
            "가까운역거리":239.84,
            "역세권여부":"역세권",
            "30분이내주요거점역":0,
            "1시간이내주요거점역":7,
            "3km이내백화점수":0,
            "5km이내아울렛몰수":0,
            "1km이내대형먀트수":1,
            "500m이내은행수":2,
            "500m이내병원수":50,
            "5km이내대형병원수":10,
            "500m이내공원수":6,
            "3km이내혐오시설수":0,
            "초등학교학업성취도":86.18,
            "중학교학업성취도":61.3,
            "용적률":249,
            "건폐율":30,
            "Y":37.589098,
            "X":127.084861,
            "rank":47.0,
            "area_info":"25평(82.74), 32평(106.02)",
            "last_sales":"2021-05-04,84800.0,32평(106.02)"
        },
        {
            "index":283,
            "아파트명":"신내4단지",
            "투자타입":"일반",
            "전용면적(m2)":"54.07",
            "전용면적(평)":"16평",
            "법정동주소":"서울시 중랑구 묵동 13",
            "도로명주소":"서울시 중랑구 숙선옹주로 91",
            "세대수":90,
            "입주년차":0,
            "용적률점수":"--",
            "건폐율점수":"--",
            "세대당주차수":0,
            "난방방식":100,
            "공급면적":"--",
            "전용률":"--",
            "욕실수":50,
            "현관타입":10,
            "주거총점":47.5,
            "지역구공급총점":100.0,
            "역세권":80,
            "30분내 이동가능 거점":0,
            "1시간내 이동가능 거점":0,
            "교통총점":40.0,
            "백화점":0,
            "아울렛몰":80,
            "대형마트":100,
            "은행":0,
            "병원":10,
            "종합병원":100,
            "공원":100,
            "혐오시설":-50,
            "인프라총점":46.0,
            "초등학군":91.42,
            "중학군":52.94,
            "학군총점":60.636,
            "인구수":44.82,
            "인구증감":-9.32,
            "인구총점":28.578,
            "일자리":11.1,
            "소득수준":50.64,
            "일자리총점":22.962,
            "가치 총점":46.3954,
            "매매실거래년":20211223.0,
            "매매실거래가":52500.0,
            "전세실거래년":20220113.0,
            "전세실거래가":24000.0,
            "전세가율":45.71,
            "장기전세가율평균":70.62,
            "전세가율거품지수":24.91,
            "검색코드":10528,
            "세대수":1070,
            "준공년월":"1996-06-14",
            "준공년차":27,
            "가까운역이름":"화랑대",
            "가까운역거리":371.84,
            "역세권여부":"역세권",
            "30분이내주요거점역":0,
            "1시간이내주요거점역":0,
            "3km이내백화점수":0,
            "5km이내아울렛몰수":1,
            "1km이내대형먀트수":2,
            "500m이내은행수":1,
            "500m이내병원수":3,
            "5km이내대형병원수":10,
            "500m이내공원수":2,
            "3km이내혐오시설수":1,
            "초등학교학업성취도":91.42,
            "중학교학업성취도":86.3,
            "용적률":190,
            "건폐율":21,
            "Y":37.616724,
            "X":127.084896,
            "rank":48.0,
            "area_info":"16평(54.07), 20평(67.54), 24평(81.09)",
            "last_sales":"2021-12-23,52500.0,16평(54.07)"
        },
        {
            "index":415,
            "아파트명":"동성1,2차",
            "투자타입":"일반",
            "전용면적(m2)":"82.03",
            "전용면적(평)":"24평",
            "법정동주소":"서울시 중랑구 신내동 397",
            "도로명주소":"서울시 중랑구 신내로 128",
            "세대수":90,
            "입주년차":0,
            "용적률점수":"--",
            "건폐율점수":"--",
            "세대당주차수":0,
            "난방방식":100,
            "공급면적":"--",
            "전용률":"--",
            "욕실수":50,
            "현관타입":10,
            "주거총점":47.5,
            "지역구공급총점":100.0,
            "역세권":50,
            "30분내 이동가능 거점":0,
            "1시간내 이동가능 거점":40,
            "교통총점":33.0,
            "백화점":0,
            "아울렛몰":100,
            "대형마트":80,
            "은행":70,
            "병원":60,
            "종합병원":100,
            "공원":100,
            "혐오시설":0,
            "인프라총점":58.0,
            "초등학군":86.95,
            "중학군":44.12,
            "학군총점":52.686,
            "인구수":44.82,
            "인구증감":-9.32,
            "인구총점":28.578,
            "일자리":11.1,
            "소득수준":50.64,
            "일자리총점":22.962,
            "가치 총점":46.3529,
            "매매실거래년":20211007.0,
            "매매실거래가":81000.0,
            "전세실거래년":20211122.0,
            "전세실거래가":38000.0,
            "전세가율":58.46,
            "장기전세가율평균":70.62,
            "전세가율거품지수":12.16,
            "검색코드":1248,
            "세대수":1047,
            "준공년월":"1993-02-05",
            "준공년차":30,
            "가까운역이름":"신내",
            "가까운역거리":627.69,
            "역세권여부":"준역세권",
            "30분이내주요거점역":0,
            "1시간이내주요거점역":4,
            "3km이내백화점수":0,
            "5km이내아울렛몰수":2,
            "1km이내대형먀트수":1,
            "500m이내은행수":3,
            "500m이내병원수":25,
            "5km이내대형병원수":8,
            "500m이내공원수":5,
            "3km이내혐오시설수":0,
            "초등학교학업성취도":86.95,
            "중학교학업성취도":72.0,
            "용적률":229,
            "건폐율":24,
            "Y":37.609764,
            "X":127.097282,
            "rank":49.0,
            "area_info":"24평(82.03), 26평(87.35), 31평(102.96), 31평(103.8), 32평(106.36), 44평(146.31), 45평(149.83)",
            "last_sales":"2021-10-07,81000.0,31평(103.8)"
        },
        {
            "index":97,
            "아파트명":"면목두산2,3단지",
            "투자타입":"일반",
            "전용면적(m2)":"111.79",
            "전용면적(평)":"33평",
            "법정동주소":"서울시 중랑구 면목동 1510",
            "도로명주소":"서울시 중랑구 면목로37길 58",
            "세대수":30,
            "입주년차":0,
            "용적률점수":"--",
            "건폐율점수":"--",
            "세대당주차수":30,
            "난방방식":30,
            "공급면적":"--",
            "전용률":"--",
            "욕실수":100,
            "현관타입":100,
            "주거총점":38.0,
            "지역구공급총점":100.0,
            "역세권":80,
            "30분내 이동가능 거점":0,
            "1시간내 이동가능 거점":60,
            "교통총점":52.0,
            "백화점":0,
            "아울렛몰":0,
            "대형마트":80,
            "은행":20,
            "병원":80,
            "종합병원":100,
            "공원":100,
            "혐오시설":-50,
            "인프라총점":44.0,
            "초등학군":80.49,
            "중학군":39.08,
            "학군총점":47.362,
            "인구수":44.82,
            "인구증감":-9.32,
            "인구총점":28.578,
            "일자리":11.1,
            "소득수준":50.64,
            "일자리총점":22.962,
            "가치 총점":46.1043,
            "매매실거래년":20210917.0,
            "매매실거래가":85000.0,
            "전세실거래년":20220115.0,
            "전세실거래가":60000.0,
            "전세가율":70.59,
            "장기전세가율평균":70.62,
            "전세가율거품지수":0.03,
            "검색코드":832,
            "세대수":344,
            "준공년월":"1995-04-03",
            "준공년차":28,
            "가까운역이름":"사가정",
            "가까운역거리":461.35,
            "역세권여부":"역세권",
            "30분이내주요거점역":0,
            "1시간이내주요거점역":6,
            "3km이내백화점수":0,
            "5km이내아울렛몰수":0,
            "1km이내대형먀트수":1,
            "500m이내은행수":2,
            "500m이내병원수":50,
            "5km이내대형병원수":11,
            "500m이내공원수":2,
            "3km이내혐오시설수":1,
            "초등학교학업성취도":80.49,
            "중학교학업성취도":64.6,
            "용적률":456,
            "건폐율":30,
            "Y":37.580161,
            "X":127.083325,
            "rank":50.0,
            "area_info":"33평(111.79), 53평(176.97)",
            "last_sales":"2021-09-17,85000.0,33평(111.79)"
        },
        {
            "index":71,
            "아파트명":"대원칸타빌",
            "투자타입":"일반",
            "전용면적(m2)":"71.31",
            "전용면적(평)":"21평",
            "법정동주소":"서울시 중랑구 면목동 581",
            "도로명주소":"서울시 중랑구 용마산로 285",
            "세대수":0,
            "입주년차":20,
            "용적률점수":"--",
            "건폐율점수":"--",
            "세대당주차수":30,
            "난방방식":30,
            "공급면적":"--",
            "전용률":"--",
            "욕실수":50,
            "현관타입":100,
            "주거총점":26.5,
            "지역구공급총점":100.0,
            "역세권":80,
            "30분내 이동가능 거점":20,
            "1시간내 이동가능 거점":60,
            "교통총점":58.0,
            "백화점":0,
            "아울렛몰":0,
            "대형마트":80,
            "은행":20,
            "병원":100,
            "종합병원":100,
            "공원":80,
            "혐오시설":-100,
            "인프라총점":44.4,
            "초등학군":80.49,
            "중학군":39.08,
            "학군총점":47.362,
            "인구수":44.82,
            "인구증감":-9.32,
            "인구총점":28.578,
            "일자리":11.1,
            "소득수준":50.64,
            "일자리총점":22.962,
            "가치 총점":46.0243,
            "매매실거래년":20211105.0,
            "매매실거래가":105000.0,
            "전세실거래년":20210522.0,
            "전세실거래가":40000.0,
            "전세가율":59.26,
            "장기전세가율평균":70.62,
            "전세가율거품지수":11.36,
            "검색코드":3466,
            "세대수":256,
            "준공년월":"2003-04-01",
            "준공년차":20,
            "가까운역이름":"사가정",
            "가까운역거리":349.55,
            "역세권여부":"역세권",
            "30분이내주요거점역":1,
            "1시간이내주요거점역":6,
            "3km이내백화점수":0,
            "5km이내아울렛몰수":0,
            "1km이내대형먀트수":1,
            "500m이내은행수":2,
            "500m이내병원수":62,
            "5km이내대형병원수":10,
            "500m이내공원수":1,
            "3km이내혐오시설수":2,
            "초등학교학업성취도":80.49,
            "중학교학업성취도":64.6,
            "용적률":352,
            "건폐율":26,
            "Y":37.577973,
            "X":127.089944,
            "rank":51.0,
            "area_info":"21평(71.31), 30평(99.19), 33평(112.05), 38평(127.18), 39평(131.41)",
            "last_sales":"2021-11-05,105000.0,39평(131.41)"
        },
        {
            "index":242,
            "아파트명":"묵동공감대",
            "투자타입":"일반",
            "전용면적(m2)":"79.15",
            "전용면적(평)":"23평",
            "법정동주소":"서울시 중랑구 묵동 171-4",
            "도로명주소":"서울시 중랑구 공릉로 32",
            "세대수":0,
            "입주년차":40,
            "용적률점수":"--",
            "건폐율점수":"--",
            "세대당주차수":30,
            "난방방식":30,
            "공급면적":"--",
            "전용률":"--",
            "욕실수":100,
            "현관타입":100,
            "주거총점":35.5,
            "지역구공급총점":100.0,
            "역세권":80,
            "30분내 이동가능 거점":0,
            "1시간내 이동가능 거점":30,
            "교통총점":46.0,
            "백화점":0,
            "아울렛몰":0,
            "대형마트":80,
            "은행":70,
            "병원":80,
            "종합병원":100,
            "공원":100,
            "혐오시설":-50,
            "인프라총점":49.0,
            "초등학군":82.18,
            "중학군":45.72,
            "학군총점":53.012,
            "인구수":44.82,
            "인구증감":-9.32,
            "인구총점":28.578,
            "일자리":11.1,
            "소득수준":50.64,
            "일자리총점":22.962,
            "가치 총점":45.8518,
            "매매실거래년":20210914.0,
            "매매실거래가":58900.0,
            "전세실거래년":20211112.0,
            "전세실거래가":35000.0,
            "전세가율":59.42,
            "장기전세가율평균":70.62,
            "전세가율거품지수":11.2,
            "검색코드":17669,
            "세대수":118,
            "준공년월":"2005-03-28",
            "준공년차":18,
            "가까운역이름":"먹골",
            "가까운역거리":368.74,
            "역세권여부":"역세권",
            "30분이내주요거점역":0,
            "1시간이내주요거점역":3,
            "3km이내백화점수":0,
            "5km이내아울렛몰수":0,
            "1km이내대형먀트수":1,
            "500m이내은행수":3,
            "500m이내병원수":37,
            "5km이내대형병원수":10,
            "500m이내공원수":5,
            "3km이내혐오시설수":1,
            "초등학교학업성취도":82.18,
            "중학교학업성취도":75.4,
            "용적률":358,
            "건폐율":33,
            "Y":37.613916,
            "X":127.07835,
            "rank":52.0,
            "area_info":"23평(79.15), 33평(110.53), 33평(110.54)",
            "last_sales":"2021-09-14,58900.0,23평(79.15)"
        },
        {
            "index":185,
            "아파트명":"한양수자인사가정파크",
            "투자타입":"일반",
            "전용면적(m2)":"38.99",
            "전용면적(평)":"11평",
            "법정동주소":"서울시 중랑구 면목동 1543",
            "도로명주소":"서울시 중랑구 사가정로72길 26",
            "세대수":50,
            "입주년차":100,
            "용적률점수":"--",
            "건폐율점수":"--",
            "세대당주차수":30,
            "난방방식":30,
            "공급면적":"--",
            "전용률":"--",
            "욕실수":50,
            "현관타입":100,
            "주거총점":60.0,
            "지역구공급총점":100.0,
            "역세권":80,
            "30분내 이동가능 거점":0,
            "1시간내 이동가능 거점":60,
            "교통총점":52.0,
            "백화점":0,
            "아울렛몰":0,
            "대형마트":0,
            "은행":0,
            "병원":80,
            "종합병원":100,
            "공원":0,
            "혐오시설":-50,
            "인프라총점":27.0,
            "초등학군":92.94,
            "중학군":39.36,
            "학군총점":50.076,
            "인구수":44.82,
            "인구증감":-9.32,
            "인구총점":28.578,
            "일자리":11.1,
            "소득수준":50.64,
            "일자리총점":22.962,
            "가치 총점":45.8114,
            "매매실거래년":20200718.0,
            "매매실거래가":77000.0,
            "전세실거래년":null,
            "전세실거래가":null,
            "전세가율":null,
            "장기전세가율평균":70.62,
            "전세가율거품지수":null,
            "검색코드":119155,
            "세대수":497,
            "준공년월":"2019-11-27",
            "준공년차":4,
            "가까운역이름":"사가정",
            "가까운역거리":455.44,
            "역세권여부":"역세권",
            "30분이내주요거점역":0,
            "1시간이내주요거점역":6,
            "3km이내백화점수":0,
            "5km이내아울렛몰수":0,
            "1km이내대형먀트수":0,
            "500m이내은행수":1,
            "500m이내병원수":38,
            "5km이내대형병원수":9,
            "500m이내공원수":0,
            "3km이내혐오시설수":1,
            "초등학교학업성취도":92.94,
            "중학교학업성취도":64.8,
            "용적률":235,
            "건폐율":25,
            "Y":37.579904,
            "X":127.093493,
            "rank":53.0,
            "area_info":"11평(38.99), 11평(38.99), 11평(38.99), 11평(38.99), 24평(80.34), 24평(80.64), 24평(80.71), 29평(98.84), 29평(98.9), 29평(98.82), 29평(99.14), 33평(111.84), 33평(111.64), 33평(111.84), 33평(111.64), 33평(112.19), 33평(112.36)",
            "last_sales":"2020-07-18,77000.0,33평(112.36)"
        },
        {
            "index":88,
            "아파트명":"면목금호어울림",
            "투자타입":"일반",
            "전용면적(m2)":"95.94",
            "전용면적(평)":"29평",
            "법정동주소":"서울시 중랑구 면목동 1528",
            "도로명주소":"서울시 중랑구 용마산로 271",
            "세대수":0,
            "입주년차":40,
            "용적률점수":"--",
            "건폐율점수":"--",
            "세대당주차수":30,
            "난방방식":30,
            "공급면적":"--",
            "전용률":"--",
            "욕실수":100,
            "현관타입":100,
            "주거총점":35.5,
            "지역구공급총점":100.0,
            "역세권":80,
            "30분내 이동가능 거점":0,
            "1시간내 이동가능 거점":60,
            "교통총점":52.0,
            "백화점":0,
            "아울렛몰":0,
            "대형마트":80,
            "은행":20,
            "병원":100,
            "종합병원":100,
            "공원":80,
            "혐오시설":-100,
            "인프라총점":44.4,
            "초등학군":80.49,
            "중학군":39.08,
            "학군총점":47.362,
            "인구수":44.82,
            "인구증감":-9.32,
            "인구총점":28.578,
            "일자리":11.1,
            "소득수준":50.64,
            "일자리총점":22.962,
            "가치 총점":45.7243,
            "매매실거래년":20210518.0,
            "매매실거래가":79000.0,
            "전세실거래년":20210913.0,
            "전세실거래가":34000.0,
            "전세가율":66.67,
            "장기전세가율평균":70.62,
            "전세가율거품지수":3.95,
            "검색코드":17514,
            "세대수":178,
            "준공년월":"2005-10-27",
            "준공년차":18,
            "가까운역이름":"사가정",
            "가까운역거리":399.19,
            "역세권여부":"역세권",
            "30분이내주요거점역":0,
            "1시간이내주요거점역":6,
            "3km이내백화점수":0,
            "5km이내아울렛몰수":0,
            "1km이내대형먀트수":1,
            "500m이내은행수":2,
            "500m이내병원수":61,
            "5km이내대형병원수":10,
            "500m이내공원수":1,
            "3km이내혐오시설수":2,
            "초등학교학업성취도":80.49,
            "중학교학업성취도":64.6,
            "용적률":249,
            "건폐율":20,
            "Y":37.577326,
            "X":127.088979,
            "rank":54.0,
            "area_info":"29평(95.94), 31평(104.96), 31평(104.66)",
            "last_sales":"2021-05-18,79000.0,31평(104.66)"
        },
        {
            "index":110,
            "아파트명":"면목삼익",
            "투자타입":"일반",
            "전용면적(m2)":"77.01",
            "전용면적(평)":"23평",
            "법정동주소":"서울시 중랑구 면목동 1516",
            "도로명주소":"서울시 중랑구 동일로 501",
            "세대수":0,
            "입주년차":0,
            "용적률점수":"--",
            "건폐율점수":"--",
            "세대당주차수":30,
            "난방방식":30,
            "공급면적":"--",
            "전용률":"--",
            "욕실수":50,
            "현관타입":100,
            "주거총점":22.5,
            "지역구공급총점":100.0,
            "역세권":50,
            "30분내 이동가능 거점":0,
            "1시간내 이동가능 거점":70,
            "교통총점":39.0,
            "백화점":100,
            "아울렛몰":0,
            "대형마트":80,
            "은행":0,
            "병원":30,
            "종합병원":100,
            "공원":80,
            "혐오시설":-50,
            "인프라총점":66.4,
            "초등학군":85.91,
            "중학군":41.2,
            "학군총점":50.142,
            "인구수":44.82,
            "인구증감":-9.32,
            "인구총점":28.578,
            "일자리":11.1,
            "소득수준":50.64,
            "일자리총점":22.962,
            "가치 총점":45.5913,
            "매매실거래년":20211220.0,
            "매매실거래가":85000.0,
            "전세실거래년":20201219.0,
            "전세실거래가":35000.0,
            "전세가율":51.47,
            "장기전세가율평균":70.62,
            "전세가율거품지수":19.15,
            "검색코드":1247,
            "세대수":216,
            "준공년월":"1997-12-20",
            "준공년차":26,
            "가까운역이름":"용마산",
            "가까운역거리":653.79,
            "역세권여부":"준역세권",
            "30분이내주요거점역":0,
            "1시간이내주요거점역":7,
            "3km이내백화점수":1,
            "5km이내아울렛몰수":0,
            "1km이내대형먀트수":1,
            "500m이내은행수":0,
            "500m이내병원수":6,
            "5km이내대형병원수":11,
            "500m이내공원수":1,
            "3km이내혐오시설수":1,
            "초등학교학업성취도":85.91,
            "중학교학업성취도":68.4,
            "용적률":402,
            "건폐율":27,
            "Y":37.57472,
            "X":127.079433,
            "rank":55.0,
            "area_info":"23평(77.01), 23평(77.27), 33평(110.0), 43평(144.89)",
            "last_sales":"2021-12-20,85000.0,33평(110.0)"
        },
        {
            "index":353,
            "아파트명":"상봉타워",
            "투자타입":"일반",
            "전용면적(m2)":"23.82",
            "전용면적(평)":"7평",
            "법정동주소":"서울시 중랑구 상봉동 102-57",
            "도로명주소":"서울시 중랑구 면목로 490",
            "세대수":0,
            "입주년차":100,
            "용적률점수":"--",
            "건폐율점수":"--",
            "세대당주차수":0,
            "난방방식":30,
            "공급면적":"--",
            "전용률":"--",
            "욕실수":50,
            "현관타입":10,
            "주거총점":29.0,
            "지역구공급총점":100.0,
            "역세권":80,
            "30분내 이동가능 거점":0,
            "1시간내 이동가능 거점":60,
            "교통총점":52.0,
            "백화점":0,
            "아울렛몰":0,
            "대형마트":100,
            "은행":20,
            "병원":80,
            "종합병원":100,
            "공원":100,
            "혐오시설":0,
            "인프라총점":48.0,
            "초등학군":85.23,
            "중학군":38.58,
            "학군총점":47.91,
            "인구수":44.82,
            "인구증감":-9.32,
            "인구총점":28.578,
            "일자리":11.1,
            "소득수준":50.64,
            "일자리총점":22.962,
            "가치 총점":45.5865,
            "매매실거래년":"18000101",
            "매매실거래가":null,
            "전세실거래년":20220111.0,
            "전세실거래가":16800.0,
            "전세가율":null,
            "장기전세가율평균":70.62,
            "전세가율거품지수":null,
            "검색코드":125971,
            "세대수":135,
            "준공년월":"2019-05-08",
            "준공년차":4,
            "가까운역이름":"상봉",
            "가까운역거리":123.11,
            "역세권여부":"역세권",
            "30분이내주요거점역":0,
            "1시간이내주요거점역":6,
            "3km이내백화점수":0,
            "5km이내아울렛몰수":0,
            "1km이내대형먀트수":2,
            "500m이내은행수":2,
            "500m이내병원수":47,
            "5km이내대형병원수":9,
            "500m이내공원수":2,
            "3km이내혐오시설수":0,
            "초등학교학업성취도":85.23,
            "중학교학업성취도":63.7,
            "용적률":411,
            "건폐율":49,
            "Y":37.595637,
            "X":127.086088,
            "rank":56.0,
            "area_info":"7평(23.82), 7평(24.15), 8평(28.85)",
            "last_sales":"1800-01-01,nan,7평(23.82)"
        },
        {
            "index":148,
            "아파트명":"신우",
            "투자타입":"일반",
            "전용면적(m2)":"77.8",
            "전용면적(평)":"23평",
            "법정동주소":"서울시 중랑구 면목동 1518",
            "도로명주소":"서울시 중랑구 동일로 569-55",
            "세대수":0,
            "입주년차":0,
            "용적률점수":"--",
            "건폐율점수":"--",
            "세대당주차수":0,
            "난방방식":30,
            "공급면적":"--",
            "전용률":"--",
            "욕실수":50,
            "현관타입":100,
            "주거총점":18.0,
            "지역구공급총점":100.0,
            "역세권":50,
            "30분내 이동가능 거점":0,
            "1시간내 이동가능 거점":80,
            "교통총점":41.0,
            "백화점":100,
            "아울렛몰":0,
            "대형마트":80,
            "은행":0,
            "병원":30,
            "종합병원":100,
            "공원":100,
            "혐오시설":-50,
            "인프라총점":67.0,
            "초등학군":85.83,
            "중학군":41.2,
            "학군총점":50.126,
            "인구수":44.82,
            "인구증감":-9.32,
            "인구총점":28.578,
            "일자리":11.1,
            "소득수준":50.64,
            "일자리총점":22.962,
            "가치 총점":45.5689,
            "매매실거래년":20211108.0,
            "매매실거래가":70500.0,
            "전세실거래년":20200716.0,
            "전세실거래가":30000.0,
            "전세가율":54.55,
            "장기전세가율평균":70.62,
            "전세가율거품지수":16.07,
            "검색코드":3012,
            "세대수":111,
            "준공년월":"1998-05-30",
            "준공년차":25,
            "가까운역이름":"사가정",
            "가까운역거리":806.57,
            "역세권여부":"준역세권",
            "30분이내주요거점역":0,
            "1시간이내주요거점역":8,
            "3km이내백화점수":1,
            "5km이내아울렛몰수":0,
            "1km이내대형먀트수":1,
            "500m이내은행수":0,
            "500m이내병원수":5,
            "5km이내대형병원수":10,
            "500m이내공원수":2,
            "3km이내혐오시설수":1,
            "초등학교학업성취도":85.83,
            "중학교학업성취도":68.4,
            "용적률":417,
            "건폐율":28,
            "Y":37.58048,
            "X":127.07934,
            "rank":57.0,
            "area_info":"23평(77.8), 33평(109.94)",
            "last_sales":"2021-11-08,70500.0,33평(109.94)"
        },
        {
            "index":385,
            "아파트명":"포시티(도시형)",
            "투자타입":"일반",
            "전용면적(m2)":"24.6",
            "전용면적(평)":"7평",
            "법정동주소":"서울시 중랑구 상봉동 113-1",
            "도로명주소":"서울시 중랑구 면목로 487",
            "세대수":0,
            "입주년차":80,
            "용적률점수":"--",
            "건폐율점수":"--",
            "세대당주차수":0,
            "난방방식":30,
            "공급면적":"--",
            "전용률":"--",
            "욕실수":50,
            "현관타입":10,
            "주거총점":25.0,
            "지역구공급총점":100.0,
            "역세권":80,
            "30분내 이동가능 거점":0,
            "1시간내 이동가능 거점":70,
            "교통총점":54.0,
            "백화점":0,
            "아울렛몰":0,
            "대형마트":100,
            "은행":20,
            "병원":80,
            "종합병원":100,
            "공원":100,
            "혐오시설":0,
            "인프라총점":48.0,
            "초등학군":85.23,
            "중학군":38.58,
            "학군총점":47.91,
            "인구수":44.82,
            "인구증감":-9.32,
            "인구총점":28.578,
            "일자리":11.1,
            "소득수준":50.64,
            "일자리총점":22.962,
            "가치 총점":45.4865,
            "매매실거래년":20211221.0,
            "매매실거래가":10000.0,
            "전세실거래년":20211108.0,
            "전세실거래가":12000.0,
            "전세가율":120.0,
            "장기전세가율평균":70.62,
            "전세가율거품지수":-49.38,
            "검색코드":107702,
            "세대수":120,
            "준공년월":"2014-05-23",
            "준공년차":9,
            "가까운역이름":"상봉",
            "가까운역거리":118.56,
            "역세권여부":"역세권",
            "30분이내주요거점역":0,
            "1시간이내주요거점역":7,
            "3km이내백화점수":0,
            "5km이내아울렛몰수":0,
            "1km이내대형먀트수":2,
            "500m이내은행수":2,
            "500m이내병원수":40,
            "5km이내대형병원수":9,
            "500m이내공원수":2,
            "3km이내혐오시설수":0,
            "초등학교학업성취도":85.23,
            "중학교학업성취도":63.7,
            "용적률":482,
            "건폐율":59,
            "Y":37.595365,
            "X":127.085509,
            "rank":58.0,
            "area_info":"7평(24.6), 7평(24.6)",
            "last_sales":"2021-12-21,10000.0,7평(24.6)"
        },
        {
            "index":277,
            "아파트명":"묵동한국",
            "투자타입":"일반",
            "전용면적(m2)":"87.68",
            "전용면적(평)":"26평",
            "법정동주소":"서울시 중랑구 묵동 378",
            "도로명주소":"서울시 중랑구 중랑천로 332",
            "세대수":0,
            "입주년차":20,
            "용적률점수":"--",
            "건폐율점수":"--",
            "세대당주차수":30,
            "난방방식":30,
            "공급면적":"--",
            "전용률":"--",
            "욕실수":50,
            "현관타입":100,
            "주거총점":26.5,
            "지역구공급총점":100.0,
            "역세권":80,
            "30분내 이동가능 거점":0,
            "1시간내 이동가능 거점":50,
            "교통총점":50.0,
            "백화점":0,
            "아울렛몰":0,
            "대형마트":80,
            "은행":70,
            "병원":60,
            "종합병원":100,
            "공원":100,
            "혐오시설":-50,
            "인프라총점":47.0,
            "초등학군":87.13,
            "중학군":45.72,
            "학군총점":54.002,
            "인구수":44.82,
            "인구증감":-9.32,
            "인구총점":28.578,
            "일자리":11.1,
            "소득수준":50.64,
            "일자리총점":22.962,
            "가치 총점":45.0003,
            "매매실거래년":20211001.0,
            "매매실거래가":66800.0,
            "전세실거래년":20211103.0,
            "전세실거래가":28140.0,
            "전세가율":42.13,
            "장기전세가율평균":70.62,
            "전세가율거품지수":28.49,
            "검색코드":1282,
            "세대수":225,
            "준공년월":"1999-06-03",
            "준공년차":24,
            "가까운역이름":"태릉입구",
            "가까운역거리":425.93,
            "역세권여부":"역세권",
            "30분이내주요거점역":0,
            "1시간이내주요거점역":5,
            "3km이내백화점수":0,
            "5km이내아울렛몰수":0,
            "1km이내대형먀트수":1,
            "500m이내은행수":3,
            "500m이내병원수":22,
            "5km이내대형병원수":9,
            "500m이내공원수":4,
            "3km이내혐오시설수":1,
            "초등학교학업성취도":87.13,
            "중학교학업성취도":75.4,
            "용적률":392,
            "건폐율":31,
            "Y":37.61436,
            "X":127.07355,
            "rank":59.0,
            "area_info":"26평(87.68), 33평(109.9), 45평(150.09)",
            "last_sales":"2021-10-01,66800.0,26평(87.68)"
        },
        {
            "index":289,
            "아파트명":"신안1차",
            "투자타입":"일반",
            "전용면적(m2)":"86.5",
            "전용면적(평)":"26평",
            "법정동주소":"서울시 중랑구 묵동 381",
            "도로명주소":"서울시 중랑구 공릉로2라길 15",
            "세대수":0,
            "입주년차":20,
            "용적률점수":"--",
            "건폐율점수":"--",
            "세대당주차수":30,
            "난방방식":30,
            "공급면적":"--",
            "전용률":"--",
            "욕실수":50,
            "현관타입":50,
            "주거총점":21.5,
            "지역구공급총점":100.0,
            "역세권":80,
            "30분내 이동가능 거점":0,
            "1시간내 이동가능 거점":50,
            "교통총점":50.0,
            "백화점":0,
            "아울렛몰":0,
            "대형마트":80,
            "은행":70,
            "병원":80,
            "종합병원":100,
            "공원":100,
            "혐오시설":-50,
            "인프라총점":49.0,
            "초등학군":91.42,
            "중학군":45.72,
            "학군총점":54.86,
            "인구수":44.82,
            "인구증감":-9.32,
            "인구총점":28.578,
            "일자리":11.1,
            "소득수준":50.64,
            "일자리총점":22.962,
            "가치 총점":44.729,
            "매매실거래년":20210807.0,
            "매매실거래가":65000.0,
            "전세실거래년":20210809.0,
            "전세실거래가":40000.0,
            "전세가율":61.54,
            "장기전세가율평균":70.62,
            "전세가율거품지수":9.08,
            "검색코드":805,
            "세대수":285,
            "준공년월":"1999-10-28",
            "준공년차":24,
            "가까운역이름":"먹골",
            "가까운역거리":362.83,
            "역세권여부":"역세권",
            "30분이내주요거점역":0,
            "1시간이내주요거점역":5,
            "3km이내백화점수":0,
            "5km이내아울렛몰수":0,
            "1km이내대형먀트수":1,
            "500m이내은행수":3,
            "500m이내병원수":35,
            "5km이내대형병원수":10,
            "500m이내공원수":4,
            "3km이내혐오시설수":1,
            "초등학교학업성취도":91.42,
            "중학교학업성취도":75.4,
            "용적률":303,
            "건폐율":24,
            "Y":37.612809,
            "X":127.080799,
            "rank":60.0,
            "area_info":"26평(86.5), 33평(109.71), 40평(133.72)",
            "last_sales":"2021-08-07,65000.0,26평(86.5)"
        },
        {
            "index":237,
            "아파트명":"로프트원태릉입구역(도시형)",
            "투자타입":"일반",
            "전용면적(m2)":"25.95",
            "전용면적(평)":"7평",
            "법정동주소":"서울시 중랑구 묵동 169-12",
            "도로명주소":"서울시 중랑구 동일로 952",
            "세대수":0,
            "입주년차":100,
            "용적률점수":"--",
            "건폐율점수":"--",
            "세대당주차수":0,
            "난방방식":30,
            "공급면적":"--",
            "전용률":"--",
            "욕실수":50,
            "현관타입":10,
            "주거총점":29.0,
            "지역구공급총점":100.0,
            "역세권":80,
            "30분내 이동가능 거점":0,
            "1시간내 이동가능 거점":30,
            "교통총점":46.0,
            "백화점":0,
            "아울렛몰":0,
            "대형마트":80,
            "은행":70,
            "병원":80,
            "종합병원":100,
            "공원":100,
            "혐오시설":-50,
            "인프라총점":49.0,
            "초등학군":87.13,
            "중학군":45.72,
            "학군총점":54.002,
            "인구수":44.82,
            "인구증감":-9.32,
            "인구총점":28.578,
            "일자리":11.1,
            "소득수준":50.64,
            "일자리총점":22.962,
            "가치 총점":44.7003,
            "매매실거래년":"18000101",
            "매매실거래가":null,
            "전세실거래년":null,
            "전세실거래가":null,
            "전세가율":null,
            "장기전세가율평균":70.62,
            "전세가율거품지수":null,
            "검색코드":128463,
            "세대수":249,
            "준공년월":"2020-01-08",
            "준공년차":3,
            "가까운역이름":"태릉입구",
            "가까운역거리":333.6,
            "역세권여부":"역세권",
            "30분이내주요거점역":0,
            "1시간이내주요거점역":3,
            "3km이내백화점수":0,
            "5km이내아울렛몰수":0,
            "1km이내대형먀트수":1,
            "500m이내은행수":4,
            "500m이내병원수":31,
            "5km이내대형병원수":9,
            "500m이내공원수":4,
            "3km이내혐오시설수":1,
            "초등학교학업성취도":87.13,
            "중학교학업성취도":75.4,
            "용적률":514,
            "건폐율":59,
            "Y":37.615329,
            "X":127.076886,
            "rank":61.0,
            "area_info":"7평(25.95), 8평(26.75), 12평(42.23), 14평(49.25), 15평(50.7)",
            "last_sales":"1800-01-01,nan,7평(25.95)"
        },
        {
            "index":401,
            "아파트명":"대성유니드",
            "투자타입":"일반",
            "전용면적(m2)":"78.45",
            "전용면적(평)":"23평",
            "법정동주소":"서울시 중랑구 신내동 803",
            "도로명주소":"서울시 중랑구 봉화산로56길 140",
            "세대수":0,
            "입주년차":40,
            "용적률점수":"--",
            "건폐율점수":"--",
            "세대당주차수":30,
            "난방방식":30,
            "공급면적":"--",
            "전용률":"--",
            "욕실수":100,
            "현관타입":100,
            "주거총점":35.5,
            "지역구공급총점":100.0,
            "역세권":50,
            "30분내 이동가능 거점":0,
            "1시간내 이동가능 거점":40,
            "교통총점":33.0,
            "백화점":0,
            "아울렛몰":80,
            "대형마트":100,
            "은행":70,
            "병원":80,
            "종합병원":100,
            "공원":80,
            "혐오시설":0,
            "인프라총점":60.4,
            "초등학군":86.87,
            "중학군":44.12,
            "학군총점":52.67,
            "인구수":44.82,
            "인구증감":-9.32,
            "인구총점":28.578,
            "일자리":11.1,
            "소득수준":50.64,
            "일자리총점":22.962,
            "가치 총점":44.6705,
            "매매실거래년":20210108.0,
            "매매실거래가":74700.0,
            "전세실거래년":20210906.0,
            "전세실거래가":40000.0,
            "전세가율":75.76,
            "장기전세가율평균":70.62,
            "전세가율거품지수":-5.14,
            "검색코드":19628,
            "세대수":133,
            "준공년월":"2005-05-26",
            "준공년차":18,
            "가까운역이름":"망우",
            "가까운역거리":516.79,
            "역세권여부":"준역세권",
            "30분이내주요거점역":0,
            "1시간이내주요거점역":4,
            "3km이내백화점수":0,
            "5km이내아울렛몰수":1,
            "1km이내대형먀트수":3,
            "500m이내은행수":4,
            "500m이내병원수":59,
            "5km이내대형병원수":9,
            "500m이내공원수":1,
            "3km이내혐오시설수":0,
            "초등학교학업성취도":86.87,
            "중학교학업성취도":72.0,
            "용적률":302,
            "건폐율":25,
            "Y":37.602639,
            "X":127.096292,
            "rank":62.0,
            "area_info":"23평(78.45), 28평(94.74), 32평(107.43), 36평(119.22)",
            "last_sales":"2021-01-08,74700.0,36평(119.22)"
        },
        {
            "index":114,
            "아파트명":"면목삼호",
            "투자타입":"일반",
            "전용면적(m2)":"78.63",
            "전용면적(평)":"23평",
            "법정동주소":"서울시 중랑구 면목동 1513",
            "도로명주소":"서울시 중랑구 용마산로 259",
            "세대수":0,
            "입주년차":20,
            "용적률점수":"--",
            "건폐율점수":"--",
            "세대당주차수":0,
            "난방방식":30,
            "공급면적":"--",
            "전용률":"--",
            "욕실수":50,
            "현관타입":100,
            "주거총점":22.0,
            "지역구공급총점":100.0,
            "역세권":80,
            "30분내 이동가능 거점":20,
            "1시간내 이동가능 거점":60,
            "교통총점":58.0,
            "백화점":0,
            "아울렛몰":0,
            "대형마트":80,
            "은행":20,
            "병원":80,
            "종합병원":100,
            "공원":80,
            "혐오시설":-100,
            "인프라총점":42.4,
            "초등학군":80.49,
            "중학군":39.08,
            "학군총점":47.362,
            "인구수":44.82,
            "인구증감":-9.32,
            "인구총점":28.578,
            "일자리":11.1,
            "소득수준":50.64,
            "일자리총점":22.962,
            "가치 총점":44.5243,
            "매매실거래년":20210827.0,
            "매매실거래가":87700.0,
            "전세실거래년":20210616.0,
            "전세실거래가":31500.0,
            "전세가율":53.39,
            "장기전세가율평균":70.62,
            "전세가율거품지수":17.23,
            "검색코드":800,
            "세대수":183,
            "준공년월":"2000-05-27",
            "준공년차":23,
            "가까운역이름":"용마산",
            "가까운역거리":337.89,
            "역세권여부":"역세권",
            "30분이내주요거점역":1,
            "1시간이내주요거점역":6,
            "3km이내백화점수":0,
            "5km이내아울렛몰수":0,
            "1km이내대형먀트수":1,
            "500m이내은행수":2,
            "500m이내병원수":54,
            "5km이내대형병원수":10,
            "500m이내공원수":1,
            "3km이내혐오시설수":2,
            "초등학교학업성취도":80.49,
            "중학교학업성취도":64.6,
            "용적률":0,
            "건폐율":27,
            "Y":37.576385,
            "X":127.08839,
            "rank":63.0,
            "area_info":"23평(78.63), 32평(105.94), 32평(106.17), 32평(106.27), 35평(118.11), 35평(118.11), 45평(151.58)",
            "last_sales":"2021-08-27,87700.0,45평(151.58)"
        },
        {
            "index":24,
            "아파트명":"중랑숲리가",
            "투자타입":"일반",
            "전용면적(m2)":"77.93",
            "전용면적(평)":"23평",
            "법정동주소":"서울시 중랑구 망우동 583",
            "도로명주소":"서울시 중랑구 망우로75길 19",
            "세대수":30,
            "입주년차":60,
            "용적률점수":"--",
            "건폐율점수":"--",
            "세대당주차수":30,
            "난방방식":30,
            "공급면적":"--",
            "전용률":"--",
            "욕실수":100,
            "현관타입":100,
            "주거총점":50.0,
            "지역구공급총점":100.0,
            "역세권":50,
            "30분내 이동가능 거점":0,
            "1시간내 이동가능 거점":40,
            "교통총점":33.0,
            "백화점":0,
            "아울렛몰":100,
            "대형마트":80,
            "은행":0,
            "병원":60,
            "종합병원":100,
            "공원":100,
            "혐오시설":0,
            "인프라총점":51.0,
            "초등학군":88.28,
            "중학군":41.24,
            "학군총점":50.648,
            "인구수":44.82,
            "인구증감":-9.32,
            "인구총점":28.578,
            "일자리":11.1,
            "소득수준":50.64,
            "일자리총점":22.962,
            "가치 총점":44.4472,
            "매매실거래년":20200718.0,
            "매매실거래가":72600.0,
            "전세실거래년":20210721.0,
            "전세실거래가":30000.0,
            "전세가율":53.67,
            "장기전세가율평균":70.62,
            "전세가율거품지수":16.95,
            "검색코드":102941,
            "세대수":381,
            "준공년월":"2012-08-31",
            "준공년차":11,
            "가까운역이름":"양원",
            "가까운역거리":536.05,
            "역세권여부":"준역세권",
            "30분이내주요거점역":0,
            "1시간이내주요거점역":4,
            "3km이내백화점수":0,
            "5km이내아울렛몰수":2,
            "1km이내대형먀트수":1,
            "500m이내은행수":0,
            "500m이내병원수":11,
            "5km이내대형병원수":8,
            "500m이내공원수":3,
            "3km이내혐오시설수":0,
            "초등학교학업성취도":88.28,
            "중학교학업성취도":67.8,
            "용적률":189,
            "건폐율":23,
            "Y":37.602451,
            "X":127.104799,
            "rank":64.0,
            "area_info":"23평(77.93), 23평(78.36), 33평(109.92), 33평(109.42), 33평(109.35), 33평(110.72), 33평(110.61), 33평(110.47), 43평(142.66), 43평(142.57), 42평(142.12), 43평(143.4)",
            "last_sales":"2020-07-18,72600.0,43평(143.4)"
        },
        {
            "index":307,
            "아파트명":"태릉브라운스톤",
            "투자타입":"일반",
            "전용면적(m2)":"74.83",
            "전용면적(평)":"22평",
            "법정동주소":"서울시 중랑구 묵동 387",
            "도로명주소":"서울시 중랑구 공릉로18길 59",
            "세대수":50,
            "입주년차":40,
            "용적률점수":"--",
            "건폐율점수":"--",
            "세대당주차수":30,
            "난방방식":30,
            "공급면적":"--",
            "전용률":"--",
            "욕실수":50,
            "현관타입":100,
            "주거총점":48.0,
            "지역구공급총점":100.0,
            "역세권":80,
            "30분내 이동가능 거점":0,
            "1시간내 이동가능 거점":20,
            "교통총점":44.0,
            "백화점":0,
            "아울렛몰":0,
            "대형마트":80,
            "은행":0,
            "병원":10,
            "종합병원":100,
            "공원":80,
            "혐오시설":-50,
            "인프라총점":34.4,
            "초등학군":91.42,
            "중학군":52.94,
            "학군총점":60.636,
            "인구수":44.82,
            "인구증감":-9.32,
            "인구총점":28.578,
            "일자리":11.1,
            "소득수준":50.64,
            "일자리총점":22.962,
            "가치 총점":44.4154,
            "매매실거래년":20211006.0,
            "매매실거래가":98000.0,
            "전세실거래년":20211210.0,
            "전세실거래가":31000.0,
            "전세가율":39.24,
            "장기전세가율평균":70.62,
            "전세가율거품지수":31.38,
            "검색코드":3467,
            "세대수":587,
            "준공년월":"2004-03-11",
            "준공년차":19,
            "가까운역이름":"화랑대",
            "가까운역거리":231.86,
            "역세권여부":"역세권",
            "30분이내주요거점역":0,
            "1시간이내주요거점역":2,
            "3km이내백화점수":0,
            "5km이내아울렛몰수":0,
            "1km이내대형먀트수":1,
            "500m이내은행수":1,
            "500m이내병원수":4,
            "5km이내대형병원수":10,
            "500m이내공원수":1,
            "3km이내혐오시설수":1,
            "초등학교학업성취도":91.42,
            "중학교학업성취도":86.3,
            "용적률":338,
            "건폐율":24,
            "Y":37.618931,
            "X":127.082479,
            "rank":65.0,
            "area_info":"22평(74.83), 31평(104.59), 32평(106.5), 38평(127.25)",
            "last_sales":"2021-10-06,98000.0,31평(104.59)"
        },
        {
            "index":471,
            "아파트명":"신내경남아너스빌",
            "투자타입":"일반",
            "전용면적(m2)":"79.06",
            "전용면적(평)":"23평",
            "법정동주소":"서울시 중랑구 신내동 804",
            "도로명주소":"서울시 중랑구 봉화산로56길 112",
            "세대수":0,
            "입주년차":40,
            "용적률점수":"--",
            "건폐율점수":"--",
            "세대당주차수":30,
            "난방방식":30,
            "공급면적":"--",
            "전용률":"--",
            "욕실수":50,
            "현관타입":100,
            "주거총점":30.5,
            "지역구공급총점":100.0,
            "역세권":50,
            "30분내 이동가능 거점":0,
            "1시간내 이동가능 거점":40,
            "교통총점":33.0,
            "백화점":0,
            "아울렛몰":100,
            "대형마트":100,
            "은행":70,
            "병원":80,
            "종합병원":100,
            "공원":80,
            "혐오시설":0,
            "인프라총점":62.4,
            "초등학군":86.87,
            "중학군":44.12,
            "학군총점":52.67,
            "인구수":44.82,
            "인구증감":-9.32,
            "인구총점":28.578,
            "일자리":11.1,
            "소득수준":50.64,
            "일자리총점":22.962,
            "가치 총점":44.2705,
            "매매실거래년":20210824.0,
            "매매실거래가":77500.0,
            "전세실거래년":20151128.0,
            "전세실거래가":29000.0,
            "전세가율":43.28,
            "장기전세가율평균":70.62,
            "전세가율거품지수":27.34,
            "검색코드":23998,
            "세대수":214,
            "준공년월":"2007-02-16",
            "준공년차":16,
            "가까운역이름":"망우",
            "가까운역거리":655.73,
            "역세권여부":"준역세권",
            "30분이내주요거점역":0,
            "1시간이내주요거점역":4,
            "3km이내백화점수":0,
            "5km이내아울렛몰수":2,
            "1km이내대형먀트수":3,
            "500m이내은행수":3,
            "500m이내병원수":45,
            "5km이내대형병원수":9,
            "500m이내공원수":1,
            "3km이내혐오시설수":0,
            "초등학교학업성취도":86.87,
            "중학교학업성취도":72.0,
            "용적률":237,
            "건폐율":22,
            "Y":37.603816,
            "X":127.097048,
            "rank":66.0,
            "area_info":"23평(79.06), 26평(88.55), 28평(94.4), 30평(101.71), 32평(105.9), 32평(105.97)",
            "last_sales":"2021-08-24,77500.0,32평(105.9)"
        },
        {
            "index":233,
            "아파트명":"동구햇살",
            "투자타입":"일반",
            "전용면적(m2)":"79.94",
            "전용면적(평)":"24평",
            "법정동주소":"서울시 중랑구 묵동 388",
            "도로명주소":"서울시 중랑구 동일로169길 41",
            "세대수":0,
            "입주년차":40,
            "용적률점수":"--",
            "건폐율점수":"--",
            "세대당주차수":30,
            "난방방식":30,
            "공급면적":"--",
            "전용률":"--",
            "욕실수":50,
            "현관타입":100,
            "주거총점":30.5,
            "지역구공급총점":100.0,
            "역세권":80,
            "30분내 이동가능 거점":0,
            "1시간내 이동가능 거점":30,
            "교통총점":46.0,
            "백화점":0,
            "아울렛몰":0,
            "대형마트":80,
            "은행":70,
            "병원":60,
            "종합병원":100,
            "공원":100,
            "혐오시설":-50,
            "인프라총점":47.0,
            "초등학군":82.18,
            "중학군":45.72,
            "학군총점":53.012,
            "인구수":44.82,
            "인구증감":-9.32,
            "인구총점":28.578,
            "일자리":11.1,
            "소득수준":50.64,
            "일자리총점":22.962,
            "가치 총점":44.2518,
            "매매실거래년":20211012.0,
            "매매실거래가":80000.0,
            "전세실거래년":20200204.0,
            "전세실거래가":29000.0,
            "전세가율":76.32,
            "장기전세가율평균":70.62,
            "전세가율거품지수":-5.7,
            "검색코드":13853,
            "세대수":163,
            "준공년월":"2004-05-12",
            "준공년차":19,
            "가까운역이름":"먹골",
            "가까운역거리":414.68,
            "역세권여부":"역세권",
            "30분이내주요거점역":0,
            "1시간이내주요거점역":3,
            "3km이내백화점수":0,
            "5km이내아울렛몰수":0,
            "1km이내대형먀트수":1,
            "500m이내은행수":3,
            "500m이내병원수":27,
            "5km이내대형병원수":9,
            "500m이내공원수":5,
            "3km이내혐오시설수":1,
            "초등학교학업성취도":82.18,
            "중학교학업성취도":75.4,
            "용적률":271,
            "건폐율":28,
            "Y":37.613254,
            "X":127.074371,
            "rank":67.0,
            "area_info":"24평(79.94), 31평(102.59), 31평(103.25), 31평(103.08)",
            "last_sales":"2021-10-12,80000.0,31평(103.25)"
        },
        {
            "index":14,
            "아파트명":"예성그린캐슬",
            "투자타입":"일반",
            "전용면적(m2)":"72.62",
            "전용면적(평)":"21평",
            "법정동주소":"서울시 중랑구 망우동 577",
            "도로명주소":"서울시 중랑구 용마산로112가길 34",
            "세대수":0,
            "입주년차":40,
            "용적률점수":"--",
            "건폐율점수":"--",
            "세대당주차수":30,
            "난방방식":30,
            "공급면적":"--",
            "전용률":"--",
            "욕실수":100,
            "현관타입":100,
            "주거총점":35.5,
            "지역구공급총점":100.0,
            "역세권":50,
            "30분내 이동가능 거점":0,
            "1시간내 이동가능 거점":40,
            "교통총점":33.0,
            "백화점":0,
            "아울렛몰":100,
            "대형마트":100,
            "은행":70,
            "병원":80,
            "종합병원":100,
            "공원":100,
            "혐오시설":0,
            "인프라총점":63.0,
            "초등학군":90.56,
            "중학군":32.52,
            "학군총점":44.128,
            "인구수":44.82,
            "인구증감":-9.32,
            "인구총점":28.578,
            "일자리":11.1,
            "소득수준":50.64,
            "일자리총점":22.962,
            "가치 총점":44.1692,
            "매매실거래년":20210409.0,
            "매매실거래가":61500.0,
            "전세실거래년":null,
            "전세실거래가":null,
            "전세가율":null,
            "장기전세가율평균":70.62,
            "전세가율거품지수":null,
            "검색코드":9054,
            "세대수":191,
            "준공년월":"2004-05-25",
            "준공년차":19,
            "가까운역이름":"망우",
            "가까운역거리":933.33,
            "역세권여부":"준역세권",
            "30분이내주요거점역":0,
            "1시간이내주요거점역":4,
            "3km이내백화점수":0,
            "5km이내아울렛몰수":2,
            "1km이내대형먀트수":2,
            "500m이내은행수":3,
            "500m이내병원수":49,
            "5km이내대형병원수":8,
            "500m이내공원수":3,
            "3km이내혐오시설수":0,
            "초등학교학업성취도":90.56,
            "중학교학업성취도":54.2,
            "용적률":296,
            "건폐율":20,
            "Y":37.597078,
            "X":127.102033,
            "rank":68.0,
            "area_info":"21평(72.62), 23평(77.67), 32평(105.98)",
            "last_sales":"2021-04-09,61500.0,32평(105.98)"
        },
        {
            "index":456,
            "아파트명":"신내11단지대명",
            "투자타입":"일반",
            "전용면적(m2)":"54.45",
            "전용면적(평)":"16평",
            "법정동주소":"서울시 중랑구 신내동 661",
            "도로명주소":"서울시 중랑구 봉화산로 193",
            "세대수":80,
            "입주년차":0,
            "용적률점수":"--",
            "건폐율점수":"--",
            "세대당주차수":0,
            "난방방식":100,
            "공급면적":"--",
            "전용률":"--",
            "욕실수":50,
            "현관타입":10,
            "주거총점":44.0,
            "지역구공급총점":100.0,
            "역세권":50,
            "30분내 이동가능 거점":0,
            "1시간내 이동가능 거점":40,
            "교통총점":33.0,
            "백화점":0,
            "아울렛몰":80,
            "대형마트":80,
            "은행":20,
            "병원":80,
            "종합병원":100,
            "공원":100,
            "혐오시설":0,
            "인프라총점":53.0,
            "초등학군":86.95,
            "중학군":44.12,
            "학군총점":52.686,
            "인구수":44.82,
            "인구증감":-9.32,
            "인구총점":28.578,
            "일자리":11.1,
            "소득수준":50.64,
            "일자리총점":22.962,
            "가치 총점":44.1529,
            "매매실거래년":20210914.0,
            "매매실거래가":70000.0,
            "전세실거래년":20211105.0,
            "전세실거래가":26500.0,
            "전세가율":50.48,
            "장기전세가율평균":70.62,
            "전세가율거품지수":20.14,
            "검색코드":809,
            "세대수":804,
            "준공년월":"1996-03-13",
            "준공년차":27,
            "가까운역이름":"망우",
            "가까운역거리":891.42,
            "역세권여부":"준역세권",
            "30분이내주요거점역":0,
            "1시간이내주요거점역":4,
            "3km이내백화점수":0,
            "5km이내아울렛몰수":1,
            "1km이내대형먀트수":1,
            "500m이내은행수":2,
            "500m이내병원수":32,
            "5km이내대형병원수":9,
            "500m이내공원수":2,
            "3km이내혐오시설수":0,
            "초등학교학업성취도":86.95,
            "중학교학업성취도":72.0,
            "용적률":207,
            "건폐율":18,
            "Y":37.607353,
            "X":127.09423,
            "rank":69.0,
            "area_info":"16평(54.45), 20평(68.15), 24평(81.84)",
            "last_sales":"2021-09-14,70000.0,24평(81.84)"
        },
        {
            "index":422,
            "아파트명":"동성3차",
            "투자타입":"일반",
            "전용면적(m2)":"84.73",
            "전용면적(평)":"25평",
            "법정동주소":"서울시 중랑구 신내동 618",
            "도로명주소":"서울시 중랑구 신내로 110",
            "세대수":80,
            "입주년차":0,
            "용적률점수":"--",
            "건폐율점수":"--",
            "세대당주차수":0,
            "난방방식":100,
            "공급면적":"--",
            "전용률":"--",
            "욕실수":50,
            "현관타입":10,
            "주거총점":44.0,
            "지역구공급총점":100.0,
            "역세권":50,
            "30분내 이동가능 거점":0,
            "1시간내 이동가능 거점":40,
            "교통총점":33.0,
            "백화점":0,
            "아울렛몰":100,
            "대형마트":80,
            "은행":20,
            "병원":60,
            "종합병원":100,
            "공원":100,
            "혐오시설":0,
            "인프라총점":53.0,
            "초등학군":86.95,
            "중학군":44.12,
            "학군총점":52.686,
            "인구수":44.82,
            "인구증감":-9.32,
            "인구총점":28.578,
            "일자리":11.1,
            "소득수준":50.64,
            "일자리총점":22.962,
            "가치 총점":44.1529,
            "매매실거래년":20211208.0,
            "매매실거래가":92500.0,
            "전세실거래년":20211224.0,
            "전세실거래가":26000.0,
            "전세가율":44.44,
            "장기전세가율평균":70.62,
            "전세가율거품지수":26.18,
            "검색코드":813,
            "세대수":800,
            "준공년월":"1997-05-07",
            "준공년차":26,
            "가까운역이름":"신내",
            "가까운역거리":769.71,
            "역세권여부":"준역세권",
            "30분이내주요거점역":0,
            "1시간이내주요거점역":4,
            "3km이내백화점수":0,
            "5km이내아울렛몰수":2,
            "1km이내대형먀트수":1,
            "500m이내은행수":2,
            "500m이내병원수":28,
            "5km이내대형병원수":9,
            "500m이내공원수":5,
            "3km이내혐오시설수":0,
            "초등학교학업성취도":86.95,
            "중학교학업성취도":72.0,
            "용적률":325,
            "건폐율":21,
            "Y":37.608684,
            "X":127.096275,
            "rank":69.0,
            "area_info":"25평(84.73), 30평(101.91), 31평(102.48), 32평(108.48), 39평(131.68), 47평(158.01), 50평(165.69), 51평(171.31)",
            "last_sales":"2021-12-08,92500.0,50평(165.69)"
        },
        {
            "index":245,
            "아파트명":"묵동신도",
            "투자타입":"일반",
            "전용면적(m2)":"70.97",
            "전용면적(평)":"21평",
            "법정동주소":"서울시 중랑구 묵동 169-10",
            "도로명주소":"서울시 중랑구 동일로 946",
            "세대수":0,
            "입주년차":40,
            "용적률점수":"--",
            "건폐율점수":"--",
            "세대당주차수":0,
            "난방방식":30,
            "공급면적":"--",
            "전용률":"--",
            "욕실수":50,
            "현관타입":100,
            "주거총점":26.0,
            "지역구공급총점":100.0,
            "역세권":80,
            "30분내 이동가능 거점":0,
            "1시간내 이동가능 거점":30,
            "교통총점":46.0,
            "백화점":0,
            "아울렛몰":0,
            "대형마트":80,
            "은행":70,
            "병원":80,
            "종합병원":100,
            "공원":100,
            "혐오시설":-50,
            "인프라총점":49.0,
            "초등학군":87.13,
            "중학군":45.72,
            "학군총점":54.002,
            "인구수":44.82,
            "인구증감":-9.32,
            "인구총점":28.578,
            "일자리":11.1,
            "소득수준":50.64,
            "일자리총점":22.962,
            "가치 총점":44.1003,
            "매매실거래년":20211113.0,
            "매매실거래가":52000.0,
            "전세실거래년":20220108.0,
            "전세실거래가":29400.0,
            "전세가율":56.54,
            "장기전세가율평균":70.62,
            "전세가율거품지수":14.08,
            "검색코드":19000,
            "세대수":100,
            "준공년월":"2004-10-12",
            "준공년차":19,
            "가까운역이름":"태릉입구",
            "가까운역거리":360.89,
            "역세권여부":"역세권",
            "30분이내주요거점역":0,
            "1시간이내주요거점역":3,
            "3km이내백화점수":0,
            "5km이내아울렛몰수":0,
            "1km이내대형먀트수":1,
            "500m이내은행수":4,
            "500m이내병원수":31,
            "5km이내대형병원수":9,
            "500m이내공원수":5,
            "3km이내혐오시설수":1,
            "초등학교학업성취도":87.13,
            "중학교학업성취도":75.4,
            "용적률":591,
            "건폐율":59,
            "Y":37.61503,
            "X":127.07682,
            "rank":70.0,
            "area_info":"21평(70.97), 21평(71.26)",
            "last_sales":"2021-11-13,52000.0,21평(70.97)"
        },
        {
            "index":527,
            "아파트명":"미영리치타운",
            "투자타입":"일반",
            "전용면적(m2)":"101.38",
            "전용면적(평)":"30평",
            "법정동주소":"서울시 중랑구 중화동 207-14",
            "도로명주소":"서울시 중랑구 망우로 223-8",
            "세대수":0,
            "입주년차":40,
            "용적률점수":"--",
            "건폐율점수":"--",
            "세대당주차수":30,
            "난방방식":30,
            "공급면적":"--",
            "전용률":"--",
            "욕실수":100,
            "현관타입":100,
            "주거총점":35.5,
            "지역구공급총점":100.0,
            "역세권":80,
            "30분내 이동가능 거점":0,
            "1시간내 이동가능 거점":60,
            "교통총점":52.0,
            "백화점":0,
            "아울렛몰":0,
            "대형마트":0,
            "은행":70,
            "병원":80,
            "종합병원":100,
            "공원":100,
            "혐오시설":0,
            "인프라총점":38.0,
            "초등학군":91.05,
            "중학군":38.58,
            "학군총점":49.074,
            "인구수":44.82,
            "인구증감":-9.32,
            "인구총점":28.578,
            "일자리":11.1,
            "소득수준":50.64,
            "일자리총점":22.962,
            "가치 총점":44.0611,
            "매매실거래년":20210705.0,
            "매매실거래가":76000.0,
            "전세실거래년":20210802.0,
            "전세실거래가":35700.0,
            "전세가율":46.97,
            "장기전세가율평균":70.62,
            "전세가율거품지수":23.65,
            "검색코드":100516,
            "세대수":111,
            "준공년월":"2007-11-22",
            "준공년차":16,
            "가까운역이름":"중랑",
            "가까운역거리":169.72,
            "역세권여부":"역세권",
            "30분이내주요거점역":0,
            "1시간이내주요거점역":6,
            "3km이내백화점수":0,
            "5km이내아울렛몰수":0,
            "1km이내대형먀트수":0,
            "500m이내은행수":4,
            "500m이내병원수":42,
            "5km이내대형병원수":12,
            "500m이내공원수":4,
            "3km이내혐오시설수":0,
            "초등학교학업성취도":91.05,
            "중학교학업성취도":63.7,
            "용적률":393,
            "건폐율":0,
            "Y":37.595109,
            "X":127.078027,
            "rank":71.0,
            "area_info":"30평(101.38), 33평(110.15)",
            "last_sales":"2021-07-05,76000.0,30평(101.38)"
        },
        {
            "index":228,
            "아파트명":"금호어울림",
            "투자타입":"일반",
            "전용면적(m2)":"73.73",
            "전용면적(평)":"22평",
            "법정동주소":"서울시 중랑구 묵동 386",
            "도로명주소":"서울시 중랑구 공릉로2길 39",
            "세대수":0,
            "입주년차":20,
            "용적률점수":"--",
            "건폐율점수":"--",
            "세대당주차수":30,
            "난방방식":30,
            "공급면적":"--",
            "전용률":"--",
            "욕실수":50,
            "현관타입":100,
            "주거총점":26.5,
            "지역구공급총점":100.0,
            "역세권":80,
            "30분내 이동가능 거점":0,
            "1시간내 이동가능 거점":30,
            "교통총점":46.0,
            "백화점":0,
            "아울렛몰":0,
            "대형마트":80,
            "은행":70,
            "병원":80,
            "종합병원":100,
            "공원":100,
            "혐오시설":-50,
            "인프라총점":49.0,
            "초등학군":82.18,
            "중학군":45.72,
            "학군총점":53.012,
            "인구수":44.82,
            "인구증감":-9.32,
            "인구총점":28.578,
            "일자리":11.1,
            "소득수준":50.64,
            "일자리총점":22.962,
            "가치 총점":44.0518,
            "매매실거래년":20210818.0,
            "매매실거래가":98750.0,
            "전세실거래년":20201210.0,
            "전세실거래가":40000.0,
            "전세가율":57.14,
            "장기전세가율평균":70.62,
            "전세가율거품지수":13.48,
            "검색코드":9204,
            "세대수":193,
            "준공년월":"2003-12-03",
            "준공년차":20,
            "가까운역이름":"먹골",
            "가까운역거리":304.44,
            "역세권여부":"역세권",
            "30분이내주요거점역":0,
            "1시간이내주요거점역":3,
            "3km이내백화점수":0,
            "5km이내아울렛몰수":0,
            "1km이내대형먀트수":1,
            "500m이내은행수":3,
            "500m이내병원수":35,
            "5km이내대형병원수":10,
            "500m이내공원수":5,
            "3km이내혐오시설수":1,
            "초등학교학업성취도":82.18,
            "중학교학업성취도":75.4,
            "용적률":272,
            "건폐율":21,
            "Y":37.61267,
            "X":127.08004,
            "rank":72.0,
            "area_info":"22평(73.73), 32평(105.79), 32평(105.98), 36평(121.04), 38평(126.68)",
            "last_sales":"2021-08-18,98750.0,38평(126.68)"
        },
        {
            "index":254,
            "아파트명":"묵동신안2차",
            "투자타입":"일반",
            "전용면적(m2)":"92.32",
            "전용면적(평)":"27평",
            "법정동주소":"서울시 중랑구 묵동 382",
            "도로명주소":"서울시 중랑구 공릉로2나길 46",
            "세대수":0,
            "입주년차":20,
            "용적률점수":"--",
            "건폐율점수":"--",
            "세대당주차수":30,
            "난방방식":30,
            "공급면적":"--",
            "전용률":"--",
            "욕실수":50,
            "현관타입":10,
            "주거총점":17.5,
            "지역구공급총점":100.0,
            "역세권":80,
            "30분내 이동가능 거점":0,
            "1시간내 이동가능 거점":50,
            "교통총점":50.0,
            "백화점":0,
            "아울렛몰":0,
            "대형마트":80,
            "은행":70,
            "병원":80,
            "종합병원":100,
            "공원":100,
            "혐오시설":-50,
            "인프라총점":49.0,
            "초등학군":91.42,
            "중학군":45.72,
            "학군총점":54.86,
            "인구수":44.82,
            "인구증감":-9.32,
            "인구총점":28.578,
            "일자리":11.1,
            "소득수준":50.64,
            "일자리총점":22.962,
            "가치 총점":43.929,
            "매매실거래년":20210219.0,
            "매매실거래가":59500.0,
            "전세실거래년":20211126.0,
            "전세실거래가":45000.0,
            "전세가율":75.63,
            "장기전세가율평균":70.62,
            "전세가율거품지수":-5.01,
            "검색코드":3843,
            "세대수":171,
            "준공년월":"2000-02-29",
            "준공년차":23,
            "가까운역이름":"먹골",
            "가까운역거리":444.55,
            "역세권여부":"역세권",
            "30분이내주요거점역":0,
            "1시간이내주요거점역":5,
            "3km이내백화점수":0,
            "5km이내아울렛몰수":0,
            "1km이내대형먀트수":1,
            "500m이내은행수":3,
            "500m이내병원수":31,
            "5km이내대형병원수":10,
            "500m이내공원수":5,
            "3km이내혐오시설수":1,
            "초등학교학업성취도":91.42,
            "중학교학업성취도":75.4,
            "용적률":300,
            "건폐율":29,
            "Y":37.61413,
            "X":127.08018,
            "rank":73.0,
            "area_info":"27평(92.32), 33평(109.74)",
            "last_sales":"2021-02-19,59500.0,27평(92.32)"
        },
        {
            "index":142,
            "아파트명":"성원",
            "투자타입":"일반",
            "전용면적(m2)":"84.69",
            "전용면적(평)":"25평",
            "법정동주소":"서울시 중랑구 면목동 1515",
            "도로명주소":"서울시 중랑구 용마산로 278",
            "세대수":0,
            "입주년차":0,
            "용적률점수":"--",
            "건폐율점수":"--",
            "세대당주차수":0,
            "난방방식":30,
            "공급면적":"--",
            "전용률":"--",
            "욕실수":50,
            "현관타입":100,
            "주거총점":18.0,
            "지역구공급총점":100.0,
            "역세권":80,
            "30분내 이동가능 거점":20,
            "1시간내 이동가능 거점":60,
            "교통총점":58.0,
            "백화점":0,
            "아울렛몰":0,
            "대형마트":80,
            "은행":20,
            "병원":100,
            "종합병원":100,
            "공원":0,
            "혐오시설":-50,
            "인프라총점":43.0,
            "초등학군":80.49,
            "중학군":39.08,
            "학군총점":47.362,
            "인구수":44.82,
            "인구증감":-9.32,
            "인구총점":28.578,
            "일자리":11.1,
            "소득수준":50.64,
            "일자리총점":22.962,
            "가치 총점":43.9043,
            "매매실거래년":20210903.0,
            "매매실거래가":89900.0,
            "전세실거래년":20210728.0,
            "전세실거래가":33000.0,
            "전세가율":51.16,
            "장기전세가율평균":70.62,
            "전세가율거품지수":19.46,
            "검색코드":801,
            "세대수":168,
            "준공년월":"1997-06-13",
            "준공년차":26,
            "가까운역이름":"사가정",
            "가까운역거리":441.02,
            "역세권여부":"역세권",
            "30분이내주요거점역":1,
            "1시간이내주요거점역":6,
            "3km이내백화점수":0,
            "5km이내아울렛몰수":0,
            "1km이내대형먀트수":1,
            "500m이내은행수":2,
            "500m이내병원수":60,
            "5km이내대형병원수":10,
            "500m이내공원수":0,
            "3km이내혐오시설수":1,
            "초등학교학업성취도":80.49,
            "중학교학업성취도":64.6,
            "용적률":353,
            "건폐율":54,
            "Y":37.577367,
            "X":127.090767,
            "rank":74.0,
            "area_info":"25평(84.69), 33평(111.44), 44평(145.63)",
            "last_sales":"2021-09-03,89900.0,44평(145.63)"
        },
        {
            "index":465,
            "아파트명":"신내8단지두산화성",
            "투자타입":"일반",
            "전용면적(m2)":"92.96",
            "전용면적(평)":"28평",
            "법정동주소":"서울시 중랑구 신내동 656",
            "도로명주소":"서울시 중랑구 신내로 155",
            "세대수":80,
            "입주년차":0,
            "용적률점수":"--",
            "건폐율점수":"--",
            "세대당주차수":0,
            "난방방식":100,
            "공급면적":"--",
            "전용률":"--",
            "욕실수":50,
            "현관타입":10,
            "주거총점":44.0,
            "지역구공급총점":100.0,
            "역세권":50,
            "30분내 이동가능 거점":0,
            "1시간내 이동가능 거점":20,
            "교통총점":29.0,
            "백화점":0,
            "아울렛몰":100,
            "대형마트":80,
            "은행":20,
            "병원":60,
            "종합병원":100,
            "공원":100,
            "혐오시설":0,
            "인프라총점":53.0,
            "초등학군":84.77,
            "중학군":52.94,
            "학군총점":59.306,
            "인구수":44.82,
            "인구증감":-9.32,
            "인구총점":28.578,
            "일자리":11.1,
            "소득수준":50.64,
            "일자리총점":22.962,
            "가치 총점":43.7459,
            "매매실거래년":20211122.0,
            "매매실거래가":86000.0,
            "전세실거래년":20211228.0,
            "전세실거래가":31500.0,
            "전세가율":40.91,
            "장기전세가율평균":70.62,
            "전세가율거품지수":29.71,
            "검색코드":815,
            "세대수":763,
            "준공년월":"1995-12-22",
            "준공년차":28,
            "가까운역이름":"봉화산",
            "가까운역거리":515.74,
            "역세권여부":"준역세권",
            "30분이내주요거점역":0,
            "1시간이내주요거점역":2,
            "3km이내백화점수":0,
            "5km이내아울렛몰수":2,
            "1km이내대형먀트수":1,
            "500m이내은행수":2,
            "500m이내병원수":12,
            "5km이내대형병원수":9,
            "500m이내공원수":5,
            "3km이내혐오시설수":0,
            "초등학교학업성취도":84.77,
            "중학교학업성취도":86.3,
            "용적률":241,
            "건폐율":20,
            "Y":37.613676,
            "X":127.095082,
            "rank":75.0,
            "area_info":"28평(92.96), 32평(106.4)",
            "last_sales":"2021-11-22,86000.0,32평(106.4)"
        },
        {
            "index":467,
            "아파트명":"신내9단지진흥",
            "투자타입":"일반",
            "전용면적(m2)":"47.2",
            "전용면적(평)":"14평",
            "법정동주소":"서울시 중랑구 신내동 657",
            "도로명주소":"서울시 중랑구 신내로 127",
            "세대수":100,
            "입주년차":0,
            "용적률점수":"--",
            "건폐율점수":"--",
            "세대당주차수":0,
            "난방방식":100,
            "공급면적":"--",
            "전용률":"--",
            "욕실수":50,
            "현관타입":10,
            "주거총점":51.0,
            "지역구공급총점":100.0,
            "역세권":50,
            "30분내 이동가능 거점":0,
            "1시간내 이동가능 거점":20,
            "교통총점":29.0,
            "백화점":0,
            "아울렛몰":80,
            "대형마트":80,
            "은행":20,
            "병원":60,
            "종합병원":100,
            "공원":100,
            "혐오시설":0,
            "인프라총점":51.0,
            "초등학군":84.77,
            "중학군":44.12,
            "학군총점":52.25,
            "인구수":44.82,
            "인구증감":-9.32,
            "인구총점":28.578,
            "일자리":11.1,
            "소득수준":50.64,
            "일자리총점":22.962,
            "가치 총점":43.4875,
            "매매실거래년":20211223.0,
            "매매실거래가":42400.0,
            "전세실거래년":20211229.0,
            "전세실거래가":16275.0,
            "전세가율":38.38,
            "장기전세가율평균":70.62,
            "전세가율거품지수":32.24,
            "검색코드":817,
            "세대수":1650,
            "준공년월":"1996-06-21",
            "준공년차":27,
            "가까운역이름":"봉화산",
            "가까운역거리":620.68,
            "역세권여부":"준역세권",
            "30분이내주요거점역":0,
            "1시간이내주요거점역":2,
            "3km이내백화점수":0,
            "5km이내아울렛몰수":1,
            "1km이내대형먀트수":1,
            "500m이내은행수":2,
            "500m이내병원수":10,
            "5km이내대형병원수":9,
            "500m이내공원수":6,
            "3km이내혐오시설수":0,
            "초등학교학업성취도":84.77,
            "중학교학업성취도":72.0,
            "용적률":188,
            "건폐율":19,
            "Y":37.612248,
            "X":127.094443,
            "rank":76.0,
            "area_info":"14평(47.2), 17평(56.66), 21평(70.85), 21평(71.0)",
            "last_sales":"2021-12-23,42400.0,14평(47.2)"
        },
        {
            "index":516,
            "아파트명":"우남푸르미아",
            "투자타입":"일반",
            "전용면적(m2)":"99.42",
            "전용면적(평)":"30평",
            "법정동주소":"서울시 중랑구 신내동 802",
            "도로명주소":"서울시 중랑구 봉화산로56길 51",
            "세대수":0,
            "입주년차":40,
            "용적률점수":"--",
            "건폐율점수":"--",
            "세대당주차수":30,
            "난방방식":30,
            "공급면적":"--",
            "전용률":"--",
            "욕실수":100,
            "현관타입":100,
            "주거총점":35.5,
            "지역구공급총점":100.0,
            "역세권":50,
            "30분내 이동가능 거점":0,
            "1시간내 이동가능 거점":50,
            "교통총점":35.0,
            "백화점":0,
            "아울렛몰":100,
            "대형마트":80,
            "은행":20,
            "병원":80,
            "종합병원":100,
            "공원":100,
            "혐오시설":0,
            "인프라총점":55.0,
            "초등학군":87.32,
            "중학군":40.52,
            "학군총점":49.88,
            "인구수":44.82,
            "인구증감":-9.32,
            "인구총점":28.578,
            "일자리":11.1,
            "소득수준":50.64,
            "일자리총점":22.962,
            "가치 총점":43.332,
            "매매실거래년":20211018.0,
            "매매실거래가":76000.0,
            "전세실거래년":20211007.0,
            "전세실거래가":33500.0,
            "전세가율":44.08,
            "장기전세가율평균":70.62,
            "전세가율거품지수":26.54,
            "검색코드":17458,
            "세대수":153,
            "준공년월":"2005-04-04",
            "준공년차":18,
            "가까운역이름":"양원",
            "가까운역거리":817.85,
            "역세권여부":"준역세권",
            "30분이내주요거점역":0,
            "1시간이내주요거점역":5,
            "3km이내백화점수":0,
            "5km이내아울렛몰수":2,
            "1km이내대형먀트수":1,
            "500m이내은행수":2,
            "500m이내병원수":33,
            "5km이내대형병원수":9,
            "500m이내공원수":3,
            "3km이내혐오시설수":0,
            "초등학교학업성취도":87.32,
            "중학교학업성취도":66.6,
            "용적률":269,
            "건폐율":22,
            "Y":37.606405,
            "X":127.098625,
            "rank":77.0,
            "area_info":"30평(99.42), 31평(102.55), 31평(102.55), 45평(151.71)",
            "last_sales":"2021-10-18,76000.0,30평(99.42)"
        },
        {
            "index":549,
            "아파트명":"태능에셈빌",
            "투자타입":"일반",
            "전용면적(m2)":"78.47",
            "전용면적(평)":"23평",
            "법정동주소":"서울시 중랑구 중화동 314-1",
            "도로명주소":"서울시 중랑구 동일로129길 35",
            "세대수":0,
            "입주년차":40,
            "용적률점수":"--",
            "건폐율점수":"--",
            "세대당주차수":80,
            "난방방식":30,
            "공급면적":"--",
            "전용률":"--",
            "욕실수":50,
            "현관타입":10,
            "주거총점":29.0,
            "지역구공급총점":100.0,
            "역세권":80,
            "30분내 이동가능 거점":0,
            "1시간내 이동가능 거점":70,
            "교통총점":54.0,
            "백화점":0,
            "아울렛몰":0,
            "대형마트":0,
            "은행":70,
            "병원":80,
            "종합병원":100,
            "공원":100,
            "혐오시설":0,
            "인프라총점":38.0,
            "초등학군":85.23,
            "중학군":38.58,
            "학군총점":47.91,
            "인구수":44.82,
            "인구증감":-9.32,
            "인구총점":28.578,
            "일자리":11.1,
            "소득수준":50.64,
            "일자리총점":22.962,
            "가치 총점":43.2865,
            "매매실거래년":20211019.0,
            "매매실거래가":71000.0,
            "전세실거래년":20150106.0,
            "전세실거래가":14500.0,
            "전세가율":38.16,
            "장기전세가율평균":70.62,
            "전세가율거품지수":32.46,
            "검색코드":14082,
            "세대수":103,
            "준공년월":"2005-03-28",
            "준공년차":18,
            "가까운역이름":"중화",
            "가까운역거리":395.3,
            "역세권여부":"역세권",
            "30분이내주요거점역":0,
            "1시간이내주요거점역":7,
            "3km이내백화점수":0,
            "5km이내아울렛몰수":0,
            "1km이내대형먀트수":0,
            "500m이내은행수":3,
            "500m이내병원수":39,
            "5km이내대형병원수":11,
            "500m이내공원수":3,
            "3km이내혐오시설수":0,
            "초등학교학업성취도":85.23,
            "중학교학업성취도":63.7,
            "용적률":384,
            "건폐율":58,
            "Y":37.59921,
            "X":127.07771,
            "rank":78.0,
            "area_info":"23평(78.47), 31평(105.33), 32평(107.29), 32평(108.0), 33평(110.73)",
            "last_sales":"2021-10-19,71000.0,33평(110.73)"
        },
        {
            "index":498,
            "아파트명":"신내우디안1단지",
            "투자타입":"일반",
            "전용면적(m2)":"84.96",
            "전용면적(평)":"25평",
            "법정동주소":"서울시 중랑구 신내동 816",
            "도로명주소":"서울시 중랑구 신내역로1길 85",
            "세대수":90,
            "입주년차":80,
            "용적률점수":"--",
            "건폐율점수":"--",
            "세대당주차수":30,
            "난방방식":30,
            "공급면적":"--",
            "전용률":"--",
            "욕실수":100,
            "현관타입":100,
            "주거총점":75.0,
            "지역구공급총점":100.0,
            "역세권":50,
            "30분내 이동가능 거점":0,
            "1시간내 이동가능 거점":30,
            "교통총점":31.0,
            "백화점":0,
            "아울렛몰":100,
            "대형마트":0,
            "은행":0,
            "병원":10,
            "종합병원":100,
            "공원":80,
            "혐오시설":0,
            "인프라총점":33.4,
            "초등학군":84.86,
            "중학군":40.52,
            "학군총점":49.388,
            "인구수":44.82,
            "인구증감":-9.32,
            "인구총점":28.578,
            "일자리":11.1,
            "소득수준":50.64,
            "일자리총점":22.962,
            "가치 총점":43.2782,
            "매매실거래년":20171227.0,
            "매매실거래가":54500.0,
            "전세실거래년":20200819.0,
            "전세실거래가":13063.0,
            "전세가율":52.15,
            "장기전세가율평균":70.62,
            "전세가율거품지수":18.47,
            "검색코드":108142,
            "세대수":1402,
            "준공년월":"2014-06-18",
            "준공년차":9,
            "가까운역이름":"신내",
            "가까운역거리":609.87,
            "역세권여부":"준역세권",
            "30분이내주요거점역":0,
            "1시간이내주요거점역":3,
            "3km이내백화점수":0,
            "5km이내아울렛몰수":2,
            "1km이내대형먀트수":0,
            "500m이내은행수":0,
            "500m이내병원수":2,
            "5km이내대형병원수":7,
            "500m이내공원수":1,
            "3km이내혐오시설수":0,
            "초등학교학업성취도":84.86,
            "중학교학업성취도":66.6,
            "용적률":184,
            "건폐율":19,
            "Y":37.617595,
            "X":127.10677,
            "rank":79.0,
            "area_info":"25평(84.96), 25평(84.91), 25평(84.91), 25평(84.77), 25평(84.87), 25평(85.71), 25평(85.15), 25평(85.12), 25평(85.46), 35평(118.75), 35평(118.84), 35평(118.83), 36평(119.25), 36평(120.27), 36평(120.82), 43평(142.51), 43평(143.44)",
            "last_sales":"2017-12-27,54500.0,43평(143.44)"
        },
        {
            "index":247,
            "아파트명":"묵동신도1차",
            "투자타입":"일반",
            "전용면적(m2)":"43.75",
            "전용면적(평)":"13평",
            "법정동주소":"서울시 중랑구 묵동 167",
            "도로명주소":"서울시 중랑구 공릉로13길 30",
            "세대수":0,
            "입주년차":0,
            "용적률점수":"--",
            "건폐율점수":"--",
            "세대당주차수":30,
            "난방방식":30,
            "공급면적":"--",
            "전용률":"--",
            "욕실수":50,
            "현관타입":10,
            "주거총점":13.5,
            "지역구공급총점":100.0,
            "역세권":80,
            "30분내 이동가능 거점":0,
            "1시간내 이동가능 거점":50,
            "교통총점":50.0,
            "백화점":0,
            "아울렛몰":0,
            "대형마트":80,
            "은행":70,
            "병원":60,
            "종합병원":100,
            "공원":100,
            "혐오시설":-50,
            "인프라총점":47.0,
            "초등학군":87.13,
            "중학군":52.94,
            "학군총점":59.778,
            "인구수":44.82,
            "인구증감":-9.32,
            "인구총점":28.578,
            "일자리":11.1,
            "소득수준":50.64,
            "일자리총점":22.962,
            "가치 총점":43.2667,
            "매매실거래년":20210721.0,
            "매매실거래가":85000.0,
            "전세실거래년":null,
            "전세실거래가":null,
            "전세가율":null,
            "장기전세가율평균":70.62,
            "전세가율거품지수":null,
            "검색코드":3842,
            "세대수":221,
            "준공년월":"1998-10-15",
            "준공년차":25,
            "가까운역이름":"태릉입구",
            "가까운역거리":253.5,
            "역세권여부":"역세권",
            "30분이내주요거점역":0,
            "1시간이내주요거점역":5,
            "3km이내백화점수":0,
            "5km이내아울렛몰수":0,
            "1km이내대형먀트수":1,
            "500m이내은행수":4,
            "500m이내병원수":15,
            "5km이내대형병원수":9,
            "500m이내공원수":2,
            "3km이내혐오시설수":1,
            "초등학교학업성취도":87.13,
            "중학교학업성취도":86.3,
            "용적률":380,
            "건폐율":23,
            "Y":37.616938,
            "X":127.077678,
            "rank":80.0,
            "area_info":"13평(43.75), 13평(43.97), 13평(44.57), 26평(86.65), 26평(86.13), 32평(109.04), 42평(142.06)",
            "last_sales":"2021-07-21,85000.0,42평(142.06)"
        },
        {
            "index":145,
            "아파트명":"신성",
            "투자타입":"일반",
            "전용면적(m2)":"86.92",
            "전용면적(평)":"26평",
            "법정동주소":"서울시 중랑구 면목동 1519",
            "도로명주소":"서울시 중랑구 중랑천로 43",
            "세대수":0,
            "입주년차":0,
            "용적률점수":"--",
            "건폐율점수":"--",
            "세대당주차수":30,
            "난방방식":30,
            "공급면적":"--",
            "전용률":"--",
            "욕실수":50,
            "현관타입":50,
            "주거총점":17.5,
            "지역구공급총점":100.0,
            "역세권":50,
            "30분내 이동가능 거점":0,
            "1시간내 이동가능 거점":70,
            "교통총점":39.0,
            "백화점":100,
            "아울렛몰":0,
            "대형마트":0,
            "은행":0,
            "병원":60,
            "종합병원":100,
            "공원":100,
            "혐오시설":0,
            "인프라총점":59.0,
            "초등학군":88.26,
            "중학군":47.48,
            "학군총점":55.636,
            "인구수":44.82,
            "인구증감":-9.32,
            "인구총점":28.578,
            "일자리":11.1,
            "소득수준":50.64,
            "일자리총점":22.962,
            "가치 총점":43.1954,
            "매매실거래년":20210821.0,
            "매매실거래가":80000.0,
            "전세실거래년":20210909.0,
            "전세실거래가":40000.0,
            "전세가율":66.67,
            "장기전세가율평균":70.62,
            "전세가율거품지수":3.95,
            "검색코드":833,
            "세대수":266,
            "준공년월":"1998-10-31",
            "준공년차":25,
            "가까운역이름":"중랑",
            "가까운역거리":712.56,
            "역세권여부":"준역세권",
            "30분이내주요거점역":0,
            "1시간이내주요거점역":7,
            "3km이내백화점수":1,
            "5km이내아울렛몰수":0,
            "1km이내대형먀트수":0,
            "500m이내은행수":0,
            "500m이내병원수":14,
            "5km이내대형병원수":10,
            "500m이내공원수":2,
            "3km이내혐오시설수":0,
            "초등학교학업성취도":88.26,
            "중학교학업성취도":78.8,
            "용적률":368,
            "건폐율":27,
            "Y":37.588961,
            "X":127.073132,
            "rank":81.0,
            "area_info":"26평(86.92), 32평(107.94), 39평(130.97)",
            "last_sales":"2021-08-21,80000.0,39평(130.97)"
        },
        {
            "index":183,
            "아파트명":"풍림",
            "투자타입":"일반",
            "전용면적(m2)":"85.98",
            "전용면적(평)":"26평",
            "법정동주소":"서울시 중랑구 면목동 1514",
            "도로명주소":"서울시 중랑구 망우로26길 43",
            "세대수":0,
            "입주년차":0,
            "용적률점수":"--",
            "건폐율점수":"--",
            "세대당주차수":0,
            "난방방식":30,
            "공급면적":"--",
            "전용률":"--",
            "욕실수":50,
            "현관타입":100,
            "주거총점":18.0,
            "지역구공급총점":100.0,
            "역세권":50,
            "30분내 이동가능 거점":0,
            "1시간내 이동가능 거점":70,
            "교통총점":39.0,
            "백화점":100,
            "아울렛몰":0,
            "대형마트":0,
            "은행":0,
            "병원":60,
            "종합병원":100,
            "공원":80,
            "혐오시설":0,
            "인프라총점":58.4,
            "초등학군":88.26,
            "중학군":47.48,
            "학군총점":55.636,
            "인구수":44.82,
            "인구증감":-9.32,
            "인구총점":28.578,
            "일자리":11.1,
            "소득수준":50.64,
            "일자리총점":22.962,
            "가치 총점":43.1154,
            "매매실거래년":20210823.0,
            "매매실거래가":60000.0,
            "전세실거래년":20211115.0,
            "전세실거래가":40000.0,
            "전세가율":66.67,
            "장기전세가율평균":70.62,
            "전세가율거품지수":3.95,
            "검색코드":1244,
            "세대수":132,
            "준공년월":"1997-01-23",
            "준공년차":26,
            "가까운역이름":"중랑",
            "가까운역거리":555.02,
            "역세권여부":"준역세권",
            "30분이내주요거점역":0,
            "1시간이내주요거점역":7,
            "3km이내백화점수":1,
            "5km이내아울렛몰수":0,
            "1km이내대형먀트수":0,
            "500m이내은행수":1,
            "500m이내병원수":28,
            "5km이내대형병원수":10,
            "500m이내공원수":1,
            "3km이내혐오시설수":0,
            "초등학교학업성취도":88.26,
            "중학교학업성취도":78.8,
            "용적률":373,
            "건폐율":28,
            "Y":37.59097,
            "X":127.07226,
            "rank":82.0,
            "area_info":"26평(85.98), 32평(108.32)",
            "last_sales":"2021-08-23,60000.0,26평(85.98)"
        },
        {
            "index":515,
            "아파트명":"영풍마드레빌",
            "투자타입":"일반",
            "전용면적(m2)":"106.92",
            "전용면적(평)":"32평",
            "법정동주소":"서울시 중랑구 신내동 801",
            "도로명주소":"서울시 중랑구 용마산로129가길 41",
            "세대수":0,
            "입주년차":40,
            "용적률점수":"--",
            "건폐율점수":"--",
            "세대당주차수":30,
            "난방방식":30,
            "공급면적":"--",
            "전용률":"--",
            "욕실수":100,
            "현관타입":100,
            "주거총점":35.5,
            "지역구공급총점":100.0,
            "역세권":50,
            "30분내 이동가능 거점":0,
            "1시간내 이동가능 거점":60,
            "교통총점":37.0,
            "백화점":0,
            "아울렛몰":100,
            "대형마트":80,
            "은행":0,
            "병원":60,
            "종합병원":100,
            "공원":100,
            "혐오시설":0,
            "인프라총점":51.0,
            "초등학군":87.32,
            "중학군":41.24,
            "학군총점":50.456,
            "인구수":44.82,
            "인구증감":-9.32,
            "인구총점":28.578,
            "일자리":11.1,
            "소득수준":50.64,
            "일자리총점":22.962,
            "가치 총점":42.9184,
            "매매실거래년":20210817.0,
            "매매실거래가":74800.0,
            "전세실거래년":20211216.0,
            "전세실거래가":38500.0,
            "전세가율":51.47,
            "장기전세가율평균":70.62,
            "전세가율거품지수":19.15,
            "검색코드":9414,
            "세대수":260,
            "준공년월":"2004-02-13",
            "준공년차":19,
            "가까운역이름":"양원",
            "가까운역거리":660.62,
            "역세권여부":"준역세권",
            "30분이내주요거점역":0,
            "1시간이내주요거점역":6,
            "3km이내백화점수":0,
            "5km이내아울렛몰수":2,
            "1km이내대형먀트수":1,
            "500m이내은행수":1,
            "500m이내병원수":19,
            "5km이내대형병원수":8,
            "500m이내공원수":3,
            "3km이내혐오시설수":0,
            "초등학교학업성취도":87.32,
            "중학교학업성취도":67.8,
            "용적률":302,
            "건폐율":17,
            "Y":37.605779,
            "X":127.100478,
            "rank":83.0,
            "area_info":"32평(106.92)",
            "last_sales":"2021-08-17,74800.0,32평(106.92)"
        },
        {
            "index":543,
            "아파트명":"중화범양프레체(도시형)",
            "투자타입":"일반",
            "전용면적(m2)":"27.76",
            "전용면적(평)":"8평",
            "법정동주소":"서울시 중랑구 중화동 208-4",
            "도로명주소":"서울시 중랑구 중랑천로14길 58",
            "세대수":0,
            "입주년차":60,
            "용적률점수":"--",
            "건폐율점수":"--",
            "세대당주차수":0,
            "난방방식":30,
            "공급면적":"--",
            "전용률":"--",
            "욕실수":50,
            "현관타입":10,
            "주거총점":21.0,
            "지역구공급총점":100.0,
            "역세권":100,
            "30분내 이동가능 거점":0,
            "1시간내 이동가능 거점":60,
            "교통총점":62.0,
            "백화점":0,
            "아울렛몰":0,
            "대형마트":0,
            "은행":0,
            "병원":80,
            "종합병원":100,
            "공원":100,
            "혐오시설":0,
            "인프라총점":31.0,
            "초등학군":88.26,
            "중학군":38.58,
            "학군총점":48.516,
            "인구수":44.82,
            "인구증감":-9.32,
            "인구총점":28.578,
            "일자리":11.1,
            "소득수준":50.64,
            "일자리총점":22.962,
            "가치 총점":42.4774,
            "매매실거래년":20210908.0,
            "매매실거래가":11200.0,
            "전세실거래년":20211224.0,
            "전세실거래가":12000.0,
            "전세가율":107.14,
            "장기전세가율평균":70.62,
            "전세가율거품지수":-36.52,
            "검색코드":103210,
            "세대수":144,
            "준공년월":"2012-09-11",
            "준공년차":11,
            "가까운역이름":"중랑",
            "가까운역거리":42.41,
            "역세권여부":"초역세권",
            "30분이내주요거점역":0,
            "1시간이내주요거점역":6,
            "3km이내백화점수":0,
            "5km이내아울렛몰수":0,
            "1km이내대형먀트수":0,
            "500m이내은행수":1,
            "500m이내병원수":36,
            "5km이내대형병원수":11,
            "500m이내공원수":4,
            "3km이내혐오시설수":0,
            "초등학교학업성취도":88.26,
            "중학교학업성취도":63.7,
            "용적률":398,
            "건폐율":37,
            "Y":37.594579,
            "X":127.075893,
            "rank":84.0,
            "area_info":"8평(27.76)",
            "last_sales":"2021-09-08,11200.0,8평(27.76)"
        },
        {
            "index":292,
            "아파트명":"우성",
            "투자타입":"재건축",
            "전용면적(m2)":"47.89",
            "전용면적(평)":"14평",
            "법정동주소":"서울시 중랑구 묵동 245-64",
            "도로명주소":"서울시 중랑구 중랑역로 150",
            "세대수":0,
            "입주년차":"--",
            "용적률점수":60,
            "건폐율점수":0,
            "세대당주차수":"--",
            "난방방식":"--",
            "공급면적":50,
            "전용률":100,
            "욕실수":"--",
            "현관타입":"--",
            "주거총점":31.5,
            "지역구공급총점":100.0,
            "역세권":80,
            "30분내 이동가능 거점":0,
            "1시간내 이동가능 거점":30,
            "교통총점":46.0,
            "백화점":0,
            "아울렛몰":0,
            "대형마트":80,
            "은행":20,
            "병원":60,
            "종합병원":100,
            "공원":80,
            "혐오시설":0,
            "인프라총점":42.4,
            "초등학군":88.48,
            "중학군":38.9,
            "학군총점":48.816,
            "인구수":44.82,
            "인구증감":-9.32,
            "인구총점":28.578,
            "일자리":11.1,
            "소득수준":50.64,
            "일자리총점":22.962,
            "가치 총점":42.4424,
            "매매실거래년":20191115.0,
            "매매실거래가":21800.0,
            "전세실거래년":null,
            "전세실거래가":null,
            "전세가율":null,
            "장기전세가율평균":70.62,
            "전세가율거품지수":null,
            "검색코드":3846,
            "세대수":190,
            "준공년월":"1975-12-01",
            "준공년차":48,
            "가까운역이름":"중화",
            "가까운역거리":462.98,
            "역세권여부":"역세권",
            "30분이내주요거점역":0,
            "1시간이내주요거점역":3,
            "3km이내백화점수":0,
            "5km이내아울렛몰수":0,
            "1km이내대형먀트수":1,
            "500m이내은행수":2,
            "500m이내병원수":15,
            "5km이내대형병원수":11,
            "500m이내공원수":1,
            "3km이내혐오시설수":0,
            "초등학교학업성취도":88.48,
            "중학교학업성취도":63.9,
            "용적률":230,
            "건폐율":0,
            "Y":37.606458,
            "X":127.077468,
            "rank":85.0,
            "area_info":"14평(47.89), 14평(47.87), 15평(51.3), 15평(51.03), 15평(52.32), 15평(52.32), 15평(52.06), 18평(59.96), 18평(60.13), 19평(62.9), 19평(64.38), 19평(66.1), 20평(67.79)",
            "last_sales":"2019-11-15,21800.0,20평(67.79)"
        },
        {
            "index":477,
            "아파트명":"신내데시앙포레",
            "투자타입":"일반",
            "전용면적(m2)":"83.86",
            "전용면적(평)":"25평",
            "법정동주소":"서울시 중랑구 신내동 817",
            "도로명주소":"서울시 중랑구 신내역로 165",
            "세대수":100,
            "입주년차":60,
            "용적률점수":"--",
            "건폐율점수":"--",
            "세대당주차수":30,
            "난방방식":30,
            "공급면적":"--",
            "전용률":"--",
            "욕실수":100,
            "현관타입":100,
            "주거총점":74.5,
            "지역구공급총점":100.0,
            "역세권":50,
            "30분내 이동가능 거점":0,
            "1시간내 이동가능 거점":20,
            "교통총점":29.0,
            "백화점":0,
            "아울렛몰":100,
            "대형마트":0,
            "은행":0,
            "병원":0,
            "종합병원":100,
            "공원":100,
            "혐오시설":0,
            "인프라총점":33.0,
            "초등학군":84.86,
            "중학군":40.52,
            "학군총점":49.388,
            "인구수":44.82,
            "인구증감":-9.32,
            "인구총점":28.578,
            "일자리":11.1,
            "소득수준":50.64,
            "일자리총점":22.962,
            "가치 총점":42.3582,
            "매매실거래년":20161216.0,
            "매매실거래가":60000.0,
            "전세실거래년":null,
            "전세실거래가":null,
            "전세가율":null,
            "장기전세가율평균":70.62,
            "전세가율거품지수":null,
            "검색코드":107073,
            "세대수":1896,
            "준공년월":"2013-12-11",
            "준공년차":10,
            "가까운역이름":"신내",
            "가까운역거리":622.3,
            "역세권여부":"준역세권",
            "30분이내주요거점역":0,
            "1시간이내주요거점역":2,
            "3km이내백화점수":0,
            "5km이내아울렛몰수":2,
            "1km이내대형먀트수":0,
            "500m이내은행수":0,
            "500m이내병원수":1,
            "5km이내대형병원수":7,
            "500m이내공원수":2,
            "3km이내혐오시설수":0,
            "초등학교학업성취도":84.86,
            "중학교학업성취도":66.6,
            "용적률":172,
            "건폐율":18,
            "Y":37.615237,
            "X":127.10963,
            "rank":86.0,
            "area_info":"25평(83.86), 25평(83.86), 25평(83.72), 25평(83.21), 25평(83.34), 25평(83.12), 25평(83.74), 25평(83.08), 35평(116.25), 35평(116.34), 35평(116.25), 35평(116.22), 35평(117.77), 35평(117.23), 35평(117.77), 35평(117.77), 47평(157.87), 47평(157.87), 48평(158.81), 48평(158.81), 48평(159.29)",
            "last_sales":"2016-12-16,60000.0,48평(159.29)"
        },
        {
            "index":256,
            "아파트명":"묵동신안3차",
            "투자타입":"일반",
            "전용면적(m2)":"89.11",
            "전용면적(평)":"26평",
            "법정동주소":"서울시 중랑구 묵동 384",
            "도로명주소":"서울시 중랑구 공릉로2라길 4",
            "세대수":0,
            "입주년차":20,
            "용적률점수":"--",
            "건폐율점수":"--",
            "세대당주차수":30,
            "난방방식":30,
            "공급면적":"--",
            "전용률":"--",
            "욕실수":50,
            "현관타입":10,
            "주거총점":17.5,
            "지역구공급총점":100.0,
            "역세권":80,
            "30분내 이동가능 거점":0,
            "1시간내 이동가능 거점":50,
            "교통총점":50.0,
            "백화점":0,
            "아울렛몰":0,
            "대형마트":80,
            "은행":0,
            "병원":80,
            "종합병원":100,
            "공원":100,
            "혐오시설":-50,
            "인프라총점":42.0,
            "초등학군":91.42,
            "중학군":45.72,
            "학군총점":54.86,
            "인구수":44.82,
            "인구증감":-9.32,
            "인구총점":28.578,
            "일자리":11.1,
            "소득수준":50.64,
            "일자리총점":22.962,
            "가치 총점":41.829,
            "매매실거래년":20211011.0,
            "매매실거래가":81000.0,
            "전세실거래년":20220113.0,
            "전세실거래가":28350.0,
            "전세가율":43.75,
            "장기전세가율평균":70.62,
            "전세가율거품지수":26.87,
            "검색코드":3844,
            "세대수":248,
            "준공년월":"2000-09-16",
            "준공년차":23,
            "가까운역이름":"먹골",
            "가까운역거리":435.6,
            "역세권여부":"역세권",
            "30분이내주요거점역":0,
            "1시간이내주요거점역":5,
            "3km이내백화점수":0,
            "5km이내아울렛몰수":0,
            "1km이내대형먀트수":1,
            "500m이내은행수":1,
            "500m이내병원수":30,
            "5km이내대형병원수":10,
            "500m이내공원수":4,
            "3km이내혐오시설수":1,
            "초등학교학업성취도":91.42,
            "중학교학업성취도":75.4,
            "용적률":314,
            "건폐율":26,
            "Y":37.612665,
            "X":127.081956,
            "rank":87.0,
            "area_info":"26평(89.11), 33평(110.23), 40평(134.99)",
            "last_sales":"2021-10-11,81000.0,33평(110.23)"
        },
        {
            "index":226,
            "아파트명":"극동늘푸른",
            "투자타입":"일반",
            "전용면적(m2)":"80.92",
            "전용면적(평)":"24평",
            "법정동주소":"서울시 중랑구 묵동 379",
            "도로명주소":"서울시 중랑구 동일로 941",
            "세대수":0,
            "입주년차":20,
            "용적률점수":"--",
            "건폐율점수":"--",
            "세대당주차수":0,
            "난방방식":30,
            "공급면적":"--",
            "전용률":"--",
            "욕실수":50,
            "현관타입":10,
            "주거총점":13.0,
            "지역구공급총점":100.0,
            "역세권":80,
            "30분내 이동가능 거점":0,
            "1시간내 이동가능 거점":30,
            "교통총점":46.0,
            "백화점":0,
            "아울렛몰":0,
            "대형마트":80,
            "은행":70,
            "병원":80,
            "종합병원":100,
            "공원":100,
            "혐오시설":-50,
            "인프라총점":49.0,
            "초등학군":87.13,
            "중학군":45.72,
            "학군총점":54.002,
            "인구수":44.82,
            "인구증감":-9.32,
            "인구총점":28.578,
            "일자리":11.1,
            "소득수준":50.64,
            "일자리총점":22.962,
            "가치 총점":41.5003,
            "매매실거래년":20210901.0,
            "매매실거래가":74200.0,
            "전세실거래년":20211105.0,
            "전세실거래가":40000.0,
            "전세가율":71.43,
            "장기전세가율평균":70.62,
            "전세가율거품지수":-0.81,
            "검색코드":8934,
            "세대수":188,
            "준공년월":"1999-04-01",
            "준공년차":24,
            "가까운역이름":"태릉입구",
            "가까운역거리":373.05,
            "역세권여부":"역세권",
            "30분이내주요거점역":0,
            "1시간이내주요거점역":3,
            "3km이내백화점수":0,
            "5km이내아울렛몰수":0,
            "1km이내대형먀트수":1,
            "500m이내은행수":4,
            "500m이내병원수":31,
            "5km이내대형병원수":9,
            "500m이내공원수":5,
            "3km이내혐오시설수":1,
            "초등학교학업성취도":87.13,
            "중학교학업성취도":75.4,
            "용적률":398,
            "건폐율":28,
            "Y":37.614746,
            "X":127.076233,
            "rank":88.0,
            "area_info":"24평(80.92), 32평(108.79)",
            "last_sales":"2021-09-01,74200.0,32평(108.79)"
        },
        {
            "index":107,
            "아파트명":"면목마젤란21",
            "투자타입":"일반",
            "전용면적(m2)":"79.82",
            "전용면적(평)":"24평",
            "법정동주소":"서울시 중랑구 면목동 1531",
            "도로명주소":"서울시 중랑구 겸재로30길 42",
            "세대수":0,
            "입주년차":40,
            "용적률점수":"--",
            "건폐율점수":"--",
            "세대당주차수":30,
            "난방방식":30,
            "공급면적":"--",
            "전용률":"--",
            "욕실수":100,
            "현관타입":100,
            "주거총점":35.5,
            "지역구공급총점":100.0,
            "역세권":50,
            "30분내 이동가능 거점":0,
            "1시간내 이동가능 거점":80,
            "교통총점":41.0,
            "백화점":0,
            "아울렛몰":0,
            "대형마트":80,
            "은행":20,
            "병원":60,
            "종합병원":100,
            "공원":100,
            "혐오시설":-50,
            "인프라총점":42.0,
            "초등학군":94.07,
            "중학군":37.34,
            "학군총점":48.686,
            "인구수":44.82,
            "인구증감":-9.32,
            "인구총점":28.578,
            "일자리":11.1,
            "소득수준":50.64,
            "일자리총점":22.962,
            "가치 총점":41.3529,
            "매매실거래년":20200709.0,
            "매매실거래가":70000.0,
            "전세실거래년":20211010.0,
            "전세실거래가":31500.0,
            "전세가율":57.8,
            "장기전세가율평균":70.62,
            "전세가율거품지수":12.82,
            "검색코드":25786,
            "세대수":199,
            "준공년월":"2007-03-15",
            "준공년차":16,
            "가까운역이름":"면목",
            "가까운역거리":503.08,
            "역세권여부":"준역세권",
            "30분이내주요거점역":0,
            "1시간이내주요거점역":8,
            "3km이내백화점수":0,
            "5km이내아울렛몰수":0,
            "1km이내대형먀트수":1,
            "500m이내은행수":2,
            "500m이내병원수":23,
            "5km이내대형병원수":10,
            "500m이내공원수":4,
            "3km이내혐오시설수":1,
            "초등학교학업성취도":94.07,
            "중학교학업성취도":61.3,
            "용적률":249,
            "건폐율":24,
            "Y":37.585223,
            "X":127.083674,
            "rank":89.0,
            "area_info":"24평(79.82), 30평(99.39), 32평(105.93)",
            "last_sales":"2020-07-09,70000.0,32평(105.93)"
        },
        {
            "index":99,
            "아파트명":"면목두산4,5단지",
            "투자타입":"일반",
            "전용면적(m2)":"79.46",
            "전용면적(평)":"24평",
            "법정동주소":"서울시 중랑구 면목동 1522",
            "도로명주소":"서울시 중랑구 면목로35길 63",
            "세대수":50,
            "입주년차":20,
            "용적률점수":"--",
            "건폐율점수":"--",
            "세대당주차수":30,
            "난방방식":30,
            "공급면적":"--",
            "전용률":"--",
            "욕실수":50,
            "현관타입":100,
            "주거총점":44.0,
            "지역구공급총점":100.0,
            "역세권":50,
            "30분내 이동가능 거점":0,
            "1시간내 이동가능 거점":60,
            "교통총점":37.0,
            "백화점":0,
            "아울렛몰":0,
            "대형마트":80,
            "은행":0,
            "병원":60,
            "종합병원":100,
            "공원":100,
            "혐오시설":-50,
            "인프라총점":40.0,
            "초등학군":85.91,
            "중학군":41.2,
            "학군총점":50.142,
            "인구수":44.82,
            "인구증감":-9.32,
            "인구총점":28.578,
            "일자리":11.1,
            "소득수준":50.64,
            "일자리총점":22.962,
            "가치 총점":41.2713,
            "매매실거래년":20200531.0,
            "매매실거래가":79000.0,
            "전세실거래년":null,
            "전세실거래가":null,
            "전세가율":null,
            "장기전세가율평균":70.62,
            "전세가율거품지수":null,
            "검색코드":9795,
            "세대수":555,
            "준공년월":"2000-09-27",
            "준공년차":23,
            "가까운역이름":"사가정",
            "가까운역거리":651.23,
            "역세권여부":"준역세권",
            "30분이내주요거점역":0,
            "1시간이내주요거점역":6,
            "3km이내백화점수":0,
            "5km이내아울렛몰수":0,
            "1km이내대형먀트수":1,
            "500m이내은행수":1,
            "500m이내병원수":16,
            "5km이내대형병원수":11,
            "500m이내공원수":2,
            "3km이내혐오시설수":1,
            "초등학교학업성취도":85.91,
            "중학교학업성취도":68.4,
            "용적률":422,
            "건폐율":35,
            "Y":37.578487,
            "X":127.081741,
            "rank":90.0,
            "area_info":"24평(79.46), 24평(81.43), 24평(82.18), 24평(82.56), 32평(107.13), 32평(108.73), 33평(111.36), 49평(164.22)",
            "last_sales":"2020-05-31,79000.0,49평(164.22)"
        },
        {
            "index":95,
            "아파트명":"면목두산1단지",
            "투자타입":"일반",
            "전용면적(m2)":"76.59",
            "전용면적(평)":"23평",
            "법정동주소":"서울시 중랑구 면목동 1500",
            "도로명주소":"서울시 중랑구 사가정로41길 9",
            "세대수":0,
            "입주년차":0,
            "용적률점수":"--",
            "건폐율점수":"--",
            "세대당주차수":0,
            "난방방식":30,
            "공급면적":"--",
            "전용률":"--",
            "욕실수":50,
            "현관타입":10,
            "주거총점":9.0,
            "지역구공급총점":100.0,
            "역세권":80,
            "30분내 이동가능 거점":0,
            "1시간내 이동가능 거점":60,
            "교통총점":52.0,
            "백화점":0,
            "아울렛몰":0,
            "대형마트":80,
            "은행":20,
            "병원":100,
            "종합병원":100,
            "공원":100,
            "혐오시설":-100,
            "인프라총점":45.0,
            "초등학군":94.07,
            "중학군":39.08,
            "학군총점":50.078,
            "인구수":44.82,
            "인구증감":-9.32,
            "인구총점":28.578,
            "일자리":11.1,
            "소득수준":50.64,
            "일자리총점":22.962,
            "가치 총점":41.0117,
            "매매실거래년":20210609.0,
            "매매실거래가":65000.0,
            "전세실거래년":20210612.0,
            "전세실거래가":45000.0,
            "전세가율":69.23,
            "장기전세가율평균":70.62,
            "전세가율거품지수":1.39,
            "검색코드":831,
            "세대수":122,
            "준공년월":"1993-02-01",
            "준공년차":30,
            "가까운역이름":"사가정",
            "가까운역거리":402.31,
            "역세권여부":"역세권",
            "30분이내주요거점역":0,
            "1시간이내주요거점역":6,
            "3km이내백화점수":0,
            "5km이내아울렛몰수":0,
            "1km이내대형먀트수":1,
            "500m이내은행수":2,
            "500m이내병원수":67,
            "5km이내대형병원수":10,
            "500m이내공원수":3,
            "3km이내혐오시설수":2,
            "초등학교학업성취도":94.07,
            "중학교학업성취도":64.6,
            "용적률":339,
            "건폐율":27,
            "Y":37.58192,
            "X":127.0841,
            "rank":91.0,
            "area_info":"23평(76.59), 32평(108.77)",
            "last_sales":"2021-06-09,65000.0,23평(76.59)"
        },
        {
            "index":177,
            "아파트명":"중랑지웰에스테이트(도시형)",
            "투자타입":"일반",
            "전용면적(m2)":"20.06",
            "전용면적(평)":"6평",
            "법정동주소":"서울시 중랑구 면목동 538",
            "도로명주소":"서울시 중랑구 면목로69길 16",
            "세대수":0,
            "입주년차":60,
            "용적률점수":"--",
            "건폐율점수":"--",
            "세대당주차수":0,
            "난방방식":30,
            "공급면적":"--",
            "전용률":"--",
            "욕실수":50,
            "현관타입":10,
            "주거총점":21.0,
            "지역구공급총점":100.0,
            "역세권":80,
            "30분내 이동가능 거점":0,
            "1시간내 이동가능 거점":30,
            "교통총점":46.0,
            "백화점":0,
            "아울렛몰":0,
            "대형마트":80,
            "은행":20,
            "병원":80,
            "종합병원":100,
            "공원":100,
            "혐오시설":-50,
            "인프라총점":44.0,
            "초등학군":94.07,
            "중학군":37.34,
            "학군총점":48.686,
            "인구수":44.82,
            "인구증감":-9.32,
            "인구총점":28.578,
            "일자리":11.1,
            "소득수준":50.64,
            "일자리총점":22.962,
            "가치 총점":40.8029,
            "매매실거래년":20210121.0,
            "매매실거래가":9000.0,
            "전세실거래년":20131021.0,
            "전세실거래가":5000.0,
            "전세가율":58.82,
            "장기전세가율평균":70.62,
            "전세가율거품지수":11.8,
            "검색코드":105850,
            "세대수":157,
            "준공년월":"2013-10-15",
            "준공년차":10,
            "가까운역이름":"면목",
            "가까운역거리":174.82,
            "역세권여부":"역세권",
            "30분이내주요거점역":0,
            "1시간이내주요거점역":3,
            "3km이내백화점수":0,
            "5km이내아울렛몰수":0,
            "1km이내대형먀트수":1,
            "500m이내은행수":2,
            "500m이내병원수":40,
            "5km이내대형병원수":9,
            "500m이내공원수":6,
            "3km이내혐오시설수":1,
            "초등학교학업성취도":94.07,
            "중학교학업성취도":61.3,
            "용적률":353,
            "건폐율":58,
            "Y":37.587254,
            "X":127.086435,
            "rank":92.0,
            "area_info":"6평(20.06), 6평(21.98), 7평(24.08), 7평(25.77), 7평(25.95), 8평(27.58)",
            "last_sales":"2021-01-21,9000.0,7평(24.08)"
        },
        {
            "index":437,
            "아파트명":"라이프미성",
            "투자타입":"재건축",
            "전용면적(m2)":"79.7",
            "전용면적(평)":"24평",
            "법정동주소":"서울시 중랑구 신내동 487",
            "도로명주소":"서울시 중랑구 용마산로129나길 101",
            "세대수":0,
            "입주년차":"--",
            "용적률점수":20,
            "건폐율점수":0,
            "세대당주차수":"--",
            "난방방식":"--",
            "공급면적":50,
            "전용률":60,
            "욕실수":"--",
            "현관타입":"--",
            "주거총점":13.5,
            "지역구공급총점":100.0,
            "역세권":50,
            "30분내 이동가능 거점":0,
            "1시간내 이동가능 거점":40,
            "교통총점":33.0,
            "백화점":0,
            "아울렛몰":100,
            "대형마트":100,
            "은행":70,
            "병원":80,
            "종합병원":100,
            "공원":100,
            "혐오시설":0,
            "인프라총점":63.0,
            "초등학군":87.32,
            "중학군":41.24,
            "학군총점":50.456,
            "인구수":44.82,
            "인구증감":-9.32,
            "인구총점":28.578,
            "일자리":11.1,
            "소득수준":50.64,
            "일자리총점":22.962,
            "가치 총점":40.7184,
            "매매실거래년":20210828.0,
            "매매실거래가":41900.0,
            "전세실거래년":20211213.0,
            "전세실거래가":16800.0,
            "전세가율":40.1,
            "장기전세가율평균":70.62,
            "전세가율거품지수":30.52,
            "검색코드":808,
            "세대수":277,
            "준공년월":"1992-04-24",
            "준공년차":31,
            "가까운역이름":"망우",
            "가까운역거리":740.3,
            "역세권여부":"준역세권",
            "30분이내주요거점역":0,
            "1시간이내주요거점역":4,
            "3km이내백화점수":0,
            "5km이내아울렛몰수":2,
            "1km이내대형먀트수":3,
            "500m이내은행수":3,
            "500m이내병원수":48,
            "5km이내대형병원수":9,
            "500m이내공원수":2,
            "3km이내혐오시설수":0,
            "초등학교학업성취도":87.32,
            "중학교학업성취도":67.8,
            "용적률":272,
            "건폐율":0,
            "Y":37.603146,
            "X":127.098981,
            "rank":93.0,
            "area_info":"24평(79.7), 24평(82.1), 29평(97.26), 30평(101.97), 32평(106.16), 34평(114.07)",
            "last_sales":"2021-08-28,41900.0,24평(79.7)"
        },
        {
            "index":202,
            "아파트명":"현대휴온(도시형)",
            "투자타입":"일반",
            "전용면적(m2)":"28.34",
            "전용면적(평)":"8평",
            "법정동주소":"서울시 중랑구 면목동 1535",
            "도로명주소":"서울시 중랑구 동일로109가길 5",
            "세대수":0,
            "입주년차":60,
            "용적률점수":"--",
            "건폐율점수":"--",
            "세대당주차수":0,
            "난방방식":30,
            "공급면적":"--",
            "전용률":"--",
            "욕실수":50,
            "현관타입":10,
            "주거총점":21.0,
            "지역구공급총점":100.0,
            "역세권":80,
            "30분내 이동가능 거점":0,
            "1시간내 이동가능 거점":80,
            "교통총점":56.0,
            "백화점":0,
            "아울렛몰":0,
            "대형마트":0,
            "은행":0,
            "병원":80,
            "종합병원":100,
            "공원":100,
            "혐오시설":0,
            "인프라총점":31.0,
            "초등학군":91.05,
            "중학군":38.58,
            "학군총점":49.074,
            "인구수":44.82,
            "인구증감":-9.32,
            "인구총점":28.578,
            "일자리":11.1,
            "소득수준":50.64,
            "일자리총점":22.962,
            "가치 총점":40.4611,
            "매매실거래년":20211112.0,
            "매매실거래가":14000.0,
            "전세실거래년":20211203.0,
            "전세실거래가":11000.0,
            "전세가율":78.57,
            "장기전세가율평균":70.62,
            "전세가율거품지수":-7.95,
            "검색코드":106322,
            "세대수":149,
            "준공년월":"2013-03-29",
            "준공년차":10,
            "가까운역이름":"중랑",
            "가까운역거리":377.61,
            "역세권여부":"역세권",
            "30분이내주요거점역":0,
            "1시간이내주요거점역":8,
            "3km이내백화점수":0,
            "5km이내아울렛몰수":0,
            "1km이내대형먀트수":0,
            "500m이내은행수":1,
            "500m이내병원수":39,
            "5km이내대형병원수":12,
            "500m이내공원수":5,
            "3km이내혐오시설수":0,
            "초등학교학업성취도":91.05,
            "중학교학업성취도":63.7,
            "용적률":200,
            "건폐율":33,
            "Y":37.59224,
            "X":127.078753,
            "rank":94.0,
            "area_info":"8평(28.34), 8평(28.34), 9평(30.91), 13평(46.16), 14평(47.15), 16평(55.36), 16평(55.85)",
            "last_sales":"2021-11-12,14000.0,8평(28.34)"
        },
        {
            "index":446,
            "아파트명":"새한",
            "투자타입":"일반",
            "전용면적(m2)":"77.64",
            "전용면적(평)":"23평",
            "법정동주소":"서울시 중랑구 신내동 795",
            "도로명주소":"서울시 중랑구 용마산로 616",
            "세대수":50,
            "입주년차":0,
            "용적률점수":"--",
            "건폐율점수":"--",
            "세대당주차수":30,
            "난방방식":30,
            "공급면적":"--",
            "전용률":"--",
            "욕실수":50,
            "현관타입":10,
            "주거총점":31.0,
            "지역구공급총점":100.0,
            "역세권":50,
            "30분내 이동가능 거점":0,
            "1시간내 이동가능 거점":50,
            "교통총점":35.0,
            "백화점":0,
            "아울렛몰":100,
            "대형마트":80,
            "은행":0,
            "병원":30,
            "종합병원":100,
            "공원":100,
            "혐오시설":0,
            "인프라총점":48.0,
            "초등학군":87.32,
            "중학군":41.24,
            "학군총점":50.456,
            "인구수":44.82,
            "인구증감":-9.32,
            "인구총점":28.578,
            "일자리":11.1,
            "소득수준":50.64,
            "일자리총점":22.962,
            "가치 총점":40.4184,
            "매매실거래년":20211204.0,
            "매매실거래가":74850.0,
            "전세실거래년":20210610.0,
            "전세실거래가":25700.0,
            "전세가율":44.7,
            "장기전세가율평균":70.62,
            "전세가율거품지수":25.92,
            "검색코드":3849,
            "세대수":532,
            "준공년월":"1998-11-27",
            "준공년차":25,
            "가까운역이름":"양원",
            "가까운역거리":584.54,
            "역세권여부":"준역세권",
            "30분이내주요거점역":0,
            "1시간이내주요거점역":5,
            "3km이내백화점수":0,
            "5km이내아울렛몰수":2,
            "1km이내대형먀트수":1,
            "500m이내은행수":1,
            "500m이내병원수":7,
            "5km이내대형병원수":8,
            "500m이내공원수":3,
            "3km이내혐오시설수":0,
            "초등학교학업성취도":87.32,
            "중학교학업성취도":67.8,
            "용적률":353,
            "건폐율":30,
            "Y":37.605246,
            "X":127.101493,
            "rank":95.0,
            "area_info":"23평(77.64), 23평(77.53), 32평(105.95), 32평(107.41), 42평(141.14)",
            "last_sales":"2021-12-04,74850.0,32평(107.41)"
        },
        {
            "index":521,
            "아파트명":"극동",
            "투자타입":"재건축",
            "전용면적(m2)":"82.79",
            "전용면적(평)":"25평",
            "법정동주소":"서울시 중랑구 중화동 19",
            "도로명주소":"서울시 중랑구 봉화산로27길 32",
            "세대수":0,
            "입주년차":"--",
            "용적률점수":20,
            "건폐율점수":0,
            "세대당주차수":"--",
            "난방방식":"--",
            "공급면적":70,
            "전용률":60,
            "욕실수":"--",
            "현관타입":"--",
            "주거총점":14.5,
            "지역구공급총점":100.0,
            "역세권":80,
            "30분내 이동가능 거점":0,
            "1시간내 이동가능 거점":60,
            "교통총점":52.0,
            "백화점":0,
            "아울렛몰":0,
            "대형마트":80,
            "은행":0,
            "병원":60,
            "종합병원":100,
            "공원":80,
            "혐오시설":0,
            "인프라총점":40.4,
            "초등학군":83.36,
            "중학군":38.9,
            "학군총점":47.792,
            "인구수":44.82,
            "인구증감":-9.32,
            "인구총점":28.578,
            "일자리":11.1,
            "소득수준":50.64,
            "일자리총점":22.962,
            "가치 총점":40.3888,
            "매매실거래년":20210605.0,
            "매매실거래가":63800.0,
            "전세실거래년":null,
            "전세실거래가":null,
            "전세가율":null,
            "장기전세가율평균":70.62,
            "전세가율거품지수":null,
            "검색코드":3853,
            "세대수":156,
            "준공년월":"1991-04-29",
            "준공년차":32,
            "가까운역이름":"중화",
            "가까운역거리":409.47,
            "역세권여부":"역세권",
            "30분이내주요거점역":0,
            "1시간이내주요거점역":6,
            "3km이내백화점수":0,
            "5km이내아울렛몰수":0,
            "1km이내대형먀트수":1,
            "500m이내은행수":1,
            "500m이내병원수":20,
            "5km이내대형병원수":9,
            "500m이내공원수":1,
            "3km이내혐오시설수":0,
            "초등학교학업성취도":83.36,
            "중학교학업성취도":63.9,
            "용적률":257,
            "건폐율":0,
            "Y":37.60356,
            "X":127.083732,
            "rank":96.0,
            "area_info":"25평(82.79), 29평(97.19), 33평(110.15), 33평(111.06), 33평(111.18), 33평(111.15)",
            "last_sales":"2021-06-05,63800.0,33평(111.15)"
        },
        {
            "index":66,
            "아파트명":"경남아너스빌",
            "투자타입":"일반",
            "전용면적(m2)":"70.26",
            "전용면적(평)":"21평",
            "법정동주소":"서울시 중랑구 면목동 1529",
            "도로명주소":"서울시 중랑구 답십리로75길 73",
            "세대수":30,
            "입주년차":40,
            "용적률점수":"--",
            "건폐율점수":"--",
            "세대당주차수":30,
            "난방방식":30,
            "공급면적":"--",
            "전용률":"--",
            "욕실수":50,
            "현관타입":100,
            "주거총점":41.0,
            "지역구공급총점":100.0,
            "역세권":50,
            "30분내 이동가능 거점":0,
            "1시간내 이동가능 거점":60,
            "교통총점":37.0,
            "백화점":0,
            "아울렛몰":0,
            "대형마트":80,
            "은행":0,
            "병원":30,
            "종합병원":100,
            "공원":100,
            "혐오시설":-50,
            "인프라총점":37.0,
            "초등학군":85.91,
            "중학군":41.2,
            "학군총점":50.142,
            "인구수":44.82,
            "인구증감":-9.32,
            "인구총점":28.578,
            "일자리":11.1,
            "소득수준":50.64,
            "일자리총점":22.962,
            "가치 총점":39.7713,
            "매매실거래년":20210914.0,
            "매매실거래가":94000.0,
            "전세실거래년":20210215.0,
            "전세실거래가":30450.0,
            "전세가율":50.75,
            "장기전세가율평균":70.62,
            "전세가율거품지수":19.87,
            "검색코드":21645,
            "세대수":386,
            "준공년월":"2006-11-29",
            "준공년차":17,
            "가까운역이름":"용마산",
            "가까운역거리":592.79,
            "역세권여부":"준역세권",
            "30분이내주요거점역":0,
            "1시간이내주요거점역":6,
            "3km이내백화점수":0,
            "5km이내아울렛몰수":0,
            "1km이내대형먀트수":1,
            "500m이내은행수":0,
            "500m이내병원수":8,
            "5km이내대형병원수":11,
            "500m이내공원수":2,
            "3km이내혐오시설수":1,
            "초등학교학업성취도":85.91,
            "중학교학업성취도":68.4,
            "용적률":247,
            "건폐율":25,
            "Y":37.575657,
            "X":127.080497,
            "rank":97.0,
            "area_info":"21평(70.26), 24평(79.6), 24평(79.74), 24평(80.18), 32평(107.11)",
            "last_sales":"2021-09-14,94000.0,32평(107.11)"
        },
        {
            "index":434,
            "아파트명":"동성7차",
            "투자타입":"일반",
            "전용면적(m2)":"84.35",
            "전용면적(평)":"25평",
            "법정동주소":"서울시 중랑구 신내동 797",
            "도로명주소":"서울시 중랑구 신내로14길 21",
            "세대수":0,
            "입주년차":20,
            "용적률점수":"--",
            "건폐율점수":"--",
            "세대당주차수":30,
            "난방방식":30,
            "공급면적":"--",
            "전용률":"--",
            "욕실수":50,
            "현관타입":10,
            "주거총점":17.5,
            "지역구공급총점":100.0,
            "역세권":50,
            "30분내 이동가능 거점":0,
            "1시간내 이동가능 거점":40,
            "교통총점":33.0,
            "백화점":0,
            "아울렛몰":100,
            "대형마트":80,
            "은행":20,
            "병원":80,
            "종합병원":100,
            "공원":100,
            "혐오시설":0,
            "인프라총점":55.0,
            "초등학군":87.32,
            "중학군":44.12,
            "학군총점":52.76,
            "인구수":44.82,
            "인구증감":-9.32,
            "인구총점":28.578,
            "일자리":11.1,
            "소득수준":50.64,
            "일자리총점":22.962,
            "가치 총점":39.464,
            "매매실거래년":20211009.0,
            "매매실거래가":80000.0,
            "전세실거래년":20210829.0,
            "전세실거래가":24500.0,
            "전세가율":45.79,
            "장기전세가율평균":70.62,
            "전세가율거품지수":24.83,
            "검색코드":1250,
            "세대수":235,
            "준공년월":"1999-04-27",
            "준공년차":24,
            "가까운역이름":"신내",
            "가까운역거리":887.44,
            "역세권여부":"준역세권",
            "30분이내주요거점역":0,
            "1시간이내주요거점역":4,
            "3km이내백화점수":0,
            "5km이내아울렛몰수":2,
            "1km이내대형먀트수":1,
            "500m이내은행수":2,
            "500m이내병원수":34,
            "5km이내대형병원수":9,
            "500m이내공원수":3,
            "3km이내혐오시설수":0,
            "초등학교학업성취도":87.32,
            "중학교학업성취도":72.0,
            "용적률":309,
            "건폐율":43,
            "Y":37.606377,
            "X":127.09739,
            "rank":98.0,
            "area_info":"25평(84.35), 33평(110.13), 43평(143.06)",
            "last_sales":"2021-10-09,80000.0,33평(110.13)"
        },
        {
            "index":443,
            "아파트명":"벽산",
            "투자타입":"일반",
            "전용면적(m2)":"88.73",
            "전용면적(평)":"26평",
            "법정동주소":"서울시 중랑구 신내동 437",
            "도로명주소":"서울시 중랑구 용마산로125길 50",
            "세대수":0,
            "입주년차":20,
            "용적률점수":"--",
            "건폐율점수":"--",
            "세대당주차수":30,
            "난방방식":30,
            "공급면적":"--",
            "전용률":"--",
            "욕실수":50,
            "현관타입":10,
            "주거총점":17.5,
            "지역구공급총점":100.0,
            "역세권":50,
            "30분내 이동가능 거점":0,
            "1시간내 이동가능 거점":40,
            "교통총점":33.0,
            "백화점":0,
            "아울렛몰":100,
            "대형마트":100,
            "은행":20,
            "병원":60,
            "종합병원":100,
            "공원":100,
            "혐오시설":0,
            "인프라총점":56.0,
            "초등학군":87.32,
            "중학군":41.24,
            "학군총점":50.456,
            "인구수":44.82,
            "인구증감":-9.32,
            "인구총점":28.578,
            "일자리":11.1,
            "소득수준":50.64,
            "일자리총점":22.962,
            "가치 총점":39.4184,
            "매매실거래년":20210726.0,
            "매매실거래가":83000.0,
            "전세실거래년":20211101.0,
            "전세실거래가":26000.0,
            "전세가율":49.34,
            "장기전세가율평균":70.62,
            "전세가율거품지수":21.28,
            "검색코드":3848,
            "세대수":284,
            "준공년월":"2000-06-28",
            "준공년차":23,
            "가까운역이름":"양원",
            "가까운역거리":792.23,
            "역세권여부":"준역세권",
            "30분이내주요거점역":0,
            "1시간이내주요거점역":4,
            "3km이내백화점수":0,
            "5km이내아울렛몰수":2,
            "1km이내대형먀트수":2,
            "500m이내은행수":2,
            "500m이내병원수":28,
            "5km이내대형병원수":9,
            "500m이내공원수":2,
            "3km이내혐오시설수":0,
            "초등학교학업성취도":87.32,
            "중학교학업성취도":67.8,
            "용적률":329,
            "건폐율":23,
            "Y":37.603252,
            "X":127.099965,
            "rank":99.0,
            "area_info":"26평(88.73), 32평(108.11), 50평(168.26)",
            "last_sales":"2021-07-26,83000.0,50평(168.26)"
        },
        {
            "index":430,
            "아파트명":"동성4차",
            "투자타입":"일반",
            "전용면적(m2)":"64.86",
            "전용면적(평)":"19평",
            "법정동주소":"서울시 중랑구 신내동 591",
            "도로명주소":"서울시 중랑구 봉화산로 216",
            "세대수":50,
            "입주년차":0,
            "용적률점수":"--",
            "건폐율점수":"--",
            "세대당주차수":0,
            "난방방식":100,
            "공급면적":"--",
            "전용률":"--",
            "욕실수":50,
            "현관타입":10,
            "주거총점":33.5,
            "지역구공급총점":100.0,
            "역세권":50,
            "30분내 이동가능 거점":0,
            "1시간내 이동가능 거점":40,
            "교통총점":33.0,
            "백화점":0,
            "아울렛몰":100,
            "대형마트":0,
            "은행":20,
            "병원":80,
            "종합병원":100,
            "공원":100,
            "혐오시설":0,
            "인프라총점":43.0,
            "초등학군":86.95,
            "중학군":44.12,
            "학군총점":52.686,
            "인구수":44.82,
            "인구증감":-9.32,
            "인구총점":28.578,
            "일자리":11.1,
            "소득수준":50.64,
            "일자리총점":22.962,
            "가치 총점":39.0529,
            "매매실거래년":20210515.0,
            "매매실거래가":75000.0,
            "전세실거래년":20210628.0,
            "전세실거래가":28000.0,
            "전세가율":62.5,
            "장기전세가율평균":70.62,
            "전세가율거품지수":8.12,
            "검색코드":1249,
            "세대수":478,
            "준공년월":"1997-07-25",
            "준공년차":26,
            "가까운역이름":"신내",
            "가까운역거리":882.5,
            "역세권여부":"준역세권",
            "30분이내주요거점역":0,
            "1시간이내주요거점역":4,
            "3km이내백화점수":0,
            "5km이내아울렛몰수":2,
            "1km이내대형먀트수":0,
            "500m이내은행수":2,
            "500m이내병원수":33,
            "5km이내대형병원수":9,
            "500m이내공원수":3,
            "3km이내혐오시설수":0,
            "초등학교학업성취도":86.95,
            "중학교학업성취도":72.0,
            "용적률":312,
            "건폐율":19,
            "Y":37.606903,
            "X":127.096637,
            "rank":100.0,
            "area_info":"19평(64.86), 25평(82.97), 32평(107.68), 47평(158.1)",
            "last_sales":"2021-05-15,75000.0,47평(158.1)"
        },
        {
            "index":91,
            "아파트명":"면목늘푸른동아",
            "투자타입":"일반",
            "전용면적(m2)":"67.48",
            "전용면적(평)":"20평",
            "법정동주소":"서울시 중랑구 면목동 715",
            "도로명주소":"서울시 중랑구 동일로 476",
            "세대수":50,
            "입주년차":20,
            "용적률점수":"--",
            "건폐율점수":"--",
            "세대당주차수":30,
            "난방방식":30,
            "공급면적":"--",
            "전용률":"--",
            "욕실수":50,
            "현관타입":10,
            "주거총점":35.0,
            "지역구공급총점":100.0,
            "역세권":50,
            "30분내 이동가능 거점":0,
            "1시간내 이동가능 거점":70,
            "교통총점":39.0,
            "백화점":0,
            "아울렛몰":0,
            "대형마트":80,
            "은행":0,
            "병원":30,
            "종합병원":100,
            "공원":80,
            "혐오시설":-50,
            "인프라총점":36.4,
            "초등학군":85.91,
            "중학군":39.08,
            "학군총점":48.446,
            "인구수":44.82,
            "인구증감":-9.32,
            "인구총점":28.578,
            "일자리":11.1,
            "소득수준":50.64,
            "일자리총점":22.962,
            "가치 총점":38.8369,
            "매매실거래년":20210326.0,
            "매매실거래가":93000.0,
            "전세실거래년":20210515.0,
            "전세실거래가":25200.0,
            "전세가율":60.0,
            "장기전세가율평균":70.62,
            "전세가율거품지수":10.62,
            "검색코드":3465,
            "세대수":573,
            "준공년월":"2002-11-30",
            "준공년차":21,
            "가까운역이름":"용마산",
            "가까운역거리":532.23,
            "역세권여부":"준역세권",
            "30분이내주요거점역":0,
            "1시간이내주요거점역":7,
            "3km이내백화점수":0,
            "5km이내아울렛몰수":0,
            "1km이내대형먀트수":1,
            "500m이내은행수":1,
            "500m이내병원수":6,
            "5km이내대형병원수":10,
            "500m이내공원수":1,
            "3km이내혐오시설수":1,
            "초등학교학업성취도":85.91,
            "중학교학업성취도":64.6,
            "용적률":364,
            "건폐율":23,
            "Y":37.572865,
            "X":127.080769,
            "rank":101.0,
            "area_info":"20평(67.48), 25평(84.19), 32평(107.28), 43평(144.85)",
            "last_sales":"2021-03-26,93000.0,43평(144.85)"
        },
        {
            "index":156,
            "아파트명":"용마산금호어울림",
            "투자타입":"일반",
            "전용면적(m2)":"88.04",
            "전용면적(평)":"26평",
            "법정동주소":"서울시 중랑구 면목동 1525",
            "도로명주소":"서울시 중랑구 용마산로 290",
            "세대수":0,
            "입주년차":40,
            "용적률점수":"--",
            "건폐율점수":"--",
            "세대당주차수":30,
            "난방방식":30,
            "공급면적":"--",
            "전용률":"--",
            "욕실수":50,
            "현관타입":100,
            "주거총점":30.5,
            "지역구공급총점":100.0,
            "역세권":50,
            "30분내 이동가능 거점":0,
            "1시간내 이동가능 거점":60,
            "교통총점":37.0,
            "백화점":0,
            "아울렛몰":0,
            "대형마트":80,
            "은행":0,
            "병원":80,
            "종합병원":100,
            "공원":0,
            "혐오시설":-50,
            "인프라총점":39.0,
            "초등학군":80.49,
            "중학군":39.08,
            "학군총점":47.362,
            "인구수":44.82,
            "인구증감":-9.32,
            "인구총점":28.578,
            "일자리":11.1,
            "소득수준":50.64,
            "일자리총점":22.962,
            "가치 총점":37.8543,
            "매매실거래년":20210710.0,
            "매매실거래가":73000.0,
            "전세실거래년":20210927.0,
            "전세실거래가":50000.0,
            "전세가율":64.52,
            "장기전세가율평균":70.62,
            "전세가율거품지수":6.1,
            "검색코드":19183,
            "세대수":165,
            "준공년월":"2006-06-26",
            "준공년차":17,
            "가까운역이름":"사가정",
            "가까운역거리":509.77,
            "역세권여부":"준역세권",
            "30분이내주요거점역":0,
            "1시간이내주요거점역":6,
            "3km이내백화점수":0,
            "5km이내아울렛몰수":0,
            "1km이내대형먀트수":1,
            "500m이내은행수":1,
            "500m이내병원수":45,
            "5km이내대형병원수":10,
            "500m이내공원수":0,
            "3km이내혐오시설수":1,
            "초등학교학업성취도":80.49,
            "중학교학업성취도":64.6,
            "용적률":194,
            "건폐율":20,
            "Y":37.577086,
            "X":127.091699,
            "rank":102.0,
            "area_info":"26평(88.04), 29평(96.81), 31평(104.38), 31평(104.04), 37평(123.52)",
            "last_sales":"2021-07-10,73000.0,31평(104.38)"
        },
        {
            "index":121,
            "아파트명":"면목신성미소지움",
            "투자타입":"일반",
            "전용면적(m2)":"102.66",
            "전용면적(평)":"31평",
            "법정동주소":"서울시 중랑구 면목동 1527",
            "도로명주소":"서울시 중랑구 용마산로86길 9-27",
            "세대수":0,
            "입주년차":40,
            "용적률점수":"--",
            "건폐율점수":"--",
            "세대당주차수":30,
            "난방방식":30,
            "공급면적":"--",
            "전용률":"--",
            "욕실수":100,
            "현관타입":100,
            "주거총점":35.5,
            "지역구공급총점":100.0,
            "역세권":50,
            "30분내 이동가능 거점":0,
            "1시간내 이동가능 거점":50,
            "교통총점":35.0,
            "백화점":0,
            "아울렛몰":80,
            "대형마트":0,
            "은행":0,
            "병원":60,
            "종합병원":100,
            "공원":100,
            "혐오시설":-50,
            "인프라총점":36.0,
            "초등학군":92.94,
            "중학군":37.34,
            "학군총점":48.46,
            "인구수":44.82,
            "인구증감":-9.32,
            "인구총점":28.578,
            "일자리":11.1,
            "소득수준":50.64,
            "일자리총점":22.962,
            "가치 총점":37.419,
            "매매실거래년":20210915.0,
            "매매실거래가":77000.0,
            "전세실거래년":20210131.0,
            "전세실거래가":42000.0,
            "전세가율":54.55,
            "장기전세가율평균":70.62,
            "전세가율거품지수":16.07,
            "검색코드":10763,
            "세대수":161,
            "준공년월":"2004-11-12",
            "준공년차":19,
            "가까운역이름":"면목",
            "가까운역거리":757.7,
            "역세권여부":"준역세권",
            "30분이내주요거점역":0,
            "1시간이내주요거점역":5,
            "3km이내백화점수":0,
            "5km이내아울렛몰수":1,
            "1km이내대형먀트수":0,
            "500m이내은행수":0,
            "500m이내병원수":18,
            "5km이내대형병원수":8,
            "500m이내공원수":5,
            "3km이내혐오시설수":1,
            "초등학교학업성취도":92.94,
            "중학교학업성취도":61.3,
            "용적률":328,
            "건폐율":24,
            "Y":37.587472,
            "X":127.095988,
            "rank":103.0,
            "area_info":"31평(102.66)",
            "last_sales":"2021-09-15,77000.0,31평(102.66)"
        },
        {
            "index":153,
            "아파트명":"용마금호타운",
            "투자타입":"재건축",
            "전용면적(m2)":"100.92",
            "전용면적(평)":"30평",
            "법정동주소":"서울시 중랑구 면목동 494",
            "도로명주소":"서울시 중랑구 용마산로 348",
            "세대수":50,
            "입주년차":"--",
            "용적률점수":20,
            "건폐율점수":80,
            "세대당주차수":"--",
            "난방방식":"--",
            "공급면적":90,
            "전용률":80,
            "욕실수":"--",
            "현관타입":"--",
            "주거총점":47.5,
            "지역구공급총점":100.0,
            "역세권":50,
            "30분내 이동가능 거점":0,
            "1시간내 이동가능 거점":60,
            "교통총점":37.0,
            "백화점":0,
            "아울렛몰":0,
            "대형마트":0,
            "은행":0,
            "병원":30,
            "종합병원":100,
            "공원":80,
            "혐오시설":-50,
            "인프라총점":24.4,
            "초등학군":92.94,
            "중학군":37.34,
            "학군총점":48.46,
            "인구수":44.82,
            "인구증감":-9.32,
            "인구총점":28.578,
            "일자리":11.1,
            "소득수준":50.64,
            "일자리총점":22.962,
            "가치 총점":37.039,
            "매매실거래년":20211210.0,
            "매매실거래가":80500.0,
            "전세실거래년":20211228.0,
            "전세실거래가":36750.0,
            "전세가율":45.65,
            "장기전세가율평균":70.62,
            "전세가율거품지수":24.97,
            "검색코드":834,
            "세대수":440,
            "준공년월":"1992-12-23",
            "준공년차":31,
            "가까운역이름":"사가정",
            "가까운역거리":557.65,
            "역세권여부":"준역세권",
            "30분이내주요거점역":0,
            "1시간이내주요거점역":6,
            "3km이내백화점수":0,
            "5km이내아울렛몰수":0,
            "1km이내대형먀트수":0,
            "500m이내은행수":0,
            "500m이내병원수":9,
            "5km이내대형병원수":7,
            "500m이내공원수":1,
            "3km이내혐오시설수":1,
            "초등학교학업성취도":92.94,
            "중학교학업성취도":61.3,
            "용적률":257,
            "건폐율":22,
            "Y":37.582837,
            "X":127.094312,
            "rank":104.0,
            "area_info":"30평(100.92)",
            "last_sales":"2021-12-10,80500.0,30평(100.92)"
        },
        {
            "index":451,
            "아파트명":"석탑",
            "투자타입":"일반",
            "전용면적(m2)":"85.14",
            "전용면적(평)":"25평",
            "법정동주소":"서울시 중랑구 신내동 787",
            "도로명주소":"서울시 중랑구 용마산로125길 92",
            "세대수":0,
            "입주년차":0,
            "용적률점수":"--",
            "건폐율점수":"--",
            "세대당주차수":0,
            "난방방식":30,
            "공급면적":"--",
            "전용률":"--",
            "욕실수":50,
            "현관타입":10,
            "주거총점":9.0,
            "지역구공급총점":100.0,
            "역세권":50,
            "30분내 이동가능 거점":0,
            "1시간내 이동가능 거점":40,
            "교통총점":33.0,
            "백화점":0,
            "아울렛몰":100,
            "대형마트":80,
            "은행":0,
            "병원":60,
            "종합병원":100,
            "공원":100,
            "혐오시설":0,
            "인프라총점":51.0,
            "초등학군":87.32,
            "중학군":41.24,
            "학군총점":50.456,
            "인구수":44.82,
            "인구증감":-9.32,
            "인구총점":28.578,
            "일자리":11.1,
            "소득수준":50.64,
            "일자리총점":22.962,
            "가치 총점":36.2184,
            "매매실거래년":20211118.0,
            "매매실거래가":55000.0,
            "전세실거래년":20210831.0,
            "전세실거래가":30000.0,
            "전세가율":54.55,
            "장기전세가율평균":70.62,
            "전세가율거품지수":16.07,
            "검색코드":823,
            "세대수":242,
            "준공년월":"1997-01-31",
            "준공년차":26,
            "가까운역이름":"양원",
            "가까운역거리":660.87,
            "역세권여부":"준역세권",
            "30분이내주요거점역":0,
            "1시간이내주요거점역":4,
            "3km이내백화점수":0,
            "5km이내아울렛몰수":2,
            "1km이내대형먀트수":1,
            "500m이내은행수":1,
            "500m이내병원수":14,
            "5km이내대형병원수":8,
            "500m이내공원수":2,
            "3km이내혐오시설수":0,
            "초등학교학업성취도":87.32,
            "중학교학업성취도":67.8,
            "용적률":371,
            "건폐율":28,
            "Y":37.603803,
            "X":127.101284,
            "rank":105.0,
            "area_info":"25평(85.14), 32평(108.15)",
            "last_sales":"2021-11-18,55000.0,25평(85.14)"
        },
        {
            "index":40,
            "아파트명":"청광",
            "투자타입":"일반",
            "전용면적(m2)":"84.13",
            "전용면적(평)":"25평",
            "법정동주소":"서울시 중랑구 망우동 575",
            "도로명주소":"서울시 중랑구 용마산로116길 76",
            "세대수":0,
            "입주년차":20,
            "용적률점수":"--",
            "건폐율점수":"--",
            "세대당주차수":0,
            "난방방식":30,
            "공급면적":"--",
            "전용률":"--",
            "욕실수":50,
            "현관타입":10,
            "주거총점":13.0,
            "지역구공급총점":100.0,
            "역세권":50,
            "30분내 이동가능 거점":0,
            "1시간내 이동가능 거점":40,
            "교통총점":33.0,
            "백화점":0,
            "아울렛몰":100,
            "대형마트":80,
            "은행":0,
            "병원":60,
            "종합병원":100,
            "공원":100,
            "혐오시설":0,
            "인프라총점":51.0,
            "초등학군":90.56,
            "중학군":32.52,
            "학군총점":44.128,
            "인구수":44.82,
            "인구증감":-9.32,
            "인구총점":28.578,
            "일자리":11.1,
            "소득수준":50.64,
            "일자리총점":22.962,
            "가치 총점":36.0692,
            "매매실거래년":20201110.0,
            "매매실거래가":45000.0,
            "전세실거래년":null,
            "전세실거래가":null,
            "전세가율":null,
            "장기전세가율평균":70.62,
            "전세가율거품지수":null,
            "검색코드":3464,
            "세대수":105,
            "준공년월":"2001-12-18",
            "준공년차":22,
            "가까운역이름":"양원",
            "가까운역거리":826.08,
            "역세권여부":"준역세권",
            "30분이내주요거점역":0,
            "1시간이내주요거점역":4,
            "3km이내백화점수":0,
            "5km이내아울렛몰수":2,
            "1km이내대형먀트수":1,
            "500m이내은행수":1,
            "500m이내병원수":12,
            "5km이내대형병원수":7,
            "500m이내공원수":3,
            "3km이내혐오시설수":0,
            "초등학교학업성취도":90.56,
            "중학교학업성취도":54.2,
            "용적률":289,
            "건폐율":29,
            "Y":37.599612,
            "X":127.104709,
            "rank":106.0,
            "area_info":"25평(84.13), 25평(85.76), 25평(85.76), 28평(95.49), 32평(108.27)",
            "last_sales":"2020-11-10,45000.0,32평(108.27)"
        },
        {
            "index":280,
            "아파트명":"세방",
            "투자타입":"일반",
            "전용면적(m2)":"84.1",
            "전용면적(평)":"25평",
            "법정동주소":"서울시 중랑구 묵동 383",
            "도로명주소":"서울시 중랑구 숙선옹주로9길 25",
            "세대수":0,
            "입주년차":20,
            "용적률점수":"--",
            "건폐율점수":"--",
            "세대당주차수":30,
            "난방방식":30,
            "공급면적":"--",
            "전용률":"--",
            "욕실수":50,
            "현관타입":10,
            "주거총점":17.5,
            "지역구공급총점":100.0,
            "역세권":50,
            "30분내 이동가능 거점":0,
            "1시간내 이동가능 거점":40,
            "교통총점":33.0,
            "백화점":0,
            "아울렛몰":0,
            "대형마트":100,
            "은행":0,
            "병원":10,
            "종합병원":100,
            "공원":100,
            "혐오시설":-50,
            "인프라총점":38.0,
            "초등학군":91.42,
            "중학군":52.94,
            "학군총점":60.636,
            "인구수":44.82,
            "인구증감":-9.32,
            "인구총점":28.578,
            "일자리":11.1,
            "소득수준":50.64,
            "일자리총점":22.962,
            "가치 총점":35.5454,
            "매매실거래년":20210929.0,
            "매매실거래가":61000.0,
            "전세실거래년":20210731.0,
            "전세실거래가":30450.0,
            "전세가율":49.92,
            "장기전세가율평균":70.62,
            "전세가율거품지수":20.7,
            "검색코드":3841,
            "세대수":159,
            "준공년월":"2000-07-03",
            "준공년차":23,
            "가까운역이름":"화랑대",
            "가까운역거리":523.3,
            "역세권여부":"준역세권",
            "30분이내주요거점역":0,
            "1시간이내주요거점역":4,
            "3km이내백화점수":0,
            "5km이내아울렛몰수":0,
            "1km이내대형먀트수":2,
            "500m이내은행수":1,
            "500m이내병원수":4,
            "5km이내대형병원수":10,
            "500m이내공원수":3,
            "3km이내혐오시설수":1,
            "초등학교학업성취도":91.42,
            "중학교학업성취도":86.3,
            "용적률":283,
            "건폐율":24,
            "Y":37.615443,
            "X":127.083564,
            "rank":107.0,
            "area_info":"25평(84.1), 30평(101.65), 32평(108.18)",
            "last_sales":"2021-09-29,61000.0,25평(84.1)"
        },
        {
            "index":76,
            "아파트명":"두원",
            "투자타입":"일반",
            "전용면적(m2)":"79.74",
            "전용면적(평)":"24평",
            "법정동주소":"서울시 중랑구 면목동 1521",
            "도로명주소":"서울시 중랑구 동일로 483",
            "세대수":0,
            "입주년차":0,
            "용적률점수":"--",
            "건폐율점수":"--",
            "세대당주차수":0,
            "난방방식":30,
            "공급면적":"--",
            "전용률":"--",
            "욕실수":50,
            "현관타입":100,
            "주거총점":18.0,
            "지역구공급총점":100.0,
            "역세권":50,
            "30분내 이동가능 거점":0,
            "1시간내 이동가능 거점":70,
            "교통총점":39.0,
            "백화점":0,
            "아울렛몰":0,
            "대형마트":80,
            "은행":0,
            "병원":30,
            "종합병원":100,
            "공원":80,
            "혐오시설":-50,
            "인프라총점":36.4,
            "초등학군":85.91,
            "중학군":39.08,
            "학군총점":48.446,
            "인구수":44.82,
            "인구증감":-9.32,
            "인구총점":28.578,
            "일자리":11.1,
            "소득수준":50.64,
            "일자리총점":22.962,
            "가치 총점":35.4369,
            "매매실거래년":20210304.0,
            "매매실거래가":49000.0,
            "전세실거래년":20210506.0,
            "전세실거래가":40000.0,
            "전세가율":81.63,
            "장기전세가율평균":70.62,
            "전세가율거품지수":-11.01,
            "검색코드":1245,
            "세대수":118,
            "준공년월":"1998-11-25",
            "준공년차":25,
            "가까운역이름":"용마산",
            "가까운역거리":614.96,
            "역세권여부":"준역세권",
            "30분이내주요거점역":0,
            "1시간이내주요거점역":7,
            "3km이내백화점수":0,
            "5km이내아울렛몰수":0,
            "1km이내대형먀트수":1,
            "500m이내은행수":1,
            "500m이내병원수":6,
            "5km이내대형병원수":11,
            "500m이내공원수":1,
            "3km이내혐오시설수":1,
            "초등학교학업성취도":85.91,
            "중학교학업성취도":64.6,
            "용적률":397,
            "건폐율":23,
            "Y":37.57356,
            "X":127.07975,
            "rank":108.0,
            "area_info":"24평(79.74), 32평(108.24)",
            "last_sales":"2021-03-04,49000.0,24평(79.74)"
        },
        {
            "index":11,
            "아파트명":"신원",
            "투자타입":"일반",
            "전용면적(m2)":"82.26",
            "전용면적(평)":"24평",
            "법정동주소":"서울시 중랑구 망우동 573",
            "도로명주소":"서울시 중랑구 망우로 504-7",
            "세대수":0,
            "입주년차":20,
            "용적률점수":"--",
            "건폐율점수":"--",
            "세대당주차수":0,
            "난방방식":30,
            "공급면적":"--",
            "전용률":"--",
            "욕실수":50,
            "현관타입":10,
            "주거총점":13.0,
            "지역구공급총점":100.0,
            "역세권":50,
            "30분내 이동가능 거점":0,
            "1시간내 이동가능 거점":40,
            "교통총점":33.0,
            "백화점":0,
            "아울렛몰":100,
            "대형마트":80,
            "은행":0,
            "병원":30,
            "종합병원":100,
            "공원":100,
            "혐오시설":0,
            "인프라총점":48.0,
            "초등학군":90.56,
            "중학군":31.14,
            "학군총점":43.024,
            "인구수":44.82,
            "인구증감":-9.32,
            "인구총점":28.578,
            "일자리":11.1,
            "소득수준":50.64,
            "일자리총점":22.962,
            "가치 총점":35.0036,
            "매매실거래년":20211207.0,
            "매매실거래가":49300.0,
            "전세실거래년":20210524.0,
            "전세실거래가":35000.0,
            "전세가율":70.99,
            "장기전세가율평균":70.62,
            "전세가율거품지수":-0.37,
            "검색코드":1243,
            "세대수":198,
            "준공년월":"1999-03-11",
            "준공년차":24,
            "가까운역이름":"양원",
            "가까운역거리":744.78,
            "역세권여부":"준역세권",
            "30분이내주요거점역":0,
            "1시간이내주요거점역":4,
            "3km이내백화점수":0,
            "5km이내아울렛몰수":2,
            "1km이내대형먀트수":1,
            "500m이내은행수":0,
            "500m이내병원수":8,
            "5km이내대형병원수":6,
            "500m이내공원수":2,
            "3km이내혐오시설수":0,
            "초등학교학업성취도":90.56,
            "중학교학업성취도":51.9,
            "용적률":385,
            "건폐율":27,
            "Y":37.59992,
            "X":127.10859,
            "rank":109.0,
            "area_info":"24평(82.26), 32평(107.62), 32평(108.58)",
            "last_sales":"2021-12-07,49300.0,24평(82.26)"
        },
        {
            "index":166,
            "아파트명":"용마한신",
            "투자타입":"재건축",
            "전용면적(m2)":"48.04",
            "전용면적(평)":"14평",
            "법정동주소":"서울시 중랑구 면목동 1077-1",
            "도로명주소":"서울시 중랑구 사가정로71길 19",
            "세대수":50,
            "입주년차":"--",
            "용적률점수":20,
            "건폐율점수":80,
            "세대당주차수":"--",
            "난방방식":"--",
            "공급면적":50,
            "전용률":60,
            "욕실수":"--",
            "현관타입":"--",
            "주거총점":44.5,
            "지역구공급총점":100.0,
            "역세권":50,
            "30분내 이동가능 거점":0,
            "1시간내 이동가능 거점":50,
            "교통총점":35.0,
            "백화점":0,
            "아울렛몰":0,
            "대형마트":0,
            "은행":0,
            "병원":10,
            "종합병원":100,
            "공원":0,
            "혐오시설":-50,
            "인프라총점":20.0,
            "초등학군":92.94,
            "중학군":39.36,
            "학군총점":50.076,
            "인구수":44.82,
            "인구증감":-9.32,
            "인구총점":28.578,
            "일자리":11.1,
            "소득수준":50.64,
            "일자리총점":22.962,
            "가치 총점":34.6614,
            "매매실거래년":20211012.0,
            "매매실거래가":41000.0,
            "전세실거래년":20220115.0,
            "전세실거래가":23000.0,
            "전세가율":56.1,
            "장기전세가율평균":70.62,
            "전세가율거품지수":14.52,
            "검색코드":835,
            "세대수":565,
            "준공년월":"1990-06-28",
            "준공년차":33,
            "가까운역이름":"사가정",
            "가까운역거리":659.65,
            "역세권여부":"준역세권",
            "30분이내주요거점역":0,
            "1시간이내주요거점역":5,
            "3km이내백화점수":0,
            "5km이내아울렛몰수":0,
            "1km이내대형먀트수":0,
            "500m이내은행수":0,
            "500m이내병원수":4,
            "5km이내대형병원수":7,
            "500m이내공원수":0,
            "3km이내혐오시설수":1,
            "초등학교학업성취도":92.94,
            "중학교학업성취도":64.8,
            "용적률":261,
            "건폐율":24,
            "Y":37.581497,
            "X":127.095925,
            "rank":110.0,
            "area_info":"14평(48.04), 17평(58.4), 23평(78.14), 30평(102.19)",
            "last_sales":"2021-10-12,41000.0,14평(48.04)"
        },
        {
            "index":154,
            "아파트명":"용마동아",
            "투자타입":"일반",
            "전용면적(m2)":"103.96",
            "전용면적(평)":"31평",
            "법정동주소":"서울시 중랑구 면목동 1499",
            "도로명주소":"서울시 중랑구 용마산로62길 43",
            "세대수":0,
            "입주년차":0,
            "용적률점수":"--",
            "건폐율점수":"--",
            "세대당주차수":30,
            "난방방식":30,
            "공급면적":"--",
            "전용률":"--",
            "욕실수":100,
            "현관타입":100,
            "주거총점":27.5,
            "지역구공급총점":100.0,
            "역세권":50,
            "30분내 이동가능 거점":0,
            "1시간내 이동가능 거점":60,
            "교통총점":37.0,
            "백화점":0,
            "아울렛몰":0,
            "대형마트":0,
            "은행":0,
            "병원":30,
            "종합병원":100,
            "공원":0,
            "혐오시설":-50,
            "인프라총점":22.0,
            "초등학군":92.94,
            "중학군":39.36,
            "학군총점":50.076,
            "인구수":44.82,
            "인구증감":-9.32,
            "인구총점":28.578,
            "일자리":11.1,
            "소득수준":50.64,
            "일자리총점":22.962,
            "가치 총점":32.5614,
            "매매실거래년":20210927.0,
            "매매실거래가":73500.0,
            "전세실거래년":20211221.0,
            "전세실거래가":20000.0,
            "전세가율":27.21,
            "장기전세가율평균":70.62,
            "전세가율거품지수":43.41,
            "검색코드":799,
            "세대수":174,
            "준공년월":"1993-03-18",
            "준공년차":30,
            "가까운역이름":"사가정",
            "가까운역거리":589.47,
            "역세권여부":"준역세권",
            "30분이내주요거점역":0,
            "1시간이내주요거점역":6,
            "3km이내백화점수":0,
            "5km이내아울렛몰수":0,
            "1km이내대형먀트수":0,
            "500m이내은행수":0,
            "500m이내병원수":7,
            "5km이내대형병원수":10,
            "500m이내공원수":0,
            "3km이내혐오시설수":1,
            "초등학교학업성취도":92.94,
            "중학교학업성취도":64.8,
            "용적률":240,
            "건폐율":31,
            "Y":37.578902,
            "X":127.094677,
            "rank":111.0,
            "area_info":"31평(103.96), 31평(103.95)",
            "last_sales":"2021-09-27,73500.0,31평(103.96)"
        },
        {
            "index":170,
            "아파트명":"용마한신2차",
            "투자타입":"일반",
            "전용면적(m2)":"80.92",
            "전용면적(평)":"24평",
            "법정동주소":"서울시 중랑구 면목동 1073",
            "도로명주소":"서울시 중랑구 사가정로71길 11",
            "세대수":0,
            "입주년차":0,
            "용적률점수":"--",
            "건폐율점수":"--",
            "세대당주차수":30,
            "난방방식":30,
            "공급면적":"--",
            "전용률":"--",
            "욕실수":50,
            "현관타입":100,
            "주거총점":22.5,
            "지역구공급총점":100.0,
            "역세권":50,
            "30분내 이동가능 거점":0,
            "1시간내 이동가능 거점":60,
            "교통총점":37.0,
            "백화점":0,
            "아울렛몰":0,
            "대형마트":0,
            "은행":0,
            "병원":60,
            "종합병원":100,
            "공원":0,
            "혐오시설":-50,
            "인프라총점":25.0,
            "초등학군":92.94,
            "중학군":39.36,
            "학군총점":50.076,
            "인구수":44.82,
            "인구증감":-9.32,
            "인구총점":28.578,
            "일자리":11.1,
            "소득수준":50.64,
            "일자리총점":22.962,
            "가치 총점":32.4614,
            "매매실거래년":20210711.0,
            "매매실거래가":65500.0,
            "전세실거래년":20211002.0,
            "전세실거래가":29400.0,
            "전세가율":44.89,
            "장기전세가율평균":70.62,
            "전세가율거품지수":25.73,
            "검색코드":3838,
            "세대수":174,
            "준공년월":"1998-05-29",
            "준공년차":25,
            "가까운역이름":"사가정",
            "가까운역거리":551.01,
            "역세권여부":"준역세권",
            "30분이내주요거점역":0,
            "1시간이내주요거점역":6,
            "3km이내백화점수":0,
            "5km이내아울렛몰수":0,
            "1km이내대형먀트수":0,
            "500m이내은행수":0,
            "500m이내병원수":14,
            "5km이내대형병원수":8,
            "500m이내공원수":0,
            "3km이내혐오시설수":1,
            "초등학교학업성취도":92.94,
            "중학교학업성취도":64.8,
            "용적률":264,
            "건폐율":23,
            "Y":37.581353,
            "X":127.094704,
            "rank":112.0,
            "area_info":"24평(80.92), 25평(83.4), 32평(108.73)",
            "last_sales":"2021-07-11,65500.0,24평(80.92)"
        }
    ]
}