{
    "schema":{
        "fields":[
            {
                "name":"index",
                "type":"integer"
            },
            {
                "name":"아파트명",
                "type":"string"
            },
            {
                "name":"투자타입",
                "type":"string"
            },
            {
                "name":"전용면적(m2)",
                "type":"string"
            },
            {
                "name":"전용면적(평)",
                "type":"string"
            },
            {
                "name":"법정동주소",
                "type":"string"
            },
            {
                "name":"도로명주소",
                "type":"string"
            },
            {
                "name":"세대수",
                "type":"integer"
            },
            {
                "name":"입주년차",
                "type":"string"
            },
            {
                "name":"용적률점수",
                "type":"string"
            },
            {
                "name":"건폐율점수",
                "type":"string"
            },
            {
                "name":"세대당주차수",
                "type":"string"
            },
            {
                "name":"난방방식",
                "type":"string"
            },
            {
                "name":"공급면적",
                "type":"string"
            },
            {
                "name":"전용률",
                "type":"string"
            },
            {
                "name":"욕실수",
                "type":"string"
            },
            {
                "name":"현관타입",
                "type":"string"
            },
            {
                "name":"주거총점",
                "type":"number"
            },
            {
                "name":"지역구공급총점",
                "type":"number"
            },
            {
                "name":"역세권",
                "type":"integer"
            },
            {
                "name":"30분내 이동가능 거점",
                "type":"integer"
            },
            {
                "name":"1시간내 이동가능 거점",
                "type":"integer"
            },
            {
                "name":"교통총점",
                "type":"number"
            },
            {
                "name":"백화점",
                "type":"integer"
            },
            {
                "name":"아울렛몰",
                "type":"integer"
            },
            {
                "name":"대형마트",
                "type":"integer"
            },
            {
                "name":"은행",
                "type":"integer"
            },
            {
                "name":"병원",
                "type":"integer"
            },
            {
                "name":"종합병원",
                "type":"integer"
            },
            {
                "name":"공원",
                "type":"integer"
            },
            {
                "name":"혐오시설",
                "type":"integer"
            },
            {
                "name":"인프라총점",
                "type":"number"
            },
            {
                "name":"초등학군",
                "type":"number"
            },
            {
                "name":"중학군",
                "type":"number"
            },
            {
                "name":"학군총점",
                "type":"number"
            },
            {
                "name":"인구수",
                "type":"number"
            },
            {
                "name":"인구증감",
                "type":"number"
            },
            {
                "name":"인구총점",
                "type":"number"
            },
            {
                "name":"일자리",
                "type":"number"
            },
            {
                "name":"소득수준",
                "type":"number"
            },
            {
                "name":"일자리총점",
                "type":"number"
            },
            {
                "name":"가치 총점",
                "type":"number"
            },
            {
                "name":"매매실거래년",
                "type":"string"
            },
            {
                "name":"매매실거래가",
                "type":"number"
            },
            {
                "name":"전세실거래년",
                "type":"number"
            },
            {
                "name":"전세실거래가",
                "type":"number"
            },
            {
                "name":"전세가율",
                "type":"number"
            },
            {
                "name":"장기전세가율평균",
                "type":"number"
            },
            {
                "name":"전세가율거품지수",
                "type":"number"
            },
            {
                "name":"검색코드",
                "type":"integer"
            },
            {
                "name":"세대수",
                "type":"number"
            },
            {
                "name":"준공년월",
                "type":"string"
            },
            {
                "name":"준공년차",
                "type":"number"
            },
            {
                "name":"가까운역이름",
                "type":"string"
            },
            {
                "name":"가까운역거리",
                "type":"number"
            },
            {
                "name":"역세권여부",
                "type":"string"
            },
            {
                "name":"30분이내주요거점역",
                "type":"integer"
            },
            {
                "name":"1시간이내주요거점역",
                "type":"integer"
            },
            {
                "name":"3km이내백화점수",
                "type":"integer"
            },
            {
                "name":"5km이내아울렛몰수",
                "type":"integer"
            },
            {
                "name":"1km이내대형먀트수",
                "type":"integer"
            },
            {
                "name":"500m이내은행수",
                "type":"integer"
            },
            {
                "name":"500m이내병원수",
                "type":"integer"
            },
            {
                "name":"5km이내대형병원수",
                "type":"integer"
            },
            {
                "name":"500m이내공원수",
                "type":"integer"
            },
            {
                "name":"3km이내혐오시설수",
                "type":"integer"
            },
            {
                "name":"초등학교학업성취도",
                "type":"number"
            },
            {
                "name":"중학교학업성취도",
                "type":"number"
            },
            {
                "name":"용적률",
                "type":"integer"
            },
            {
                "name":"건폐율",
                "type":"integer"
            },
            {
                "name":"Y",
                "type":"number"
            },
            {
                "name":"X",
                "type":"number"
            },
            {
                "name":"rank",
                "type":"number"
            },
            {
                "name":"area_info",
                "type":"string"
            },
            {
                "name":"last_sales",
                "type":"string"
            }
        ],
        "primaryKey":[
            "index"
        ],
        "pandas_version":"1.4.0"
    },
    "data":[
        {
            "index":557,
            "아파트명":"삼성래미안",
            "투자타입":"일반",
            "전용면적(m2)":"80.89",
            "전용면적(평)":"24평",
            "법정동주소":"서울시 성북구 종암동 80",
            "도로명주소":"서울시 성북구 종암로25길 30",
            "세대수":90,
            "입주년차":40,
            "용적률점수":"--",
            "건폐율점수":"--",
            "세대당주차수":30,
            "난방방식":30,
            "공급면적":"--",
            "전용률":"--",
            "욕실수":100,
            "현관타입":100,
            "주거총점":67.0,
            "지역구공급총점":0.0,
            "역세권":80,
            "30분내 이동가능 거점":80,
            "1시간내 이동가능 거점":100,
            "교통총점":84.0,
            "백화점":100,
            "아울렛몰":80,
            "대형마트":100,
            "은행":70,
            "병원":80,
            "종합병원":100,
            "공원":100,
            "혐오시설":0,
            "인프라총점":91.0,
            "초등학군":84.73,
            "중학군":54.42,
            "학군총점":60.482,
            "인구수":49.43,
            "인구증감":-8.0,
            "인구총점":32.201,
            "일자리":13.3,
            "소득수준":56.64,
            "일자리총점":26.302,
            "가치 총점":79.1723,
            "매매실거래년":20211221.0,
            "매매실거래가":86800.0,
            "전세실거래년":20211221.0,
            "전세실거래가":36383.0,
            "전세가율":41.92,
            "장기전세가율평균":70.52,
            "전세가율거품지수":28.6,
            "검색코드":3006,
            "세대수":1168.0,
            "준공년월":"2004-09-24",
            "준공년차":19.0,
            "가까운역이름":"길음",
            "가까운역거리":492.0,
            "역세권여부":"역세권",
            "30분이내주요거점역":4,
            "1시간이내주요거점역":11,
            "3km이내백화점수":3,
            "5km이내아울렛몰수":1,
            "1km이내대형먀트수":2,
            "500m이내은행수":3,
            "500m이내병원수":32,
            "5km이내대형병원수":9,
            "500m이내공원수":3,
            "3km이내혐오시설수":0,
            "초등학교학업성취도":84.73,
            "중학교학업성취도":88.7,
            "용적률":238,
            "건폐율":17,
            "Y":37.600966,
            "X":127.029711,
            "rank":1.0,
            "area_info":"24평(80.89), 32평(107.66), 42평(139.86)",
            "last_sales":"2021-12-21,86800.0,24평(80.89)"
        },
        {
            "index":60,
            "아파트명":"길음래미안1차",
            "투자타입":"일반",
            "전용면적(m2)":"78.45",
            "전용면적(평)":"23평",
            "법정동주소":"서울시 성북구 길음동 1279",
            "도로명주소":"서울시 성북구 길음로9길 40",
            "세대수":90,
            "입주년차":20,
            "용적률점수":"--",
            "건폐율점수":"--",
            "세대당주차수":30,
            "난방방식":30,
            "공급면적":"--",
            "전용률":"--",
            "욕실수":100,
            "현관타입":100,
            "주거총점":63.0,
            "지역구공급총점":0.0,
            "역세권":80,
            "30분내 이동가능 거점":80,
            "1시간내 이동가능 거점":100,
            "교통총점":84.0,
            "백화점":100,
            "아울렛몰":80,
            "대형마트":80,
            "은행":70,
            "병원":80,
            "종합병원":100,
            "공원":100,
            "혐오시설":0,
            "인프라총점":88.0,
            "초등학군":89.44,
            "중학군":51.3,
            "학군총점":58.928,
            "인구수":49.43,
            "인구증감":-8.0,
            "인구총점":32.201,
            "일자리":13.3,
            "소득수준":56.64,
            "일자리총점":26.302,
            "가치 총점":77.2392,
            "매매실거래년":20211028.0,
            "매매실거래가":89900.0,
            "전세실거래년":20220115.0,
            "전세실거래가":34650.0,
            "전세가율":38.54,
            "장기전세가율평균":70.52,
            "전세가율거품지수":31.98,
            "검색코드":3422,
            "세대수":1125.0,
            "준공년월":"2003-01-29",
            "준공년차":20.0,
            "가까운역이름":"길음",
            "가까운역거리":443.89,
            "역세권여부":"역세권",
            "30분이내주요거점역":4,
            "1시간이내주요거점역":12,
            "3km이내백화점수":2,
            "5km이내아울렛몰수":1,
            "1km이내대형먀트수":1,
            "500m이내은행수":3,
            "500m이내병원수":40,
            "5km이내대형병원수":9,
            "500m이내공원수":8,
            "3km이내혐오시설수":0,
            "초등학교학업성취도":89.44,
            "중학교학업성취도":83.3,
            "용적률":248,
            "건폐율":18,
            "Y":37.605251,
            "X":127.020584,
            "rank":2.0,
            "area_info":"23평(78.45), 31평(104.91), 41평(136.16)",
            "last_sales":"2021-10-28,89900.0,23평(78.45)"
        },
        {
            "index":75,
            "아파트명":"래미안길음센터피스",
            "투자타입":"일반",
            "전용면적(m2)":"83.53",
            "전용면적(평)":"25평",
            "법정동주소":"서울시 성북구 길음동 1288",
            "도로명주소":"서울시 성북구 숭인로 50",
            "세대수":100,
            "입주년차":100,
            "용적률점수":"--",
            "건폐율점수":"--",
            "세대당주차수":30,
            "난방방식":30,
            "공급면적":"--",
            "전용률":"--",
            "욕실수":100,
            "현관타입":100,
            "주거총점":82.5,
            "지역구공급총점":0.0,
            "역세권":80,
            "30분내 이동가능 거점":60,
            "1시간내 이동가능 거점":100,
            "교통총점":78.0,
            "백화점":100,
            "아울렛몰":0,
            "대형마트":100,
            "은행":20,
            "병원":60,
            "종합병원":100,
            "공원":100,
            "혐오시설":0,
            "인프라총점":76.0,
            "초등학군":90.15,
            "중학군":64.14,
            "학군총점":69.342,
            "인구수":49.43,
            "인구증감":-8.0,
            "인구총점":32.201,
            "일자리":13.3,
            "소득수준":56.64,
            "일자리총점":26.302,
            "가치 총점":77.0013,
            "매매실거래년":20211220.0,
            "매매실거래가":120000.0,
            "전세실거래년":20220115.0,
            "전세실거래가":64000.0,
            "전세가율":54.7,
            "장기전세가율평균":70.52,
            "전세가율거품지수":15.82,
            "검색코드":111330,
            "세대수":2352.0,
            "준공년월":"2019-11-29",
            "준공년차":4.0,
            "가까운역이름":"미아사거리",
            "가까운역거리":315.8,
            "역세권여부":"역세권",
            "30분이내주요거점역":3,
            "1시간이내주요거점역":12,
            "3km이내백화점수":2,
            "5km이내아울렛몰수":0,
            "1km이내대형먀트수":2,
            "500m이내은행수":2,
            "500m이내병원수":19,
            "5km이내대형병원수":9,
            "500m이내공원수":2,
            "3km이내혐오시설수":0,
            "초등학교학업성취도":90.15,
            "중학교학업성취도":98.3,
            "용적률":299,
            "건폐율":21,
            "Y":37.611633,
            "X":127.027143,
            "rank":3.0,
            "area_info":"25평(83.53), 25평(83.86), 25평(83.72), 25평(84.25), 35평(117.27), 35평(117.34), 35평(117.09), 35평(117.28), 35평(118.16), 35평(118.16), 43평(143.53), 45평(151.1), 50평(168.09)",
            "last_sales":"2021-12-20,120000.0,25평(83.72)"
        },
        {
            "index":63,
            "아파트명":"길음역롯데캐슬트윈골드",
            "투자타입":"일반",
            "전용면적(m2)":"83.99",
            "전용면적(평)":"25평",
            "법정동주소":"서울시 성북구 길음동 542-1번지 일대",
            "도로명주소":"서울시 성북구",
            "세대수":30,
            "입주년차":100,
            "용적률점수":"--",
            "건폐율점수":"--",
            "세대당주차수":30,
            "난방방식":30,
            "공급면적":"--",
            "전용률":"--",
            "욕실수":100,
            "현관타입":100,
            "주거총점":58.0,
            "지역구공급총점":0.0,
            "역세권":80,
            "30분내 이동가능 거점":80,
            "1시간내 이동가능 거점":100,
            "교통총점":84.0,
            "백화점":100,
            "아울렛몰":80,
            "대형마트":100,
            "은행":70,
            "병원":80,
            "종합병원":100,
            "공원":100,
            "혐오시설":0,
            "인프라총점":91.0,
            "초등학군":84.73,
            "중학군":51.3,
            "학군총점":57.986,
            "인구수":49.43,
            "인구증감":-8.0,
            "인구총점":32.201,
            "일자리":13.3,
            "소득수준":56.64,
            "일자리총점":26.302,
            "가치 총점":76.9979,
            "매매실거래년":"18000101",
            "매매실거래가":null,
            "전세실거래년":null,
            "전세실거래가":null,
            "전세가율":null,
            "장기전세가율평균":70.52,
            "전세가율거품지수":null,
            "검색코드":134843,
            "세대수":395.0,
            "준공년월":"2024-04-01",
            "준공년차":-1.0,
            "가까운역이름":"길음",
            "가까운역거리":152.22,
            "역세권여부":"역세권",
            "30분이내주요거점역":4,
            "1시간이내주요거점역":12,
            "3km이내백화점수":2,
            "5km이내아울렛몰수":1,
            "1km이내대형먀트수":2,
            "500m이내은행수":3,
            "500m이내병원수":31,
            "5km이내대형병원수":9,
            "500m이내공원수":4,
            "3km이내혐오시설수":0,
            "초등학교학업성취도":84.73,
            "중학교학업성취도":83.3,
            "용적률":0,
            "건폐율":0,
            "Y":37.603879,
            "X":127.023431,
            "rank":4.0,
            "area_info":"25평(83.99), 25평(84.25), 25평(84.13), 35평(118.62)",
            "last_sales":"1800-01-01,nan,25평(83.99)"
        },
        {
            "index":625,
            "아파트명":"월곡갑을명가",
            "투자타입":"일반",
            "전용면적(m2)":"87.18",
            "전용면적(평)":"26평",
            "법정동주소":"서울시 성북구 하월곡동 227",
            "도로명주소":"서울시 성북구 화랑로11길 26",
            "세대수":0,
            "입주년차":40,
            "용적률점수":"--",
            "건폐율점수":"--",
            "세대당주차수":60,
            "난방방식":30,
            "공급면적":"--",
            "전용률":"--",
            "욕실수":100,
            "현관타입":100,
            "주거총점":40.0,
            "지역구공급총점":0.0,
            "역세권":100,
            "30분내 이동가능 거점":80,
            "1시간내 이동가능 거점":100,
            "교통총점":94.0,
            "백화점":100,
            "아울렛몰":80,
            "대형마트":100,
            "은행":70,
            "병원":60,
            "종합병원":100,
            "공원":100,
            "혐오시설":0,
            "인프라총점":89.0,
            "초등학군":88.15,
            "중학군":45.54,
            "학군총점":54.062,
            "인구수":49.43,
            "인구증감":-8.0,
            "인구총점":32.201,
            "일자리":13.3,
            "소득수준":56.64,
            "일자리총점":26.302,
            "가치 총점":75.7093,
            "매매실거래년":20211017.0,
            "매매실거래가":72400.0,
            "전세실거래년":null,
            "전세실거래가":null,
            "전세가율":null,
            "장기전세가율평균":70.52,
            "전세가율거품지수":null,
            "검색코드":22446,
            "세대수":145.0,
            "준공년월":"2007-07-30",
            "준공년차":16.0,
            "가까운역이름":"월곡",
            "가까운역거리":92.38,
            "역세권여부":"초역세권",
            "30분이내주요거점역":4,
            "1시간이내주요거점역":12,
            "3km이내백화점수":3,
            "5km이내아울렛몰수":1,
            "1km이내대형먀트수":2,
            "500m이내은행수":3,
            "500m이내병원수":23,
            "5km이내대형병원수":12,
            "500m이내공원수":4,
            "3km이내혐오시설수":0,
            "초등학교학업성취도":88.15,
            "중학교학업성취도":74.7,
            "용적률":447,
            "건폐율":58,
            "Y":37.60276,
            "X":127.04174,
            "rank":5.0,
            "area_info":"26평(87.18), 26평(88.95), 27평(90.08), 29평(97.96), 34평(113.22)",
            "last_sales":"2021-10-17,72400.0,26평(87.18)"
        },
        {
            "index":25,
            "아파트명":"길음뉴타운6단지래미안",
            "투자타입":"일반",
            "전용면적(m2)":"78.43",
            "전용면적(평)":"23평",
            "법정동주소":"서울시 성북구 길음동 1283",
            "도로명주소":"서울시 성북구 길음로 16",
            "세대수":90,
            "입주년차":40,
            "용적률점수":"--",
            "건폐율점수":"--",
            "세대당주차수":30,
            "난방방식":30,
            "공급면적":"--",
            "전용률":"--",
            "욕실수":100,
            "현관타입":100,
            "주거총점":67.0,
            "지역구공급총점":0.0,
            "역세권":80,
            "30분내 이동가능 거점":60,
            "1시간내 이동가능 거점":100,
            "교통총점":78.0,
            "백화점":100,
            "아울렛몰":80,
            "대형마트":100,
            "은행":70,
            "병원":80,
            "종합병원":100,
            "공원":100,
            "혐오시설":0,
            "인프라총점":91.0,
            "초등학군":87.57,
            "중학군":41.84,
            "학군총점":50.986,
            "인구수":49.43,
            "인구증감":-8.0,
            "인구총점":32.201,
            "일자리":13.3,
            "소득수준":56.64,
            "일자리총점":26.302,
            "가치 총점":75.6479,
            "매매실거래년":20211002.0,
            "매매실거래가":129000.0,
            "전세실거래년":20220114.0,
            "전세실거래가":49000.0,
            "전세가율":47.57,
            "장기전세가율평균":70.52,
            "전세가율거품지수":22.95,
            "검색코드":18212,
            "세대수":977.0,
            "준공년월":"2007-07-24",
            "준공년차":16.0,
            "가까운역이름":"길음",
            "가까운역거리":402.77,
            "역세권여부":"역세권",
            "30분이내주요거점역":3,
            "1시간이내주요거점역":12,
            "3km이내백화점수":2,
            "5km이내아울렛몰수":1,
            "1km이내대형먀트수":2,
            "500m이내은행수":3,
            "500m이내병원수":32,
            "5km이내대형병원수":9,
            "500m이내공원수":10,
            "3km이내혐오시설수":0,
            "초등학교학업성취도":87.57,
            "중학교학업성취도":67.8,
            "용적률":233,
            "건폐율":14,
            "Y":37.606489,
            "X":127.022651,
            "rank":6.0,
            "area_info":"23평(78.43), 31평(104.2), 31평(104.2), 40평(134.05), 40평(134.05)",
            "last_sales":"2021-10-02,129000.0,31평(104.2)"
        },
        {
            "index":100,
            "아파트명":"길음역금호어울림센터힐",
            "투자타입":"일반",
            "전용면적(m2)":"77.0",
            "전용면적(평)":"23평",
            "법정동주소":"서울시 성북구 돈암동 643",
            "도로명주소":"서울시 성북구 동소문로34길 73",
            "세대수":50,
            "입주년차":80,
            "용적률점수":"--",
            "건폐율점수":"--",
            "세대당주차수":30,
            "난방방식":30,
            "공급면적":"--",
            "전용률":"--",
            "욕실수":100,
            "현관타입":100,
            "주거총점":61.0,
            "지역구공급총점":0.0,
            "역세권":80,
            "30분내 이동가능 거점":80,
            "1시간내 이동가능 거점":100,
            "교통총점":84.0,
            "백화점":100,
            "아울렛몰":80,
            "대형마트":80,
            "은행":20,
            "병원":80,
            "종합병원":100,
            "공원":100,
            "혐오시설":0,
            "인프라총점":83.0,
            "초등학군":84.73,
            "중학군":51.3,
            "학군총점":57.986,
            "인구수":49.43,
            "인구증감":-8.0,
            "인구총점":32.201,
            "일자리":13.3,
            "소득수준":56.64,
            "일자리총점":26.302,
            "가치 총점":75.1979,
            "매매실거래년":20210511.0,
            "매매실거래가":130000.0,
            "전세실거래년":20211216.0,
            "전세실거래가":45000.0,
            "전세가율":51.14,
            "장기전세가율평균":70.52,
            "전세가율거품지수":19.38,
            "검색코드":108463,
            "세대수":490.0,
            "준공년월":"2016-03-17",
            "준공년차":7.0,
            "가까운역이름":"길음",
            "가까운역거리":343.24,
            "역세권여부":"역세권",
            "30분이내주요거점역":4,
            "1시간이내주요거점역":12,
            "3km이내백화점수":2,
            "5km이내아울렛몰수":1,
            "1km이내대형먀트수":1,
            "500m이내은행수":2,
            "500m이내병원수":36,
            "5km이내대형병원수":9,
            "500m이내공원수":5,
            "3km이내혐오시설수":0,
            "초등학교학업성취도":84.73,
            "중학교학업성취도":83.3,
            "용적률":243,
            "건폐율":17,
            "Y":37.600867,
            "X":127.022839,
            "rank":7.0,
            "area_info":"23평(77.0), 23평(78.54), 32평(108.14), 32평(108.31), 32평(108.99), 32평(108.38), 33평(109.21), 45평(151.35)",
            "last_sales":"2021-05-11,130000.0,45평(151.35)"
        },
        {
            "index":639,
            "아파트명":"코업스타클래스",
            "투자타입":"일반",
            "전용면적(m2)":"181.93",
            "전용면적(평)":"55평",
            "법정동주소":"서울시 성북구 하월곡동 46-73",
            "도로명주소":"서울시 성북구 화랑로 76",
            "세대수":0,
            "입주년차":60,
            "용적률점수":"--",
            "건폐율점수":"--",
            "세대당주차수":100,
            "난방방식":30,
            "공급면적":"--",
            "전용률":"--",
            "욕실수":100,
            "현관타입":100,
            "주거총점":50.0,
            "지역구공급총점":0.0,
            "역세권":80,
            "30분내 이동가능 거점":80,
            "1시간내 이동가능 거점":100,
            "교통총점":84.0,
            "백화점":100,
            "아울렛몰":80,
            "대형마트":100,
            "은행":70,
            "병원":60,
            "종합병원":100,
            "공원":100,
            "혐오시설":0,
            "인프라총점":89.0,
            "초등학군":88.15,
            "중학군":49.7,
            "학군총점":57.39,
            "인구수":49.43,
            "인구증감":-8.0,
            "인구총점":32.201,
            "일자리":13.3,
            "소득수준":56.64,
            "일자리총점":26.302,
            "가치 총점":74.7085,
            "매매실거래년":20201201.0,
            "매매실거래가":140000.0,
            "전세실거래년":20190404.0,
            "전세실거래가":65000.0,
            "전세가율":56.77,
            "장기전세가율평균":70.52,
            "전세가율거품지수":13.75,
            "검색코드":26946,
            "세대수":120.0,
            "준공년월":"2010-07-02",
            "준공년차":13.0,
            "가까운역이름":"월곡",
            "가까운역거리":110.41,
            "역세권여부":"역세권",
            "30분이내주요거점역":4,
            "1시간이내주요거점역":13,
            "3km이내백화점수":3,
            "5km이내아울렛몰수":1,
            "1km이내대형먀트수":2,
            "500m이내은행수":3,
            "500m이내병원수":23,
            "5km이내대형병원수":12,
            "500m이내공원수":4,
            "3km이내혐오시설수":0,
            "초등학교학업성취도":88.15,
            "중학교학업성취도":81.1,
            "용적률":399,
            "건폐율":49,
            "Y":37.601809,
            "X":127.040277,
            "rank":8.0,
            "area_info":"55평(181.93), 60평(198.65), 66평(219.28), 67평(223.98)",
            "last_sales":"2020-12-01,140000.0,66평(219.28)"
        },
        {
            "index":636,
            "아파트명":"월곡래미안루나밸리",
            "투자타입":"일반",
            "전용면적(m2)":"79.88",
            "전용면적(평)":"24평",
            "법정동주소":"서울시 성북구 하월곡동 226",
            "도로명주소":"서울시 성북구 월곡로14길 26",
            "세대수":80,
            "입주년차":40,
            "용적률점수":"--",
            "건폐율점수":"--",
            "세대당주차수":30,
            "난방방식":30,
            "공급면적":"--",
            "전용률":"--",
            "욕실수":100,
            "현관타입":100,
            "주거총점":63.5,
            "지역구공급총점":0.0,
            "역세권":80,
            "30분내 이동가능 거점":60,
            "1시간내 이동가능 거점":100,
            "교통총점":78.0,
            "백화점":100,
            "아울렛몰":80,
            "대형마트":80,
            "은행":70,
            "병원":60,
            "종합병원":100,
            "공원":100,
            "혐오시설":0,
            "인프라총점":86.0,
            "초등학군":88.15,
            "중학군":49.7,
            "학군총점":57.39,
            "인구수":49.43,
            "인구증감":-8.0,
            "인구총점":32.201,
            "일자리":13.3,
            "소득수준":56.64,
            "일자리총점":26.302,
            "가치 총점":74.4085,
            "매매실거래년":20211221.0,
            "매매실거래가":98000.0,
            "전세실거래년":20220115.0,
            "전세실거래가":40950.0,
            "전세가율":41.79,
            "장기전세가율평균":70.52,
            "전세가율거품지수":28.73,
            "검색코드":22199,
            "세대수":787.0,
            "준공년월":"2007-10-23",
            "준공년차":16.0,
            "가까운역이름":"월곡",
            "가까운역거리":310.63,
            "역세권여부":"역세권",
            "30분이내주요거점역":3,
            "1시간이내주요거점역":13,
            "3km이내백화점수":3,
            "5km이내아울렛몰수":1,
            "1km이내대형먀트수":1,
            "500m이내은행수":3,
            "500m이내병원수":12,
            "5km이내대형병원수":12,
            "500m이내공원수":3,
            "3km이내혐오시설수":0,
            "초등학교학업성취도":88.15,
            "중학교학업성취도":81.1,
            "용적률":247,
            "건폐율":15,
            "Y":37.599183,
            "X":127.042021,
            "rank":9.0,
            "area_info":"24평(79.88), 32평(107.59), 41평(136.98)",
            "last_sales":"2021-12-21,98000.0,24평(79.88)"
        },
        {
            "index":88,
            "아파트명":"롯데캐슬클라시아",
            "투자타입":"일반",
            "전용면적(m2)":"82.26",
            "전용면적(평)":"24평",
            "법정동주소":"서울시 성북구 길음동 508-16번지 일원",
            "도로명주소":"서울시 성북구 숭인로8길 80",
            "세대수":100,
            "입주년차":100,
            "용적률점수":"--",
            "건폐율점수":"--",
            "세대당주차수":30,
            "난방방식":30,
            "공급면적":"--",
            "전용률":"--",
            "욕실수":100,
            "현관타입":100,
            "주거총점":82.5,
            "지역구공급총점":0.0,
            "역세권":50,
            "30분내 이동가능 거점":80,
            "1시간내 이동가능 거점":100,
            "교통총점":69.0,
            "백화점":100,
            "아울렛몰":80,
            "대형마트":100,
            "은행":20,
            "병원":60,
            "종합병원":100,
            "공원":100,
            "혐오시설":0,
            "인프라총점":84.0,
            "초등학군":87.57,
            "중학군":41.84,
            "학군총점":50.986,
            "인구수":49.43,
            "인구증감":-8.0,
            "인구총점":32.201,
            "일자리":13.3,
            "소득수준":56.64,
            "일자리총점":26.302,
            "가치 총점":73.4979,
            "매매실거래년":"18000101",
            "매매실거래가":null,
            "전세실거래년":null,
            "전세실거래가":null,
            "전세가율":null,
            "장기전세가율평균":70.52,
            "전세가율거품지수":null,
            "검색코드":126062,
            "세대수":2029.0,
            "준공년월":"2022-01-01",
            "준공년차":1.0,
            "가까운역이름":"길음",
            "가까운역거리":579.43,
            "역세권여부":"준역세권",
            "30분이내주요거점역":4,
            "1시간이내주요거점역":11,
            "3km이내백화점수":2,
            "5km이내아울렛몰수":1,
            "1km이내대형먀트수":2,
            "500m이내은행수":2,
            "500m이내병원수":27,
            "5km이내대형병원수":10,
            "500m이내공원수":4,
            "3km이내혐오시설수":0,
            "초등학교학업성취도":87.57,
            "중학교학업성취도":67.8,
            "용적률":239,
            "건폐율":17,
            "Y":37.608503,
            "X":127.026427,
            "rank":10.0,
            "area_info":"24평(82.26), 24평(82.5), 25평(83.04), 32평(108.43), 32평(108.43), 32평(108.16), 32평(108.43), 33평(109.52), 42평(140.43), 42평(140.43)",
            "last_sales":"1800-01-01,nan,24평(82.26)"
        },
        {
            "index":146,
            "아파트명":"동부센트레빌",
            "투자타입":"일반",
            "전용면적(m2)":"109.29",
            "전용면적(평)":"33평",
            "법정동주소":"서울시 성북구 돈암동 633",
            "도로명주소":"서울시 성북구 정릉로 388",
            "세대수":50,
            "입주년차":20,
            "용적률점수":"--",
            "건폐율점수":"--",
            "세대당주차수":30,
            "난방방식":30,
            "공급면적":"--",
            "전용률":"--",
            "욕실수":100,
            "현관타입":100,
            "주거총점":49.0,
            "지역구공급총점":0.0,
            "역세권":80,
            "30분내 이동가능 거점":80,
            "1시간내 이동가능 거점":100,
            "교통총점":84.0,
            "백화점":100,
            "아울렛몰":80,
            "대형마트":100,
            "은행":70,
            "병원":60,
            "종합병원":100,
            "공원":100,
            "혐오시설":0,
            "인프라총점":89.0,
            "초등학군":84.73,
            "중학군":41.84,
            "학군총점":50.418,
            "인구수":49.43,
            "인구증감":-8.0,
            "인구총점":32.201,
            "일자리":13.3,
            "소득수준":56.64,
            "일자리총점":26.302,
            "가치 총점":73.4627,
            "매매실거래년":20211201.0,
            "매매실거래가":103000.0,
            "전세실거래년":20220110.0,
            "전세실거래가":44000.0,
            "전세가율":42.72,
            "장기전세가율평균":70.52,
            "전세가율거품지수":27.8,
            "검색코드":3423,
            "세대수":540.0,
            "준공년월":"2003-09-18",
            "준공년차":20.0,
            "가까운역이름":"길음",
            "가까운역거리":166.99,
            "역세권여부":"역세권",
            "30분이내주요거점역":4,
            "1시간이내주요거점역":13,
            "3km이내백화점수":2,
            "5km이내아울렛몰수":1,
            "1km이내대형먀트수":2,
            "500m이내은행수":3,
            "500m이내병원수":29,
            "5km이내대형병원수":9,
            "500m이내공원수":3,
            "3km이내혐오시설수":0,
            "초등학교학업성취도":84.73,
            "중학교학업성취도":67.8,
            "용적률":196,
            "건폐율":17,
            "Y":37.602435,
            "X":127.026498,
            "rank":11.0,
            "area_info":"33평(109.29), 34평(112.54), 45평(150.09)",
            "last_sales":"2021-12-01,103000.0,33평(109.29)"
        },
        {
            "index":135,
            "아파트명":"돈암현대",
            "투자타입":"재건축",
            "전용면적(m2)":"51.1",
            "전용면적(평)":"15평",
            "법정동주소":"서울시 성북구 돈암동 1",
            "도로명주소":"서울시 성북구 정릉로 402",
            "세대수":50,
            "입주년차":"--",
            "용적률점수":20,
            "건폐율점수":80,
            "세대당주차수":"--",
            "난방방식":"--",
            "공급면적":50,
            "전용률":80,
            "욕실수":"--",
            "현관타입":"--",
            "주거총점":45.5,
            "지역구공급총점":0.0,
            "역세권":80,
            "30분내 이동가능 거점":80,
            "1시간내 이동가능 거점":100,
            "교통총점":84.0,
            "백화점":100,
            "아울렛몰":80,
            "대형마트":100,
            "은행":70,
            "병원":80,
            "종합병원":100,
            "공원":100,
            "혐오시설":0,
            "인프라총점":91.0,
            "초등학군":84.73,
            "중학군":41.84,
            "학군총점":50.418,
            "인구수":49.43,
            "인구증감":-8.0,
            "인구총점":32.201,
            "일자리":13.3,
            "소득수준":56.64,
            "일자리총점":26.302,
            "가치 총점":73.3627,
            "매매실거래년":20211113.0,
            "매매실거래가":59300.0,
            "전세실거래년":20220115.0,
            "전세실거래가":21000.0,
            "전세가율":35.41,
            "장기전세가율평균":70.52,
            "전세가율거품지수":35.11,
            "검색코드":583,
            "세대수":619.0,
            "준공년월":"1991-06-13",
            "준공년차":32.0,
            "가까운역이름":"길음",
            "가까운역거리":250.26,
            "역세권여부":"역세권",
            "30분이내주요거점역":4,
            "1시간이내주요거점역":13,
            "3km이내백화점수":2,
            "5km이내아울렛몰수":1,
            "1km이내대형먀트수":2,
            "500m이내은행수":4,
            "500m이내병원수":37,
            "5km이내대형병원수":9,
            "500m이내공원수":2,
            "3km이내혐오시설수":0,
            "초등학교학업성취도":84.73,
            "중학교학업성취도":67.8,
            "용적률":261,
            "건폐율":24,
            "Y":37.60425,
            "X":127.027687,
            "rank":12.0,
            "area_info":"15평(51.1), 20평(68.71), 21평(72.0), 25평(83.09), 29평(98.47), 29평(98.02)",
            "last_sales":"2021-11-13,59300.0,15평(51.1)"
        },
        {
            "index":260,
            "아파트명":"삼선SK뷰",
            "투자타입":"일반",
            "전용면적(m2)":"81.51",
            "전용면적(평)":"24평",
            "법정동주소":"서울시 성북구 삼선동3가 116",
            "도로명주소":"서울시 성북구 삼선교로16길 35",
            "세대수":50,
            "입주년차":60,
            "용적률점수":"--",
            "건폐율점수":"--",
            "세대당주차수":60,
            "난방방식":30,
            "공급면적":"--",
            "전용률":"--",
            "욕실수":100,
            "현관타입":100,
            "주거총점":61.5,
            "지역구공급총점":0.0,
            "역세권":80,
            "30분내 이동가능 거점":80,
            "1시간내 이동가능 거점":100,
            "교통총점":84.0,
            "백화점":100,
            "아울렛몰":80,
            "대형마트":0,
            "은행":70,
            "병원":80,
            "종합병원":100,
            "공원":100,
            "혐오시설":0,
            "인프라총점":76.0,
            "초등학군":86.49,
            "중학군":50.66,
            "학군총점":57.826,
            "인구수":49.43,
            "인구증감":-8.0,
            "인구총점":32.201,
            "일자리":13.3,
            "소득수준":56.64,
            "일자리총점":26.302,
            "가치 총점":73.1739,
            "매매실거래년":20210911.0,
            "매매실거래가":128000.0,
            "전세실거래년":20210501.0,
            "전세실거래가":48300.0,
            "전세가율":48.3,
            "장기전세가율평균":70.52,
            "전세가율거품지수":22.22,
            "검색코드":103375,
            "세대수":430.0,
            "준공년월":"2012-04-30",
            "준공년차":11.0,
            "가까운역이름":"한성대입구",
            "가까운역거리":494.33,
            "역세권여부":"역세권",
            "30분이내주요거점역":4,
            "1시간이내주요거점역":13,
            "3km이내백화점수":1,
            "5km이내아울렛몰수":1,
            "1km이내대형먀트수":0,
            "500m이내은행수":4,
            "500m이내병원수":34,
            "5km이내대형병원수":12,
            "500m이내공원수":4,
            "3km이내혐오시설수":0,
            "초등학교학업성취도":86.49,
            "중학교학업성취도":83.7,
            "용적률":218,
            "건폐율":20,
            "Y":37.587035,
            "X":127.011536,
            "rank":13.0,
            "area_info":"24평(81.51), 24평(81.96), 24평(81.65), 32평(107.53), 32평(107.83), 32평(107.43), 42평(142.01), 45평(149.32), 46평(152.99), 67평(221.72), 72평(240.48)",
            "last_sales":"2021-09-11,128000.0,32평(107.83)"
        },
        {
            "index":583,
            "아파트명":"길음서희스타힐스",
            "투자타입":"일반",
            "전용면적(m2)":"88.24",
            "전용면적(평)":"26평",
            "법정동주소":"서울시 성북구 하월곡동 229",
            "도로명주소":"서울시 성북구 동소문로 284",
            "세대수":0,
            "입주년차":60,
            "용적률점수":"--",
            "건폐율점수":"--",
            "세대당주차수":60,
            "난방방식":30,
            "공급면적":"--",
            "전용률":"--",
            "욕실수":100,
            "현관타입":100,
            "주거총점":44.0,
            "지역구공급총점":0.0,
            "역세권":80,
            "30분내 이동가능 거점":80,
            "1시간내 이동가능 거점":100,
            "교통총점":84.0,
            "백화점":100,
            "아울렛몰":80,
            "대형마트":100,
            "은행":70,
            "병원":80,
            "종합병원":100,
            "공원":100,
            "혐오시설":0,
            "인프라총점":91.0,
            "초등학군":84.73,
            "중학군":41.84,
            "학군총점":50.418,
            "인구수":49.43,
            "인구증감":-8.0,
            "인구총점":32.201,
            "일자리":13.3,
            "소득수준":56.64,
            "일자리총점":26.302,
            "가치 총점":73.0627,
            "매매실거래년":20210530.0,
            "매매실거래가":86000.0,
            "전세실거래년":20210624.0,
            "전세실거래가":30000.0,
            "전세가율":41.1,
            "장기전세가율평균":70.52,
            "전세가율거품지수":29.42,
            "검색코드":26638,
            "세대수":198.0,
            "준공년월":"2011-06-24",
            "준공년차":12.0,
            "가까운역이름":"길음",
            "가까운역거리":213.22,
            "역세권여부":"역세권",
            "30분이내주요거점역":4,
            "1시간이내주요거점역":14,
            "3km이내백화점수":2,
            "5km이내아울렛몰수":1,
            "1km이내대형먀트수":2,
            "500m이내은행수":3,
            "500m이내병원수":35,
            "5km이내대형병원수":9,
            "500m이내공원수":3,
            "3km이내혐오시설수":0,
            "초등학교학업성취도":84.73,
            "중학교학업성취도":67.8,
            "용적률":693,
            "건폐율":56,
            "Y":37.604931,
            "X":127.026522,
            "rank":14.0,
            "area_info":"26평(88.24), 27평(89.34), 34평(112.48), 34평(112.55), 34평(112.48), 34평(112.48), 34평(114.24)",
            "last_sales":"2021-05-30,86000.0,34평(112.48)"
        },
        {
            "index":560,
            "아파트명":"종암SK",
            "투자타입":"일반",
            "전용면적(m2)":"80.57",
            "전용면적(평)":"24평",
            "법정동주소":"서울시 성북구 종암동 104-1",
            "도로명주소":"서울시 성북구 종암로24가길 53",
            "세대수":90,
            "입주년차":20,
            "용적률점수":"--",
            "건폐율점수":"--",
            "세대당주차수":30,
            "난방방식":30,
            "공급면적":"--",
            "전용률":"--",
            "욕실수":50,
            "현관타입":10,
            "주거총점":49.0,
            "지역구공급총점":0.0,
            "역세권":80,
            "30분내 이동가능 거점":60,
            "1시간내 이동가능 거점":100,
            "교통총점":78.0,
            "백화점":100,
            "아울렛몰":80,
            "대형마트":100,
            "은행":70,
            "병원":80,
            "종합병원":100,
            "공원":100,
            "혐오시설":0,
            "인프라총점":91.0,
            "초등학군":88.15,
            "중학군":49.7,
            "학군총점":57.39,
            "인구수":49.43,
            "인구증감":-8.0,
            "인구총점":32.201,
            "일자리":13.3,
            "소득수준":56.64,
            "일자리총점":26.302,
            "가치 총점":73.0085,
            "매매실거래년":20211218.0,
            "매매실거래가":110000.0,
            "전세실거래년":20211215.0,
            "전세실거래가":3048.0,
            "전세가율":3.81,
            "장기전세가율평균":70.52,
            "전세가율거품지수":66.71,
            "검색코드":1191,
            "세대수":1318.0,
            "준공년월":"1999-04-07",
            "준공년차":24.0,
            "가까운역이름":"월곡",
            "가까운역거리":441.54,
            "역세권여부":"역세권",
            "30분이내주요거점역":3,
            "1시간이내주요거점역":12,
            "3km이내백화점수":3,
            "5km이내아울렛몰수":1,
            "1km이내대형먀트수":2,
            "500m이내은행수":3,
            "500m이내병원수":45,
            "5km이내대형병원수":11,
            "500m이내공원수":6,
            "3km이내혐오시설수":0,
            "초등학교학업성취도":88.15,
            "중학교학업성취도":81.1,
            "용적률":369,
            "건폐율":25,
            "Y":37.601544,
            "X":127.036532,
            "rank":15.0,
            "area_info":"24평(80.57), 24평(81.69), 33평(109.56), 43평(143.76)",
            "last_sales":"2021-12-18,110000.0,43평(143.76)"
        },
        {
            "index":543,
            "아파트명":"래미안라센트",
            "투자타입":"일반",
            "전용면적(m2)":"81.84",
            "전용면적(평)":"24평",
            "법정동주소":"서울시 성북구 종암동 134",
            "도로명주소":"서울시 성북구 종암로24가길 80",
            "세대수":90,
            "입주년차":60,
            "용적률점수":"--",
            "건폐율점수":"--",
            "세대당주차수":30,
            "난방방식":30,
            "공급면적":"--",
            "전용률":"--",
            "욕실수":100,
            "현관타입":50,
            "주거총점":66.0,
            "지역구공급총점":0.0,
            "역세권":80,
            "30분내 이동가능 거점":40,
            "1시간내 이동가능 거점":100,
            "교통총점":72.0,
            "백화점":100,
            "아울렛몰":80,
            "대형마트":100,
            "은행":20,
            "병원":80,
            "종합병원":100,
            "공원":100,
            "혐오시설":0,
            "인프라총점":86.0,
            "초등학군":88.15,
            "중학군":49.7,
            "학군총점":57.39,
            "인구수":49.43,
            "인구증감":-8.0,
            "인구총점":32.201,
            "일자리":13.3,
            "소득수준":56.64,
            "일자리총점":26.302,
            "가치 총점":72.8085,
            "매매실거래년":20211117.0,
            "매매실거래가":139000.0,
            "전세실거래년":null,
            "전세실거래가":null,
            "전세가율":null,
            "장기전세가율평균":70.52,
            "전세가율거품지수":null,
            "검색코드":26834,
            "세대수":1025.0,
            "준공년월":"2011-01-31",
            "준공년차":12.0,
            "가까운역이름":"월곡",
            "가까운역거리":391.0,
            "역세권여부":"역세권",
            "30분이내주요거점역":2,
            "1시간이내주요거점역":12,
            "3km이내백화점수":3,
            "5km이내아울렛몰수":1,
            "1km이내대형먀트수":2,
            "500m이내은행수":2,
            "500m이내병원수":34,
            "5km이내대형병원수":11,
            "500m이내공원수":3,
            "3km이내혐오시설수":0,
            "초등학교학업성취도":88.15,
            "중학교학업성취도":81.1,
            "용적률":227,
            "건폐율":15,
            "Y":37.599193,
            "X":127.03876,
            "rank":16.0,
            "area_info":"24평(81.84), 24평(82.54), 32평(107.84), 32평(108.06), 43평(142.16), 43평(143.33)",
            "last_sales":"2021-11-17,139000.0,43평(142.16)"
        },
        {
            "index":115,
            "아파트명":"돈암삼성",
            "투자타입":"일반",
            "전용면적(m2)":"79.57",
            "전용면적(평)":"24평",
            "법정동주소":"서울시 성북구 돈암동 15-1",
            "도로명주소":"서울시 성북구 동소문로34길 24",
            "세대수":90,
            "입주년차":20,
            "용적률점수":"--",
            "건폐율점수":"--",
            "세대당주차수":60,
            "난방방식":30,
            "공급면적":"--",
            "전용률":"--",
            "욕실수":50,
            "현관타입":10,
            "주거총점":53.5,
            "지역구공급총점":0.0,
            "역세권":80,
            "30분내 이동가능 거점":80,
            "1시간내 이동가능 거점":100,
            "교통총점":84.0,
            "백화점":100,
            "아울렛몰":80,
            "대형마트":80,
            "은행":0,
            "병원":60,
            "종합병원":100,
            "공원":100,
            "혐오시설":0,
            "인프라총점":79.0,
            "초등학군":88.96,
            "중학군":51.3,
            "학군총점":58.832,
            "인구수":49.43,
            "인구증감":-8.0,
            "인구총점":32.201,
            "일자리":13.3,
            "소득수준":56.64,
            "일자리총점":26.302,
            "가치 총점":72.6248,
            "매매실거래년":20211001.0,
            "매매실거래가":107000.0,
            "전세실거래년":20220115.0,
            "전세실거래가":35000.0,
            "전세가율":46.05,
            "장기전세가율평균":70.52,
            "전세가율거품지수":24.47,
            "검색코드":579,
            "세대수":1278.0,
            "준공년월":"1999-04-30",
            "준공년차":24.0,
            "가까운역이름":"길음",
            "가까운역거리":473.37,
            "역세권여부":"역세권",
            "30분이내주요거점역":4,
            "1시간이내주요거점역":12,
            "3km이내백화점수":3,
            "5km이내아울렛몰수":1,
            "1km이내대형먀트수":1,
            "500m이내은행수":1,
            "500m이내병원수":22,
            "5km이내대형병원수":10,
            "500m이내공원수":4,
            "3km이내혐오시설수":0,
            "초등학교학업성취도":88.96,
            "중학교학업성취도":83.3,
            "용적률":223,
            "건폐율":20,
            "Y":37.599399,
            "X":127.023242,
            "rank":17.0,
            "area_info":"24평(79.57), 31평(105.0), 41평(137.23)",
            "last_sales":"2021-10-01,107000.0,41평(137.23)"
        },
        {
            "index":570,
            "아파트명":"종암아이파크1차",
            "투자타입":"일반",
            "전용면적(m2)":"71.98",
            "전용면적(평)":"21평",
            "법정동주소":"서울시 성북구 종암동 130",
            "도로명주소":"서울시 성북구 종암로21길 127",
            "세대수":50,
            "입주년차":40,
            "용적률점수":"--",
            "건폐율점수":"--",
            "세대당주차수":30,
            "난방방식":30,
            "공급면적":"--",
            "전용률":"--",
            "욕실수":50,
            "현관타입":100,
            "주거총점":48.0,
            "지역구공급총점":0.0,
            "역세권":80,
            "30분내 이동가능 거점":80,
            "1시간내 이동가능 거점":100,
            "교통총점":84.0,
            "백화점":100,
            "아울렛몰":80,
            "대형마트":100,
            "은행":20,
            "병원":80,
            "종합병원":100,
            "공원":100,
            "혐오시설":0,
            "인프라총점":86.0,
            "초등학군":84.73,
            "중학군":41.84,
            "학군총점":50.418,
            "인구수":49.43,
            "인구증감":-8.0,
            "인구총점":32.201,
            "일자리":13.3,
            "소득수준":56.64,
            "일자리총점":26.302,
            "가치 총점":72.3627,
            "매매실거래년":20211127.0,
            "매매실거래가":114000.0,
            "전세실거래년":20211105.0,
            "전세실거래가":20000.0,
            "전세가율":24.42,
            "장기전세가율평균":70.52,
            "전세가율거품지수":46.1,
            "검색코드":8196,
            "세대수":513.0,
            "준공년월":"2004-09-24",
            "준공년차":19.0,
            "가까운역이름":"길음",
            "가까운역거리":407.93,
            "역세권여부":"역세권",
            "30분이내주요거점역":4,
            "1시간이내주요거점역":11,
            "3km이내백화점수":3,
            "5km이내아울렛몰수":1,
            "1km이내대형먀트수":3,
            "500m이내은행수":2,
            "500m이내병원수":33,
            "5km이내대형병원수":10,
            "500m이내공원수":4,
            "3km이내혐오시설수":0,
            "초등학교학업성취도":84.73,
            "중학교학업성취도":67.8,
            "용적률":222,
            "건폐율":17,
            "Y":37.602415,
            "X":127.029511,
            "rank":18.0,
            "area_info":"21평(71.98), 24평(81.57), 24평(81.81), 33평(109.27), 42평(139.26)",
            "last_sales":"2021-11-27,114000.0,33평(109.27)"
        },
        {
            "index":599,
            "아파트명":"동일하이빌뉴시티",
            "투자타입":"일반",
            "전용면적(m2)":"155.29",
            "전용면적(평)":"46평",
            "법정동주소":"서울시 성북구 하월곡동 230",
            "도로명주소":"서울시 성북구 종암로 167",
            "세대수":50,
            "입주년차":60,
            "용적률점수":"--",
            "건폐율점수":"--",
            "세대당주차수":100,
            "난방방식":30,
            "공급면적":"--",
            "전용률":"--",
            "욕실수":100,
            "현관타입":100,
            "주거총점":67.5,
            "지역구공급총점":0.0,
            "역세권":50,
            "30분내 이동가능 거점":80,
            "1시간내 이동가능 거점":100,
            "교통총점":69.0,
            "백화점":100,
            "아울렛몰":80,
            "대형마트":100,
            "은행":70,
            "병원":60,
            "종합병원":100,
            "공원":100,
            "혐오시설":0,
            "인프라총점":89.0,
            "초등학군":89.36,
            "중학군":41.84,
            "학군총점":51.344,
            "인구수":49.43,
            "인구증감":-8.0,
            "인구총점":32.201,
            "일자리":13.3,
            "소득수준":56.64,
            "일자리총점":26.302,
            "가치 총점":72.0516,
            "매매실거래년":20211205.0,
            "매매실거래가":143500.0,
            "전세실거래년":20210217.0,
            "전세실거래가":63000.0,
            "전세가율":43.9,
            "장기전세가율평균":70.52,
            "전세가율거품지수":26.62,
            "검색코드":27331,
            "세대수":440.0,
            "준공년월":"2011-11-30",
            "준공년차":12.0,
            "가까운역이름":"길음",
            "가까운역거리":558.16,
            "역세권여부":"준역세권",
            "30분이내주요거점역":4,
            "1시간이내주요거점역":11,
            "3km이내백화점수":2,
            "5km이내아울렛몰수":1,
            "1km이내대형먀트수":3,
            "500m이내은행수":3,
            "500m이내병원수":25,
            "5km이내대형병원수":10,
            "500m이내공원수":3,
            "3km이내혐오시설수":0,
            "초등학교학업성취도":89.36,
            "중학교학업성취도":67.8,
            "용적률":614,
            "건폐율":58,
            "Y":37.605202,
            "X":127.03097,
            "rank":19.0,
            "area_info":"46평(155.29), 49평(165.21), 65평(218.1), 69평(231.34), 69평(231.36), 89평(297.41)",
            "last_sales":"2021-12-05,143500.0,46평(155.29)"
        },
        {
            "index":207,
            "아파트명":"e편한세상보문",
            "투자타입":"일반",
            "전용면적(m2)":"76.86",
            "전용면적(평)":"23평",
            "법정동주소":"서울시 성북구 보문동3가 230",
            "도로명주소":"서울시 성북구 낙산길 255",
            "세대수":50,
            "입주년차":60,
            "용적률점수":"--",
            "건폐율점수":"--",
            "세대당주차수":30,
            "난방방식":30,
            "공급면적":"--",
            "전용률":"--",
            "욕실수":100,
            "현관타입":100,
            "주거총점":57.0,
            "지역구공급총점":0.0,
            "역세권":80,
            "30분내 이동가능 거점":80,
            "1시간내 이동가능 거점":100,
            "교통총점":84.0,
            "백화점":100,
            "아울렛몰":80,
            "대형마트":0,
            "은행":70,
            "병원":60,
            "종합병원":100,
            "공원":100,
            "혐오시설":0,
            "인프라총점":74.0,
            "초등학군":87.08,
            "중학군":50.66,
            "학군총점":57.944,
            "인구수":49.43,
            "인구증감":-8.0,
            "인구총점":32.201,
            "일자리":13.3,
            "소득수준":56.64,
            "일자리총점":26.302,
            "가치 총점":71.6916,
            "매매실거래년":20210930.0,
            "매매실거래가":92000.0,
            "전세실거래년":20201107.0,
            "전세실거래가":46500.0,
            "전세가율":50.54,
            "장기전세가율평균":70.52,
            "전세가율거품지수":19.98,
            "검색코드":105730,
            "세대수":440.0,
            "준공년월":"2013-12-01",
            "준공년차":10.0,
            "가까운역이름":"창신",
            "가까운역거리":365.24,
            "역세권여부":"역세권",
            "30분이내주요거점역":4,
            "1시간이내주요거점역":14,
            "3km이내백화점수":1,
            "5km이내아울렛몰수":1,
            "1km이내대형먀트수":0,
            "500m이내은행수":4,
            "500m이내병원수":13,
            "5km이내대형병원수":11,
            "500m이내공원수":6,
            "3km이내혐오시설수":0,
            "초등학교학업성취도":87.08,
            "중학교학업성취도":83.7,
            "용적률":217,
            "건폐율":20,
            "Y":37.582915,
            "X":127.015806,
            "rank":20.0,
            "area_info":"23평(76.86), 32평(107.94), 32평(107.73), 33평(109.5), 33평(109.49), 36평(121.01), 45평(148.92), 47평(157.08)",
            "last_sales":"2021-09-30,92000.0,23평(76.86)"
        },
        {
            "index":228,
            "아파트명":"보문파크뷰자이",
            "투자타입":"일반",
            "전용면적(m2)":"69.28",
            "전용면적(평)":"20평",
            "법정동주소":"서울시 성북구 보문동6가 458",
            "도로명주소":"서울시 성북구 보문사길 111",
            "세대수":90,
            "입주년차":80,
            "용적률점수":"--",
            "건폐율점수":"--",
            "세대당주차수":30,
            "난방방식":30,
            "공급면적":"--",
            "전용률":"--",
            "욕실수":50,
            "현관타입":100,
            "주거총점":70.0,
            "지역구공급총점":0.0,
            "역세권":80,
            "30분내 이동가능 거점":80,
            "1시간내 이동가능 거점":100,
            "교통총점":84.0,
            "백화점":100,
            "아울렛몰":80,
            "대형마트":0,
            "은행":20,
            "병원":30,
            "종합병원":100,
            "공원":100,
            "혐오시설":0,
            "인프라총점":66.0,
            "초등학군":87.08,
            "중학군":48.22,
            "학군총점":55.992,
            "인구수":49.43,
            "인구증감":-8.0,
            "인구총점":32.201,
            "일자리":13.3,
            "소득수준":56.64,
            "일자리총점":26.302,
            "가치 총점":71.5988,
            "매매실거래년":20210924.0,
            "매매실거래가":130000.0,
            "전세실거래년":null,
            "전세실거래가":null,
            "전세가율":null,
            "장기전세가율평균":70.52,
            "전세가율거품지수":null,
            "검색코드":109051,
            "세대수":1186.0,
            "준공년월":"2017-01-18",
            "준공년차":6.0,
            "가까운역이름":"창신",
            "가까운역거리":329.07,
            "역세권여부":"역세권",
            "30분이내주요거점역":4,
            "1시간이내주요거점역":15,
            "3km이내백화점수":1,
            "5km이내아울렛몰수":1,
            "1km이내대형먀트수":0,
            "500m이내은행수":2,
            "500m이내병원수":8,
            "5km이내대형병원수":11,
            "500m이내공원수":4,
            "3km이내혐오시설수":0,
            "초등학교학업성취도":87.08,
            "중학교학업성취도":79.3,
            "용적률":237,
            "건폐율":21,
            "Y":37.580271,
            "X":127.018895,
            "rank":21.0,
            "area_info":"20평(69.28), 20평(69.1), 20평(69.39), 24평(81.62), 24평(82.57), 24평(82.59), 29평(98.51), 29평(98.48), 29평(98.11), 34평(112.78), 34평(113.77), 34평(113.79), 34평(114.73), 34평(114.34), 34평(114.34)",
            "last_sales":"2021-09-24,130000.0,34평(114.34)"
        },
        {
            "index":549,
            "아파트명":"래미안세레니티",
            "투자타입":"일반",
            "전용면적(m2)":"84.03",
            "전용면적(평)":"25평",
            "법정동주소":"서울시 성북구 종암동 133",
            "도로명주소":"서울시 성북구 종암로23길 35",
            "세대수":90,
            "입주년차":60,
            "용적률점수":"--",
            "건폐율점수":"--",
            "세대당주차수":30,
            "난방방식":30,
            "공급면적":"--",
            "전용률":"--",
            "욕실수":100,
            "현관타입":100,
            "주거총점":71.0,
            "지역구공급총점":0.0,
            "역세권":50,
            "30분내 이동가능 거점":80,
            "1시간내 이동가능 거점":90,
            "교통총점":67.0,
            "백화점":100,
            "아울렛몰":80,
            "대형마트":100,
            "은행":0,
            "병원":80,
            "종합병원":100,
            "공원":100,
            "혐오시설":0,
            "인프라총점":84.0,
            "초등학군":84.73,
            "중학군":48.44,
            "학군총점":55.698,
            "인구수":49.43,
            "인구증감":-8.0,
            "인구총점":32.201,
            "일자리":13.3,
            "소득수준":56.64,
            "일자리총점":26.302,
            "가치 총점":71.2047,
            "매매실거래년":20211225.0,
            "매매실거래가":97500.0,
            "전세실거래년":20220104.0,
            "전세실거래가":42000.0,
            "전세가율":43.08,
            "장기전세가율평균":70.52,
            "전세가율거품지수":27.44,
            "검색코드":25827,
            "세대수":955.0,
            "준공년월":"2009-10-29",
            "준공년차":14.0,
            "가까운역이름":"길음",
            "가까운역거리":716.23,
            "역세권여부":"준역세권",
            "30분이내주요거점역":4,
            "1시간이내주요거점역":9,
            "3km이내백화점수":3,
            "5km이내아울렛몰수":1,
            "1km이내대형먀트수":2,
            "500m이내은행수":1,
            "500m이내병원수":32,
            "5km이내대형병원수":9,
            "500m이내공원수":2,
            "3km이내혐오시설수":0,
            "초등학교학업성취도":84.73,
            "중학교학업성취도":77.4,
            "용적률":249,
            "건폐율":16,
            "Y":37.599367,
            "X":127.031385,
            "rank":22.0,
            "area_info":"25평(84.03), 25평(84.01), 25평(84.88), 25평(84.2), 33평(109.95), 33평(110.74), 33평(111.11), 43평(143.79)",
            "last_sales":"2021-12-25,97500.0,25평(84.03)"
        },
        {
            "index":202,
            "아파트명":"동소문한신휴플러스2차",
            "투자타입":"일반",
            "전용면적(m2)":"75.4",
            "전용면적(평)":"22평",
            "법정동주소":"서울시 성북구 동소문동7가 23",
            "도로명주소":"서울시 성북구 동소문로15길 99",
            "세대수":50,
            "입주년차":40,
            "용적률점수":"--",
            "건폐율점수":"--",
            "세대당주차수":30,
            "난방방식":30,
            "공급면적":"--",
            "전용률":"--",
            "욕실수":100,
            "현관타입":100,
            "주거총점":53.0,
            "지역구공급총점":0.0,
            "역세권":80,
            "30분내 이동가능 거점":80,
            "1시간내 이동가능 거점":100,
            "교통총점":84.0,
            "백화점":100,
            "아울렛몰":80,
            "대형마트":0,
            "은행":70,
            "병원":100,
            "종합병원":100,
            "공원":0,
            "혐오시설":0,
            "인프라총점":75.0,
            "초등학군":77.91,
            "중학군":51.3,
            "학군총점":56.622,
            "인구수":49.43,
            "인구증감":-8.0,
            "인구총점":32.201,
            "일자리":13.3,
            "소득수준":56.64,
            "일자리총점":26.302,
            "가치 총점":70.9933,
            "매매실거래년":20211117.0,
            "매매실거래가":79700.0,
            "전세실거래년":20211113.0,
            "전세실거래가":54000.0,
            "전세가율":67.75,
            "장기전세가율평균":70.52,
            "전세가율거품지수":2.77,
            "검색코드":3424,
            "세대수":409.0,
            "준공년월":"2004-07-05",
            "준공년차":19.0,
            "가까운역이름":"성신여대입구",
            "가까운역거리":369.51,
            "역세권여부":"역세권",
            "30분이내주요거점역":4,
            "1시간이내주요거점역":14,
            "3km이내백화점수":2,
            "5km이내아울렛몰수":1,
            "1km이내대형먀트수":0,
            "500m이내은행수":4,
            "500m이내병원수":72,
            "5km이내대형병원수":10,
            "500m이내공원수":0,
            "3km이내혐오시설수":0,
            "초등학교학업성취도":77.91,
            "중학교학업성취도":83.3,
            "용적률":118,
            "건폐율":11,
            "Y":37.595184,
            "X":127.013729,
            "rank":23.0,
            "area_info":"22평(75.4), 30평(100.81), 37평(123.53), 41평(135.54), 53평(177.99)",
            "last_sales":"2021-11-17,79700.0,22평(75.4)"
        },
        {
            "index":48,
            "아파트명":"길음뉴타운9단지래미안",
            "투자타입":"일반",
            "전용면적(m2)":"79.92",
            "전용면적(평)":"24평",
            "법정동주소":"서울시 성북구 길음동 1286",
            "도로명주소":"서울시 성북구 길음로9길 50",
            "세대수":90,
            "입주년차":60,
            "용적률점수":"--",
            "건폐율점수":"--",
            "세대당주차수":60,
            "난방방식":30,
            "공급면적":"--",
            "전용률":"--",
            "욕실수":100,
            "현관타입":100,
            "주거총점":75.5,
            "지역구공급총점":0.0,
            "역세권":50,
            "30분내 이동가능 거점":80,
            "1시간내 이동가능 거점":100,
            "교통총점":69.0,
            "백화점":100,
            "아울렛몰":80,
            "대형마트":0,
            "은행":70,
            "병원":80,
            "종합병원":100,
            "공원":100,
            "혐오시설":0,
            "인프라총점":76.0,
            "초등학군":87.32,
            "중학군":51.3,
            "학군총점":58.504,
            "인구수":49.43,
            "인구증감":-8.0,
            "인구총점":32.201,
            "일자리":13.3,
            "소득수준":56.64,
            "일자리총점":26.302,
            "가치 총점":70.8256,
            "매매실거래년":20210929.0,
            "매매실거래가":98500.0,
            "전세실거래년":20220107.0,
            "전세실거래가":58000.0,
            "전세가율":58.88,
            "장기전세가율평균":70.52,
            "전세가율거품지수":11.64,
            "검색코드":26160,
            "세대수":1012.0,
            "준공년월":"2010-09-30",
            "준공년차":13.0,
            "가까운역이름":"길음",
            "가까운역거리":506.48,
            "역세권여부":"준역세권",
            "30분이내주요거점역":4,
            "1시간이내주요거점역":12,
            "3km이내백화점수":2,
            "5km이내아울렛몰수":1,
            "1km이내대형먀트수":0,
            "500m이내은행수":3,
            "500m이내병원수":38,
            "5km이내대형병원수":9,
            "500m이내공원수":8,
            "3km이내혐오시설수":0,
            "초등학교학업성취도":87.32,
            "중학교학업성취도":83.3,
            "용적률":241,
            "건폐율":22,
            "Y":37.605073,
            "X":127.019702,
            "rank":24.0,
            "area_info":"24평(79.92), 24평(79.59), 24평(82.57), 32평(106.76), 32평(107.33), 33평(109.87), 43평(142.18), 43평(143.24), 50평(165.86)",
            "last_sales":"2021-09-29,98500.0,24평(79.92)"
        },
        {
            "index":247,
            "아파트명":"삼선푸르지오",
            "투자타입":"일반",
            "전용면적(m2)":"75.88",
            "전용면적(평)":"22평",
            "법정동주소":"서울시 성북구 삼선동2가 425",
            "도로명주소":"서울시 성북구 보문로29다길 31",
            "세대수":80,
            "입주년차":40,
            "용적률점수":"--",
            "건폐율점수":"--",
            "세대당주차수":30,
            "난방방식":30,
            "공급면적":"--",
            "전용률":"--",
            "욕실수":100,
            "현관타입":100,
            "주거총점":63.5,
            "지역구공급총점":0.0,
            "역세권":80,
            "30분내 이동가능 거점":80,
            "1시간내 이동가능 거점":100,
            "교통총점":84.0,
            "백화점":100,
            "아울렛몰":100,
            "대형마트":0,
            "은행":20,
            "병원":10,
            "종합병원":100,
            "공원":100,
            "혐오시설":0,
            "인프라총점":66.0,
            "초등학군":87.32,
            "중학군":50.66,
            "학군총점":57.992,
            "인구수":49.43,
            "인구증감":-8.0,
            "인구총점":32.201,
            "일자리":13.3,
            "소득수준":56.64,
            "일자리총점":26.302,
            "가치 총점":70.5988,
            "매매실거래년":20211116.0,
            "매매실거래가":126000.0,
            "전세실거래년":20211224.0,
            "전세실거래가":38850.0,
            "전세가율":43.65,
            "장기전세가율평균":70.52,
            "전세가율거품지수":26.87,
            "검색코드":22158,
            "세대수":864.0,
            "준공년월":"2008-03-27",
            "준공년차":15.0,
            "가까운역이름":"창신",
            "가까운역거리":481.54,
            "역세권여부":"역세권",
            "30분이내주요거점역":4,
            "1시간이내주요거점역":13,
            "3km이내백화점수":1,
            "5km이내아울렛몰수":2,
            "1km이내대형먀트수":0,
            "500m이내은행수":2,
            "500m이내병원수":2,
            "5km이내대형병원수":12,
            "500m이내공원수":7,
            "3km이내혐오시설수":0,
            "초등학교학업성취도":87.32,
            "중학교학업성취도":83.7,
            "용적률":230,
            "건폐율":23,
            "Y":37.583664,
            "X":127.013156,
            "rank":25.0,
            "area_info":"22평(75.88), 31평(103.42), 31평(103.5), 31평(103.92), 31평(103.8), 31평(104.76), 40평(133.27)",
            "last_sales":"2021-11-16,126000.0,40평(133.27)"
        },
        {
            "index":152,
            "아파트명":"범양",
            "투자타입":"일반",
            "전용면적(m2)":"83.72",
            "전용면적(평)":"25평",
            "법정동주소":"서울시 성북구 돈암동 631",
            "도로명주소":"서울시 성북구 정릉로 402-16",
            "세대수":50,
            "입주년차":0,
            "용적률점수":"--",
            "건폐율점수":"--",
            "세대당주차수":30,
            "난방방식":30,
            "공급면적":"--",
            "전용률":"--",
            "욕실수":50,
            "현관타입":10,
            "주거총점":31.0,
            "지역구공급총점":0.0,
            "역세권":80,
            "30분내 이동가능 거점":80,
            "1시간내 이동가능 거점":100,
            "교통총점":84.0,
            "백화점":100,
            "아울렛몰":80,
            "대형마트":100,
            "은행":70,
            "병원":80,
            "종합병원":100,
            "공원":100,
            "혐오시설":0,
            "인프라총점":91.0,
            "초등학군":84.73,
            "중학군":41.84,
            "학군총점":50.418,
            "인구수":49.43,
            "인구증감":-8.0,
            "인구총점":32.201,
            "일자리":13.3,
            "소득수준":56.64,
            "일자리총점":26.302,
            "가치 총점":70.4627,
            "매매실거래년":20211130.0,
            "매매실거래가":90000.0,
            "전세실거래년":20220108.0,
            "전세실거래가":30900.0,
            "전세가율":42.62,
            "장기전세가율평균":70.52,
            "전세가율거품지수":27.9,
            "검색코드":578,
            "세대수":499.0,
            "준공년월":"1998-12-09",
            "준공년차":25.0,
            "가까운역이름":"길음",
            "가까운역거리":248.96,
            "역세권여부":"역세권",
            "30분이내주요거점역":4,
            "1시간이내주요거점역":13,
            "3km이내백화점수":2,
            "5km이내아울렛몰수":1,
            "1km이내대형먀트수":2,
            "500m이내은행수":4,
            "500m이내병원수":36,
            "5km이내대형병원수":9,
            "500m이내공원수":3,
            "3km이내혐오시설수":0,
            "초등학교학업성취도":84.73,
            "중학교학업성취도":67.8,
            "용적률":284,
            "건폐율":21,
            "Y":37.603392,
            "X":127.027879,
            "rank":26.0,
            "area_info":"25평(83.72), 32평(106.45), 32평(108.75), 33평(110.43), 33평(111.08), 42평(139.3), 42평(141.89), 42평(142.08), 43평(142.34), 43평(144.07)",
            "last_sales":"2021-11-30,90000.0,33평(110.43)"
        },
        {
            "index":188,
            "아파트명":"보미리즌빌(도시형)",
            "투자타입":"일반",
            "전용면적(m2)":"24.54",
            "전용면적(평)":"7평",
            "법정동주소":"서울시 성북구 동소문동6가 117-2",
            "도로명주소":"서울시 성북구 동소문로 89",
            "세대수":0,
            "입주년차":60,
            "용적률점수":"--",
            "건폐율점수":"--",
            "세대당주차수":0,
            "난방방식":30,
            "공급면적":"--",
            "전용률":"--",
            "욕실수":50,
            "현관타입":50,
            "주거총점":25.0,
            "지역구공급총점":0.0,
            "역세권":100,
            "30분내 이동가능 거점":80,
            "1시간내 이동가능 거점":100,
            "교통총점":94.0,
            "백화점":100,
            "아울렛몰":80,
            "대형마트":0,
            "은행":100,
            "병원":100,
            "종합병원":100,
            "공원":0,
            "혐오시설":0,
            "인프라총점":78.0,
            "초등학군":88.6,
            "중학군":51.3,
            "학군총점":58.76,
            "인구수":49.43,
            "인구증감":-8.0,
            "인구총점":32.201,
            "일자리":13.3,
            "소득수준":56.64,
            "일자리총점":26.302,
            "가치 총점":70.114,
            "매매실거래년":"18000101",
            "매매실거래가":null,
            "전세실거래년":20210722.0,
            "전세실거래가":21000.0,
            "전세가율":null,
            "장기전세가율평균":70.52,
            "전세가율거품지수":null,
            "검색코드":105108,
            "세대수":149.0,
            "준공년월":"2012-05-21",
            "준공년차":11.0,
            "가까운역이름":"성신여대입구",
            "가까운역거리":89.03,
            "역세권여부":"초역세권",
            "30분이내주요거점역":4,
            "1시간이내주요거점역":15,
            "3km이내백화점수":2,
            "5km이내아울렛몰수":1,
            "1km이내대형먀트수":0,
            "500m이내은행수":7,
            "500m이내병원수":76,
            "5km이내대형병원수":11,
            "500m이내공원수":0,
            "3km이내혐오시설수":0,
            "초등학교학업성취도":88.6,
            "중학교학업성취도":83.3,
            "용적률":669,
            "건폐율":59,
            "Y":37.592648,
            "X":127.015393,
            "rank":27.0,
            "area_info":"7평(24.54), 7평(25.95), 8평(29.68), 12평(39.83), 12평(40.4)",
            "last_sales":"1800-01-01,nan,7평(24.54)"
        },
        {
            "index":215,
            "아파트명":"보문아이파크",
            "투자타입":"일반",
            "전용면적(m2)":"78.83",
            "전용면적(평)":"23평",
            "법정동주소":"서울시 성북구 보문동3가 2",
            "도로명주소":"서울시 성북구 지봉로21길 19",
            "세대수":50,
            "입주년차":20,
            "용적률점수":"--",
            "건폐율점수":"--",
            "세대당주차수":30,
            "난방방식":30,
            "공급면적":"--",
            "전용률":"--",
            "욕실수":100,
            "현관타입":100,
            "주거총점":49.0,
            "지역구공급총점":0.0,
            "역세권":80,
            "30분내 이동가능 거점":80,
            "1시간내 이동가능 거점":100,
            "교통총점":84.0,
            "백화점":100,
            "아울렛몰":80,
            "대형마트":0,
            "은행":70,
            "병원":60,
            "종합병원":100,
            "공원":100,
            "혐오시설":0,
            "인프라총점":74.0,
            "초등학군":87.08,
            "중학군":50.66,
            "학군총점":57.944,
            "인구수":49.43,
            "인구증감":-8.0,
            "인구총점":32.201,
            "일자리":13.3,
            "소득수준":56.64,
            "일자리총점":26.302,
            "가치 총점":70.0916,
            "매매실거래년":20210312.0,
            "매매실거래가":121800.0,
            "전세실거래년":20210909.0,
            "전세실거래가":58000.0,
            "전세가율":100.87,
            "장기전세가율평균":70.52,
            "전세가율거품지수":-30.35,
            "검색코드":8841,
            "세대수":431.0,
            "준공년월":"2003-08-30",
            "준공년차":20.0,
            "가까운역이름":"보문",
            "가까운역거리":238.97,
            "역세권여부":"역세권",
            "30분이내주요거점역":4,
            "1시간이내주요거점역":15,
            "3km이내백화점수":2,
            "5km이내아울렛몰수":1,
            "1km이내대형먀트수":0,
            "500m이내은행수":3,
            "500m이내병원수":20,
            "5km이내대형병원수":11,
            "500m이내공원수":7,
            "3km이내혐오시설수":0,
            "초등학교학업성취도":87.08,
            "중학교학업성취도":83.7,
            "용적률":233,
            "건폐율":19,
            "Y":37.585649,
            "X":127.016708,
            "rank":28.0,
            "area_info":"23평(78.83), 23평(79.32), 23평(79.1), 34평(112.45), 33평(112.1), 46평(152.31)",
            "last_sales":"2021-03-12,121800.0,46평(152.31)"
        },
        {
            "index":184,
            "아파트명":"돈암동일하이빌",
            "투자타입":"일반",
            "전용면적(m2)":"82.92",
            "전용면적(평)":"25평",
            "법정동주소":"서울시 성북구 동소문동5가 120",
            "도로명주소":"서울시 성북구 보문로38길 11",
            "세대수":0,
            "입주년차":40,
            "용적률점수":"--",
            "건폐율점수":"--",
            "세대당주차수":30,
            "난방방식":30,
            "공급면적":"--",
            "전용률":"--",
            "욕실수":100,
            "현관타입":100,
            "주거총점":35.5,
            "지역구공급총점":0.0,
            "역세권":80,
            "30분내 이동가능 거점":80,
            "1시간내 이동가능 거점":100,
            "교통총점":84.0,
            "백화점":100,
            "아울렛몰":80,
            "대형마트":0,
            "은행":100,
            "병원":100,
            "종합병원":100,
            "공원":80,
            "혐오시설":0,
            "인프라총점":80.4,
            "초등학군":88.6,
            "중학군":50.7,
            "학군총점":58.28,
            "인구수":49.43,
            "인구증감":-8.0,
            "인구총점":32.201,
            "일자리":13.3,
            "소득수준":56.64,
            "일자리총점":26.302,
            "가치 총점":69.362,
            "매매실거래년":20210201.0,
            "매매실거래가":112000.0,
            "전세실거래년":20190214.0,
            "전세실거래가":38000.0,
            "전세가율":54.29,
            "장기전세가율평균":70.52,
            "전세가율거품지수":16.23,
            "검색코드":17412,
            "세대수":236.0,
            "준공년월":"2006-04-28",
            "준공년차":17.0,
            "가까운역이름":"성신여대입구",
            "가까운역거리":214.03,
            "역세권여부":"역세권",
            "30분이내주요거점역":4,
            "1시간이내주요거점역":15,
            "3km이내백화점수":2,
            "5km이내아울렛몰수":1,
            "1km이내대형먀트수":0,
            "500m이내은행수":7,
            "500m이내병원수":82,
            "5km이내대형병원수":12,
            "500m이내공원수":1,
            "3km이내혐오시설수":0,
            "초등학교학업성취도":88.6,
            "중학교학업성취도":82.5,
            "용적률":687,
            "건폐율":54,
            "Y":37.591549,
            "X":127.014388,
            "rank":29.0,
            "area_info":"25평(82.92), 31평(102.67), 31평(102.54), 45평(151.11)",
            "last_sales":"2021-02-01,112000.0,45평(151.11)"
        },
        {
            "index":70,
            "아파트명":"돈암삼부(삼부컨비니언)",
            "투자타입":"일반",
            "전용면적(m2)":"80.24",
            "전용면적(평)":"24평",
            "법정동주소":"서울시 성북구 길음동 1276",
            "도로명주소":"서울시 성북구 동소문로 248",
            "세대수":50,
            "입주년차":0,
            "용적률점수":"--",
            "건폐율점수":"--",
            "세대당주차수":0,
            "난방방식":30,
            "공급면적":"--",
            "전용률":"--",
            "욕실수":50,
            "현관타입":10,
            "주거총점":26.5,
            "지역구공급총점":0.0,
            "역세권":80,
            "30분내 이동가능 거점":80,
            "1시간내 이동가능 거점":100,
            "교통총점":84.0,
            "백화점":100,
            "아울렛몰":80,
            "대형마트":80,
            "은행":20,
            "병원":80,
            "종합병원":100,
            "공원":100,
            "혐오시설":0,
            "인프라총점":83.0,
            "초등학군":84.73,
            "중학군":51.3,
            "학군총점":57.986,
            "인구수":49.43,
            "인구증감":-8.0,
            "인구총점":32.201,
            "일자리":13.3,
            "소득수준":56.64,
            "일자리총점":26.302,
            "가치 총점":68.2979,
            "매매실거래년":20211021.0,
            "매매실거래가":71700.0,
            "전세실거래년":20220104.0,
            "전세실거래가":40000.0,
            "전세가율":55.79,
            "장기전세가율평균":70.52,
            "전세가율거품지수":14.73,
            "검색코드":576,
            "세대수":684.0,
            "준공년월":"1998-02-02",
            "준공년차":25.0,
            "가까운역이름":"길음",
            "가까운역거리":141.38,
            "역세권여부":"역세권",
            "30분이내주요거점역":4,
            "1시간이내주요거점역":14,
            "3km이내백화점수":2,
            "5km이내아울렛몰수":1,
            "1km이내대형먀트수":1,
            "500m이내은행수":2,
            "500m이내병원수":32,
            "5km이내대형병원수":9,
            "500m이내공원수":4,
            "3km이내혐오시설수":0,
            "초등학교학업성취도":84.73,
            "중학교학업성취도":83.3,
            "용적률":350,
            "건폐율":29,
            "Y":37.602727,
            "X":127.023697,
            "rank":30.0,
            "area_info":"24평(80.24), 29평(98.31), 29평(98.75), 29평(99.14), 38평(127.5)",
            "last_sales":"2021-10-21,71700.0,24평(80.24)"
        },
        {
            "index":195,
            "아파트명":"동선브라운스톤",
            "투자타입":"일반",
            "전용면적(m2)":"82.89",
            "전용면적(평)":"25평",
            "법정동주소":"서울시 성북구 동소문동7가 120",
            "도로명주소":"서울시 성북구 아리랑로5길 25",
            "세대수":0,
            "입주년차":60,
            "용적률점수":"--",
            "건폐율점수":"--",
            "세대당주차수":30,
            "난방방식":30,
            "공급면적":"--",
            "전용률":"--",
            "욕실수":100,
            "현관타입":100,
            "주거총점":39.5,
            "지역구공급총점":0.0,
            "역세권":80,
            "30분내 이동가능 거점":80,
            "1시간내 이동가능 거점":100,
            "교통총점":84.0,
            "백화점":100,
            "아울렛몰":80,
            "대형마트":0,
            "은행":70,
            "병원":80,
            "종합병원":100,
            "공원":0,
            "혐오시설":0,
            "인프라총점":73.0,
            "초등학군":88.49,
            "중학군":51.3,
            "학군총점":58.738,
            "인구수":49.43,
            "인구증감":-8.0,
            "인구총점":32.201,
            "일자리":13.3,
            "소득수준":56.64,
            "일자리총점":26.302,
            "가치 총점":68.0107,
            "매매실거래년":20200623.0,
            "매매실거래가":97000.0,
            "전세실거래년":null,
            "전세실거래가":null,
            "전세가율":null,
            "장기전세가율평균":70.52,
            "전세가율거품지수":null,
            "검색코드":26867,
            "세대수":194.0,
            "준공년월":"2010-11-26",
            "준공년차":13.0,
            "가까운역이름":"성신여대입구",
            "가까운역거리":491.28,
            "역세권여부":"역세권",
            "30분이내주요거점역":4,
            "1시간이내주요거점역":12,
            "3km이내백화점수":2,
            "5km이내아울렛몰수":1,
            "1km이내대형먀트수":0,
            "500m이내은행수":3,
            "500m이내병원수":50,
            "5km이내대형병원수":10,
            "500m이내공원수":0,
            "3km이내혐오시설수":0,
            "초등학교학업성취도":88.49,
            "중학교학업성취도":83.3,
            "용적률":234,
            "건폐율":26,
            "Y":37.596453,
            "X":127.013621,
            "rank":31.0,
            "area_info":"25평(82.89), 25평(83.29), 26평(89.18), 34평(112.86), 35평(116.94), 44평(146.6), 44평(147.22)",
            "last_sales":"2020-06-23,97000.0,44평(147.22)"
        },
        {
            "index":271,
            "아파트명":"코오롱",
            "투자타입":"일반",
            "전용면적(m2)":"87.71",
            "전용면적(평)":"26평",
            "법정동주소":"서울시 성북구 삼선동4가 73",
            "도로명주소":"서울시 성북구 삼선교로23길 23",
            "세대수":50,
            "입주년차":20,
            "용적률점수":"--",
            "건폐율점수":"--",
            "세대당주차수":0,
            "난방방식":30,
            "공급면적":"--",
            "전용률":"--",
            "욕실수":50,
            "현관타입":10,
            "주거총점":30.5,
            "지역구공급총점":0.0,
            "역세권":80,
            "30분내 이동가능 거점":80,
            "1시간내 이동가능 거점":100,
            "교통총점":84.0,
            "백화점":100,
            "아울렛몰":80,
            "대형마트":0,
            "은행":70,
            "병원":100,
            "종합병원":100,
            "공원":100,
            "혐오시설":0,
            "인프라총점":78.0,
            "초등학군":88.6,
            "중학군":50.7,
            "학군총점":58.28,
            "인구수":49.43,
            "인구증감":-8.0,
            "인구총점":32.201,
            "일자리":13.3,
            "소득수준":56.64,
            "일자리총점":26.302,
            "가치 총점":67.642,
            "매매실거래년":20211120.0,
            "매매실거래가":80700.0,
            "전세실거래년":20211230.0,
            "전세실거래가":53000.0,
            "전세가율":65.68,
            "장기전세가율평균":70.52,
            "전세가율거품지수":4.84,
            "검색코드":1181,
            "세대수":437.0,
            "준공년월":"1999-11-02",
            "준공년차":24.0,
            "가까운역이름":"성신여대입구",
            "가까운역거리":400.79,
            "역세권여부":"역세권",
            "30분이내주요거점역":4,
            "1시간이내주요거점역":15,
            "3km이내백화점수":1,
            "5km이내아울렛몰수":1,
            "1km이내대형먀트수":0,
            "500m이내은행수":4,
            "500m이내병원수":68,
            "5km이내대형병원수":11,
            "500m이내공원수":3,
            "3km이내혐오시설수":0,
            "초등학교학업성취도":88.6,
            "중학교학업성취도":82.5,
            "용적률":318,
            "건폐율":26,
            "Y":37.590553,
            "X":127.01268,
            "rank":32.0,
            "area_info":"26평(87.71), 31평(104.97), 42평(142.04)",
            "last_sales":"2021-11-20,80700.0,26평(87.71)"
        },
        {
            "index":564,
            "아파트명":"종암SK뷰2차",
            "투자타입":"일반",
            "전용면적(m2)":"81.62",
            "전용면적(평)":"24평",
            "법정동주소":"서울시 성북구 종암동 135",
            "도로명주소":"서울시 성북구 종암로24길 35",
            "세대수":30,
            "입주년차":60,
            "용적률점수":"--",
            "건폐율점수":"--",
            "세대당주차수":30,
            "난방방식":30,
            "공급면적":"--",
            "전용률":"--",
            "욕실수":100,
            "현관타입":100,
            "주거총점":50.0,
            "지역구공급총점":0.0,
            "역세권":50,
            "30분내 이동가능 거점":80,
            "1시간내 이동가능 거점":100,
            "교통총점":69.0,
            "백화점":100,
            "아울렛몰":80,
            "대형마트":100,
            "은행":20,
            "병원":80,
            "종합병원":100,
            "공원":100,
            "혐오시설":0,
            "인프라총점":86.0,
            "초등학군":88.15,
            "중학군":41.84,
            "학군총점":51.102,
            "인구수":49.43,
            "인구증감":-8.0,
            "인구총점":32.201,
            "일자리":13.3,
            "소득수준":56.64,
            "일자리총점":26.302,
            "가치 총점":67.6153,
            "매매실거래년":20211213.0,
            "매매실거래가":90000.0,
            "전세실거래년":20211211.0,
            "전세실거래가":43000.0,
            "전세가율":47.78,
            "장기전세가율평균":70.52,
            "전세가율거품지수":22.74,
            "검색코드":27283,
            "세대수":393.0,
            "준공년월":"2010-10-29",
            "준공년차":13.0,
            "가까운역이름":"월곡",
            "가까운역거리":584.56,
            "역세권여부":"준역세권",
            "30분이내주요거점역":4,
            "1시간이내주요거점역":10,
            "3km이내백화점수":3,
            "5km이내아울렛몰수":1,
            "1km이내대형먀트수":2,
            "500m이내은행수":2,
            "500m이내병원수":40,
            "5km이내대형병원수":12,
            "500m이내공원수":6,
            "3km이내혐오시설수":0,
            "초등학교학업성취도":88.15,
            "중학교학업성취도":67.8,
            "용적률":244,
            "건폐율":20,
            "Y":37.601756,
            "X":127.034887,
            "rank":33.0,
            "area_info":"24평(81.62), 24평(81.16), 32평(108.16), 44평(147.82)",
            "last_sales":"2021-12-13,90000.0,24평(81.62)"
        },
        {
            "index":254,
            "아파트명":"삼선현대힐스테이트",
            "투자타입":"일반",
            "전용면적(m2)":"74.13",
            "전용면적(평)":"22평",
            "법정동주소":"서울시 성북구 삼선동2가 420",
            "도로명주소":"서울시 성북구 낙산길 243-15",
            "세대수":30,
            "입주년차":60,
            "용적률점수":"--",
            "건폐율점수":"--",
            "세대당주차수":30,
            "난방방식":30,
            "공급면적":"--",
            "전용률":"--",
            "욕실수":100,
            "현관타입":100,
            "주거총점":50.0,
            "지역구공급총점":0.0,
            "역세권":80,
            "30분내 이동가능 거점":80,
            "1시간내 이동가능 거점":100,
            "교통총점":84.0,
            "백화점":100,
            "아울렛몰":100,
            "대형마트":0,
            "은행":20,
            "병원":0,
            "종합병원":100,
            "공원":100,
            "혐오시설":0,
            "인프라총점":65.0,
            "초등학군":87.32,
            "중학군":50.66,
            "학군총점":57.992,
            "인구수":49.43,
            "인구증감":-8.0,
            "인구총점":32.201,
            "일자리":13.3,
            "소득수준":56.64,
            "일자리총점":26.302,
            "가치 총점":67.5988,
            "매매실거래년":20211020.0,
            "매매실거래가":85000.0,
            "전세실거래년":20220117.0,
            "전세실거래가":34650.0,
            "전세가율":40.76,
            "장기전세가율평균":70.52,
            "전세가율거품지수":29.76,
            "검색코드":22156,
            "세대수":377.0,
            "준공년월":"2009-12-01",
            "준공년차":14.0,
            "가까운역이름":"창신",
            "가까운역거리":311.72,
            "역세권여부":"역세권",
            "30분이내주요거점역":4,
            "1시간이내주요거점역":15,
            "3km이내백화점수":1,
            "5km이내아울렛몰수":2,
            "1km이내대형먀트수":0,
            "500m이내은행수":2,
            "500m이내병원수":0,
            "5km이내대형병원수":12,
            "500m이내공원수":4,
            "3km이내혐오시설수":0,
            "초등학교학업성취도":87.32,
            "중학교학업성취도":83.7,
            "용적률":229,
            "건폐율":24,
            "Y":37.582062,
            "X":127.013415,
            "rank":34.0,
            "area_info":"22평(74.13), 30평(101.17), 32평(106.28), 32평(107.56), 32평(108.57), 41평(137.64)",
            "last_sales":"2021-10-20,85000.0,22평(74.13)"
        },
        {
            "index":118,
            "아파트명":"돈암코오롱하늘채",
            "투자타입":"일반",
            "전용면적(m2)":"79.54",
            "전용면적(평)":"24평",
            "법정동주소":"서울시 성북구 돈암동 644",
            "도로명주소":"서울시 성북구 아리랑로 75",
            "세대수":50,
            "입주년차":80,
            "용적률점수":"--",
            "건폐율점수":"--",
            "세대당주차수":30,
            "난방방식":30,
            "공급면적":"--",
            "전용률":"--",
            "욕실수":100,
            "현관타입":100,
            "주거총점":61.0,
            "지역구공급총점":0.0,
            "역세권":80,
            "30분내 이동가능 거점":60,
            "1시간내 이동가능 거점":100,
            "교통총점":78.0,
            "백화점":100,
            "아울렛몰":80,
            "대형마트":0,
            "은행":0,
            "병원":60,
            "종합병원":100,
            "공원":0,
            "혐오시설":0,
            "인프라총점":64.0,
            "초등학군":88.49,
            "중학군":51.3,
            "학군총점":58.738,
            "인구수":49.43,
            "인구증감":-8.0,
            "인구총점":32.201,
            "일자리":13.3,
            "소득수준":56.64,
            "일자리총점":26.302,
            "가치 총점":67.5107,
            "매매실거래년":20211002.0,
            "매매실거래가":95500.0,
            "전세실거래년":20210625.0,
            "전세실거래가":59000.0,
            "전세가율":61.78,
            "장기전세가율평균":70.52,
            "전세가율거품지수":8.74,
            "검색코드":108138,
            "세대수":629.0,
            "준공년월":"2016-12-29",
            "준공년차":7.0,
            "가까운역이름":"정릉",
            "가까운역거리":424.78,
            "역세권여부":"역세권",
            "30분이내주요거점역":3,
            "1시간이내주요거점역":12,
            "3km이내백화점수":2,
            "5km이내아울렛몰수":1,
            "1km이내대형먀트수":0,
            "500m이내은행수":1,
            "500m이내병원수":16,
            "5km이내대형병원수":9,
            "500m이내공원수":0,
            "3km이내혐오시설수":0,
            "초등학교학업성취도":88.49,
            "중학교학업성취도":83.3,
            "용적률":235,
            "건폐율":25,
            "Y":37.598981,
            "X":127.013294,
            "rank":35.0,
            "area_info":"24평(79.54), 24평(79.47), 24평(79.73), 33평(110.91), 33평(111.82), 33평(112.18), 33평(112.04), 33평(112.35), 44평(147.14)",
            "last_sales":"2021-10-02,95500.0,24평(79.54)"
        },
        {
            "index":630,
            "아파트명":"월곡두산위브",
            "투자타입":"일반",
            "전용면적(m2)":"82.62",
            "전용면적(평)":"24평",
            "법정동주소":"서울시 성북구 하월곡동 222",
            "도로명주소":"서울시 성북구 오패산로 46",
            "세대수":100,
            "입주년차":20,
            "용적률점수":"--",
            "건폐율점수":"--",
            "세대당주차수":30,
            "난방방식":30,
            "공급면적":"--",
            "전용률":"--",
            "욕실수":50,
            "현관타입":100,
            "주거총점":61.5,
            "지역구공급총점":0.0,
            "역세권":50,
            "30분내 이동가능 거점":80,
            "1시간내 이동가능 거점":100,
            "교통총점":69.0,
            "백화점":100,
            "아울렛몰":0,
            "대형마트":100,
            "은행":20,
            "병원":60,
            "종합병원":100,
            "공원":100,
            "혐오시설":0,
            "인프라총점":76.0,
            "초등학군":86.19,
            "중학군":45.26,
            "학군총점":53.446,
            "인구수":49.43,
            "인구증감":-8.0,
            "인구총점":32.201,
            "일자리":13.3,
            "소득수준":56.64,
            "일자리총점":26.302,
            "가치 총점":67.2669,
            "매매실거래년":20211127.0,
            "매매실거래가":82800.0,
            "전세실거래년":20220113.0,
            "전세실거래가":50000.0,
            "전세가율":60.39,
            "장기전세가율평균":70.52,
            "전세가율거품지수":10.13,
            "검색코드":2990,
            "세대수":2197.0,
            "준공년월":"2003-04-30",
            "준공년차":20.0,
            "가까운역이름":"월곡",
            "가까운역거리":626.39,
            "역세권여부":"준역세권",
            "30분이내주요거점역":4,
            "1시간이내주요거점역":11,
            "3km이내백화점수":2,
            "5km이내아울렛몰수":0,
            "1km이내대형먀트수":3,
            "500m이내은행수":2,
            "500m이내병원수":19,
            "5km이내대형병원수":11,
            "500m이내공원수":5,
            "3km이내혐오시설수":0,
            "초등학교학업성취도":86.19,
            "중학교학업성취도":74.3,
            "용적률":279,
            "건폐율":20,
            "Y":37.607121,
            "X":127.038703,
            "rank":36.0,
            "area_info":"24평(82.62), 33평(109.94), 33평(109.84), 33평(109.68), 33평(110.13), 42평(140.05)",
            "last_sales":"2021-11-27,82800.0,24평(82.62)"
        },
        {
            "index":193,
            "아파트명":"시티플레이스(도시형)",
            "투자타입":"일반",
            "전용면적(m2)":"20.33",
            "전용면적(평)":"6평",
            "법정동주소":"서울시 성북구 동소문동6가 3-1",
            "도로명주소":"서울시 성북구 동소문로 73",
            "세대수":0,
            "입주년차":80,
            "용적률점수":"--",
            "건폐율점수":"--",
            "세대당주차수":0,
            "난방방식":30,
            "공급면적":"--",
            "전용률":"--",
            "욕실수":50,
            "현관타입":10,
            "주거총점":25.0,
            "지역구공급총점":0.0,
            "역세권":80,
            "30분내 이동가능 거점":80,
            "1시간내 이동가능 거점":100,
            "교통총점":84.0,
            "백화점":100,
            "아울렛몰":80,
            "대형마트":0,
            "은행":100,
            "병원":100,
            "종합병원":100,
            "공원":80,
            "혐오시설":0,
            "인프라총점":80.4,
            "초등학군":88.6,
            "중학군":50.7,
            "학군총점":58.28,
            "인구수":49.43,
            "인구증감":-8.0,
            "인구총점":32.201,
            "일자리":13.3,
            "소득수준":56.64,
            "일자리총점":26.302,
            "가치 총점":67.262,
            "매매실거래년":20200819.0,
            "매매실거래가":21500.0,
            "전세실거래년":20210619.0,
            "전세실거래가":20000.0,
            "전세가율":93.02,
            "장기전세가율평균":70.52,
            "전세가율거품지수":-22.5,
            "검색코드":109692,
            "세대수":117.0,
            "준공년월":"2015-01-16",
            "준공년차":8.0,
            "가까운역이름":"성신여대입구",
            "가까운역거리":263.47,
            "역세권여부":"역세권",
            "30분이내주요거점역":4,
            "1시간이내주요거점역":14,
            "3km이내백화점수":2,
            "5km이내아울렛몰수":1,
            "1km이내대형먀트수":0,
            "500m이내은행수":7,
            "500m이내병원수":82,
            "5km이내대형병원수":12,
            "500m이내공원수":1,
            "3km이내혐오시설수":0,
            "초등학교학업성취도":88.6,
            "중학교학업성취도":82.5,
            "용적률":422,
            "건폐율":45,
            "Y":37.592316,
            "X":127.013438,
            "rank":37.0,
            "area_info":"6평(20.33), 6평(20.32)",
            "last_sales":"2020-08-19,21500.0,6평(20.33)"
        },
        {
            "index":57,
            "아파트명":"길음동부센트레빌",
            "투자타입":"일반",
            "전용면적(m2)":"80.74",
            "전용면적(평)":"24평",
            "법정동주소":"서울시 성북구 길음동 1278",
            "도로명주소":"서울시 성북구 숭인로2길 61",
            "세대수":90,
            "입주년차":20,
            "용적률점수":"--",
            "건폐율점수":"--",
            "세대당주차수":30,
            "난방방식":30,
            "공급면적":"--",
            "전용률":"--",
            "욕실수":100,
            "현관타입":100,
            "주거총점":63.0,
            "지역구공급총점":0.0,
            "역세권":50,
            "30분내 이동가능 거점":60,
            "1시간내 이동가능 거점":100,
            "교통총점":63.0,
            "백화점":100,
            "아울렛몰":0,
            "대형마트":100,
            "은행":0,
            "병원":60,
            "종합병원":100,
            "공원":100,
            "혐오시설":0,
            "인프라총점":74.0,
            "초등학군":87.57,
            "중학군":64.14,
            "학군총점":68.826,
            "인구수":49.43,
            "인구증감":-8.0,
            "인구총점":32.201,
            "일자리":13.3,
            "소득수준":56.64,
            "일자리총점":26.302,
            "가치 총점":67.1739,
            "매매실거래년":20211021.0,
            "매매실거래가":90500.0,
            "전세실거래년":20211227.0,
            "전세실거래가":46000.0,
            "전세가율":50.83,
            "장기전세가율평균":70.52,
            "전세가율거품지수":19.69,
            "검색코드":3421,
            "세대수":1377.0,
            "준공년월":"2003-03-31",
            "준공년차":20.0,
            "가까운역이름":"미아사거리",
            "가까운역거리":585.42,
            "역세권여부":"준역세권",
            "30분이내주요거점역":3,
            "1시간이내주요거점역":11,
            "3km이내백화점수":2,
            "5km이내아울렛몰수":0,
            "1km이내대형먀트수":2,
            "500m이내은행수":1,
            "500m이내병원수":13,
            "5km이내대형병원수":9,
            "500m이내공원수":4,
            "3km이내혐오시설수":0,
            "초등학교학업성취도":87.57,
            "중학교학업성취도":98.3,
            "용적률":269,
            "건폐율":21,
            "Y":37.61076,
            "X":127.024226,
            "rank":38.0,
            "area_info":"24평(80.74), 33평(111.12), 43평(142.45)",
            "last_sales":"2021-10-21,90500.0,24평(80.74)"
        },
        {
            "index":111,
            "아파트명":"돈암브라운스톤",
            "투자타입":"일반",
            "전용면적(m2)":"82.87",
            "전용면적(평)":"25평",
            "법정동주소":"서울시 성북구 돈암동 636",
            "도로명주소":"서울시 성북구 북악산로 844",
            "세대수":90,
            "입주년차":40,
            "용적률점수":"--",
            "건폐율점수":"--",
            "세대당주차수":30,
            "난방방식":30,
            "공급면적":"--",
            "전용률":"--",
            "욕실수":100,
            "현관타입":100,
            "주거총점":67.0,
            "지역구공급총점":0.0,
            "역세권":50,
            "30분내 이동가능 거점":80,
            "1시간내 이동가능 거점":100,
            "교통총점":69.0,
            "백화점":100,
            "아울렛몰":80,
            "대형마트":0,
            "은행":0,
            "병원":80,
            "종합병원":100,
            "공원":80,
            "혐오시설":0,
            "인프라총점":68.4,
            "초등학군":88.96,
            "중학군":51.3,
            "학군총점":58.832,
            "인구수":49.43,
            "인구증감":-8.0,
            "인구총점":32.201,
            "일자리":13.3,
            "소득수준":56.64,
            "일자리총점":26.302,
            "가치 총점":66.8948,
            "매매실거래년":20211206.0,
            "매매실거래가":87800.0,
            "전세실거래년":20220108.0,
            "전세실거래가":55000.0,
            "전세가율":62.64,
            "장기전세가율평균":70.52,
            "전세가율거품지수":7.88,
            "검색코드":9348,
            "세대수":1074.0,
            "준공년월":"2004-12-18",
            "준공년차":19.0,
            "가까운역이름":"성신여대입구",
            "가까운역거리":606.18,
            "역세권여부":"준역세권",
            "30분이내주요거점역":4,
            "1시간이내주요거점역":12,
            "3km이내백화점수":2,
            "5km이내아울렛몰수":1,
            "1km이내대형먀트수":0,
            "500m이내은행수":1,
            "500m이내병원수":36,
            "5km이내대형병원수":10,
            "500m이내공원수":1,
            "3km이내혐오시설수":0,
            "초등학교학업성취도":88.96,
            "중학교학업성취도":83.3,
            "용적률":238,
            "건폐율":19,
            "Y":37.597991,
            "X":127.01761,
            "rank":39.0,
            "area_info":"25평(82.87), 27평(90.89), 33평(109.81), 43평(145.24)",
            "last_sales":"2021-12-06,87800.0,25평(82.87)"
        },
        {
            "index":162,
            "아파트명":"일신건영휴먼빌",
            "투자타입":"일반",
            "전용면적(m2)":"77.93",
            "전용면적(평)":"23평",
            "법정동주소":"서울시 성북구 돈암동 524",
            "도로명주소":"서울시 성북구 아리랑로 89",
            "세대수":50,
            "입주년차":40,
            "용적률점수":"--",
            "건폐율점수":"--",
            "세대당주차수":60,
            "난방방식":30,
            "공급면적":"--",
            "전용률":"--",
            "욕실수":50,
            "현관타입":100,
            "주거총점":52.5,
            "지역구공급총점":0.0,
            "역세권":80,
            "30분내 이동가능 거점":60,
            "1시간내 이동가능 거점":100,
            "교통총점":78.0,
            "백화점":100,
            "아울렛몰":80,
            "대형마트":0,
            "은행":0,
            "병원":60,
            "종합병원":100,
            "공원":100,
            "혐오시설":0,
            "인프라총점":67.0,
            "초등학군":87.32,
            "중학군":51.3,
            "학군총점":58.504,
            "인구수":49.43,
            "인구증감":-8.0,
            "인구총점":32.201,
            "일자리":13.3,
            "소득수준":56.64,
            "일자리총점":26.302,
            "가치 총점":66.6756,
            "매매실거래년":20210903.0,
            "매매실거래가":120000.0,
            "전세실거래년":20211130.0,
            "전세실거래가":50000.0,
            "전세가율":88.81,
            "장기전세가율평균":70.52,
            "전세가율거품지수":-18.29,
            "검색코드":8561,
            "세대수":689.0,
            "준공년월":"2005-06-01",
            "준공년차":18.0,
            "가까운역이름":"정릉",
            "가까운역거리":176.8,
            "역세권여부":"역세권",
            "30분이내주요거점역":3,
            "1시간이내주요거점역":12,
            "3km이내백화점수":2,
            "5km이내아울렛몰수":1,
            "1km이내대형먀트수":0,
            "500m이내은행수":1,
            "500m이내병원수":15,
            "5km이내대형병원수":9,
            "500m이내공원수":2,
            "3km이내혐오시설수":0,
            "초등학교학업성취도":87.32,
            "중학교학업성취도":83.3,
            "용적률":286,
            "건폐율":22,
            "Y":37.601312,
            "X":127.012776,
            "rank":40.0,
            "area_info":"23평(77.93), 32평(107.97), 33평(111.27), 42평(141.15), 51평(170.96)",
            "last_sales":"2021-09-03,120000.0,51평(170.96)"
        },
        {
            "index":605,
            "아파트명":"래미안월곡",
            "투자타입":"일반",
            "전용면적(m2)":"79.42",
            "전용면적(평)":"24평",
            "법정동주소":"서울시 성북구 하월곡동 225",
            "도로명주소":"서울시 성북구 오패산로 90",
            "세대수":90,
            "입주년차":40,
            "용적률점수":"--",
            "건폐율점수":"--",
            "세대당주차수":30,
            "난방방식":30,
            "공급면적":"--",
            "전용률":"--",
            "욕실수":100,
            "현관타입":100,
            "주거총점":67.0,
            "지역구공급총점":0.0,
            "역세권":50,
            "30분내 이동가능 거점":60,
            "1시간내 이동가능 거점":100,
            "교통총점":63.0,
            "백화점":100,
            "아울렛몰":0,
            "대형마트":100,
            "은행":20,
            "병원":60,
            "종합병원":100,
            "공원":100,
            "혐오시설":0,
            "인프라총점":76.0,
            "초등학군":86.19,
            "중학군":46.08,
            "학군총점":54.102,
            "인구수":49.43,
            "인구증감":-8.0,
            "인구총점":32.201,
            "일자리":13.3,
            "소득수준":56.64,
            "일자리총점":26.302,
            "가치 총점":66.3653,
            "매매실거래년":20211214.0,
            "매매실거래가":115000.0,
            "전세실거래년":20211228.0,
            "전세실거래가":48500.0,
            "전세가율":74.62,
            "장기전세가율평균":70.52,
            "전세가율거품지수":-4.1,
            "검색코드":17700,
            "세대수":1372.0,
            "준공년월":"2006-07-19",
            "준공년차":17.0,
            "가까운역이름":"미아사거리",
            "가까운역거리":684.54,
            "역세권여부":"준역세권",
            "30분이내주요거점역":3,
            "1시간이내주요거점역":10,
            "3km이내백화점수":2,
            "5km이내아울렛몰수":0,
            "1km이내대형먀트수":2,
            "500m이내은행수":2,
            "500m이내병원수":19,
            "5km이내대형병원수":11,
            "500m이내공원수":3,
            "3km이내혐오시설수":0,
            "초등학교학업성취도":86.19,
            "중학교학업성취도":74.8,
            "용적률":241,
            "건폐율":16,
            "Y":37.610558,
            "X":127.037016,
            "rank":41.0,
            "area_info":"24평(79.42), 32평(107.22), 43평(143.42)",
            "last_sales":"2021-12-14,115000.0,32평(107.22)"
        },
        {
            "index":221,
            "아파트명":"보문하우스토리",
            "투자타입":"일반",
            "전용면적(m2)":"80.14",
            "전용면적(평)":"24평",
            "법정동주소":"서울시 성북구 보문동4가 116",
            "도로명주소":"서울시 성북구 고려대로2길 37",
            "세대수":0,
            "입주년차":60,
            "용적률점수":"--",
            "건폐율점수":"--",
            "세대당주차수":60,
            "난방방식":30,
            "공급면적":"--",
            "전용률":"--",
            "욕실수":100,
            "현관타입":100,
            "주거총점":44.0,
            "지역구공급총점":0.0,
            "역세권":80,
            "30분내 이동가능 거점":80,
            "1시간내 이동가능 거점":100,
            "교통총점":84.0,
            "백화점":100,
            "아울렛몰":80,
            "대형마트":0,
            "은행":20,
            "병원":60,
            "종합병원":100,
            "공원":100,
            "혐오시설":0,
            "인프라총점":69.0,
            "초등학군":87.3,
            "중학군":38.82,
            "학군총점":48.516,
            "인구수":49.43,
            "인구증감":-8.0,
            "인구총점":32.201,
            "일자리":13.3,
            "소득수준":56.64,
            "일자리총점":26.302,
            "가치 총점":66.1774,
            "매매실거래년":20210107.0,
            "매매실거래가":71500.0,
            "전세실거래년":20150731.0,
            "전세실거래가":25000.0,
            "전세가율":34.97,
            "장기전세가율평균":70.52,
            "전세가율거품지수":35.55,
            "검색코드":102837,
            "세대수":162.0,
            "준공년월":"2011-08-05",
            "준공년차":12.0,
            "가까운역이름":"보문",
            "가까운역거리":173.83,
            "역세권여부":"역세권",
            "30분이내주요거점역":4,
            "1시간이내주요거점역":15,
            "3km이내백화점수":2,
            "5km이내아울렛몰수":1,
            "1km이내대형먀트수":0,
            "500m이내은행수":2,
            "500m이내병원수":15,
            "5km이내대형병원수":9,
            "500m이내공원수":4,
            "3km이내혐오시설수":0,
            "초등학교학업성취도":87.3,
            "중학교학업성취도":63.7,
            "용적률":547,
            "건폐율":58,
            "Y":37.584314,
            "X":127.020926,
            "rank":42.0,
            "area_info":"24평(80.14), 33평(109.12), 33평(109.85), 33평(110.14), 33평(110.56), 43평(144.88), 43평(144.59)",
            "last_sales":"2021-01-07,71500.0,24평(80.14)"
        },
        {
            "index":579,
            "아파트명":"종암우림카이저팰리스",
            "투자타입":"일반",
            "전용면적(m2)":"107.96",
            "전용면적(평)":"32평",
            "법정동주소":"서울시 성북구 종암동 132",
            "도로명주소":"서울시 성북구 종암로 132",
            "세대수":0,
            "입주년차":40,
            "용적률점수":"--",
            "건폐율점수":"--",
            "세대당주차수":80,
            "난방방식":30,
            "공급면적":"--",
            "전용률":"--",
            "욕실수":100,
            "현관타입":100,
            "주거총점":43.0,
            "지역구공급총점":0.0,
            "역세권":50,
            "30분내 이동가능 거점":80,
            "1시간내 이동가능 거점":100,
            "교통총점":69.0,
            "백화점":100,
            "아울렛몰":80,
            "대형마트":100,
            "은행":20,
            "병원":80,
            "종합병원":100,
            "공원":100,
            "혐오시설":0,
            "인프라총점":86.0,
            "초등학군":84.73,
            "중학군":41.84,
            "학군총점":50.418,
            "인구수":49.43,
            "인구증감":-8.0,
            "인구총점":32.201,
            "일자리":13.3,
            "소득수준":56.64,
            "일자리총점":26.302,
            "가치 총점":66.1127,
            "매매실거래년":20211213.0,
            "매매실거래가":90000.0,
            "전세실거래년":20200506.0,
            "전세실거래가":44000.0,
            "전세가율":48.89,
            "장기전세가율평균":70.52,
            "전세가율거품지수":21.63,
            "검색코드":22836,
            "세대수":161.0,
            "준공년월":"2008-05-01",
            "준공년차":15.0,
            "가까운역이름":"월곡",
            "가까운역거리":708.13,
            "역세권여부":"준역세권",
            "30분이내주요거점역":4,
            "1시간이내주요거점역":13,
            "3km이내백화점수":3,
            "5km이내아울렛몰수":1,
            "1km이내대형먀트수":2,
            "500m이내은행수":2,
            "500m이내병원수":39,
            "5km이내대형병원수":10,
            "500m이내공원수":5,
            "3km이내혐오시설수":0,
            "초등학교학업성취도":84.73,
            "중학교학업성취도":67.8,
            "용적률":448,
            "건폐율":59,
            "Y":37.601988,
            "X":127.03348,
            "rank":43.0,
            "area_info":"32평(107.96), 32평(107.99), 32평(107.71), 32평(108.45)",
            "last_sales":"2021-12-13,90000.0,32평(107.96)"
        },
        {
            "index":616,
            "아파트명":"성북힐스테이트",
            "투자타입":"일반",
            "전용면적(m2)":"105.81",
            "전용면적(평)":"32평",
            "법정동주소":"서울시 성북구 하월곡동 88-64",
            "도로명주소":"서울시 성북구 동소문로44길 43",
            "세대수":0,
            "입주년차":40,
            "용적률점수":"--",
            "건폐율점수":"--",
            "세대당주차수":30,
            "난방방식":30,
            "공급면적":"--",
            "전용률":"--",
            "욕실수":100,
            "현관타입":100,
            "주거총점":35.5,
            "지역구공급총점":0.0,
            "역세권":50,
            "30분내 이동가능 거점":80,
            "1시간내 이동가능 거점":100,
            "교통총점":69.0,
            "백화점":100,
            "아울렛몰":80,
            "대형마트":100,
            "은행":70,
            "병원":60,
            "종합병원":100,
            "공원":100,
            "혐오시설":0,
            "인프라총점":89.0,
            "초등학군":89.36,
            "중학군":41.84,
            "학군총점":51.344,
            "인구수":49.43,
            "인구증감":-8.0,
            "인구총점":32.201,
            "일자리":13.3,
            "소득수준":56.64,
            "일자리총점":26.302,
            "가치 총점":65.6516,
            "매매실거래년":20210515.0,
            "매매실거래가":102500.0,
            "전세실거래년":20210529.0,
            "전세실거래가":38000.0,
            "전세가율":44.19,
            "장기전세가율평균":70.52,
            "전세가율거품지수":26.33,
            "검색코드":18699,
            "세대수":285.0,
            "준공년월":"2007-08-30",
            "준공년차":16.0,
            "가까운역이름":"길음",
            "가까운역거리":592.85,
            "역세권여부":"준역세권",
            "30분이내주요거점역":4,
            "1시간이내주요거점역":11,
            "3km이내백화점수":2,
            "5km이내아울렛몰수":1,
            "1km이내대형먀트수":2,
            "500m이내은행수":3,
            "500m이내병원수":25,
            "5km이내대형병원수":10,
            "500m이내공원수":3,
            "3km이내혐오시설수":0,
            "초등학교학업성취도":89.36,
            "중학교학업성취도":67.8,
            "용적률":661,
            "건폐율":47,
            "Y":37.606514,
            "X":127.030522,
            "rank":44.0,
            "area_info":"32평(105.81), 32평(106.75), 32평(107.44), 39평(129.37), 40평(132.31), 43평(142.77)",
            "last_sales":"2021-05-15,102500.0,40평(132.31)"
        },
        {
            "index":575,
            "아파트명":"종암아이파크2차",
            "투자타입":"일반",
            "전용면적(m2)":"77.53",
            "전용면적(평)":"23평",
            "법정동주소":"서울시 성북구 종암동 131",
            "도로명주소":"서울시 성북구 종암로9길 71",
            "세대수":80,
            "입주년차":40,
            "용적률점수":"--",
            "건폐율점수":"--",
            "세대당주차수":30,
            "난방방식":30,
            "공급면적":"--",
            "전용률":"--",
            "욕실수":100,
            "현관타입":100,
            "주거총점":63.5,
            "지역구공급총점":0.0,
            "역세권":50,
            "30분내 이동가능 거점":40,
            "1시간내 이동가능 거점":100,
            "교통총점":57.0,
            "백화점":100,
            "아울렛몰":80,
            "대형마트":100,
            "은행":0,
            "병원":60,
            "종합병원":100,
            "공원":80,
            "혐오시설":0,
            "인프라총점":81.4,
            "초등학군":88.12,
            "중학군":48.44,
            "학군총점":56.376,
            "인구수":49.43,
            "인구증감":-8.0,
            "인구총점":32.201,
            "일자리":13.3,
            "소득수준":56.64,
            "일자리총점":26.302,
            "가치 총점":65.5264,
            "매매실거래년":20211215.0,
            "매매실거래가":102000.0,
            "전세실거래년":20210908.0,
            "전세실거래가":55000.0,
            "전세가율":71.43,
            "장기전세가율평균":70.52,
            "전세가율거품지수":-0.91,
            "검색코드":11635,
            "세대수":782.0,
            "준공년월":"2005-09-30",
            "준공년차":18.0,
            "가까운역이름":"고려대",
            "가까운역거리":832.56,
            "역세권여부":"준역세권",
            "30분이내주요거점역":2,
            "1시간이내주요거점역":10,
            "3km이내백화점수":3,
            "5km이내아울렛몰수":1,
            "1km이내대형먀트수":2,
            "500m이내은행수":1,
            "500m이내병원수":17,
            "5km이내대형병원수":9,
            "500m이내공원수":1,
            "3km이내혐오시설수":0,
            "초등학교학업성취도":88.12,
            "중학교학업성취도":77.4,
            "용적률":227,
            "건폐율":17,
            "Y":37.596999,
            "X":127.031586,
            "rank":45.0,
            "area_info":"23평(77.53), 23평(78.54), 31평(105.2), 41평(137.35)",
            "last_sales":"2021-12-15,102000.0,31평(105.2)"
        },
        {
            "index":36,
            "아파트명":"길음뉴타운8단지래미안",
            "투자타입":"일반",
            "전용면적(m2)":"80.74",
            "전용면적(평)":"24평",
            "법정동주소":"서울시 성북구 길음동 1284",
            "도로명주소":"서울시 성북구 길음로 33",
            "세대수":90,
            "입주년차":60,
            "용적률점수":"--",
            "건폐율점수":"--",
            "세대당주차수":30,
            "난방방식":30,
            "공급면적":"--",
            "전용률":"--",
            "욕실수":100,
            "현관타입":100,
            "주거총점":71.0,
            "지역구공급총점":0.0,
            "역세권":50,
            "30분내 이동가능 거점":20,
            "1시간내 이동가능 거점":100,
            "교통총점":51.0,
            "백화점":100,
            "아울렛몰":80,
            "대형마트":80,
            "은행":20,
            "병원":60,
            "종합병원":100,
            "공원":100,
            "혐오시설":0,
            "인프라총점":81.0,
            "초등학군":89.44,
            "중학군":53.6,
            "학군총점":60.768,
            "인구수":49.43,
            "인구증감":-8.0,
            "인구총점":32.201,
            "일자리":13.3,
            "소득수준":56.64,
            "일자리총점":26.302,
            "가치 총점":65.4652,
            "매매실거래년":20211218.0,
            "매매실거래가":142000.0,
            "전세실거래년":20220104.0,
            "전세실거래가":47250.0,
            "전세가율":50.27,
            "장기전세가율평균":70.52,
            "전세가율거품지수":20.25,
            "검색코드":26159,
            "세대수":1497.0,
            "준공년월":"2010-06-30",
            "준공년차":13.0,
            "가까운역이름":"길음",
            "가까운역거리":647.4,
            "역세권여부":"준역세권",
            "30분이내주요거점역":1,
            "1시간이내주요거점역":10,
            "3km이내백화점수":2,
            "5km이내아울렛몰수":1,
            "1km이내대형먀트수":1,
            "500m이내은행수":2,
            "500m이내병원수":25,
            "5km이내대형병원수":9,
            "500m이내공원수":10,
            "3km이내혐오시설수":0,
            "초등학교학업성취도":89.44,
            "중학교학업성취도":88.0,
            "용적률":223,
            "건폐율":19,
            "Y":37.607206,
            "X":127.019484,
            "rank":46.0,
            "area_info":"24평(80.74), 24평(81.11), 25평(84.58), 25평(85.54), 25평(85.55), 33평(111.43), 33평(112.17), 33평(112.33), 43평(144.8), 43평(145.42), 43평(145.43), 44평(145.96)",
            "last_sales":"2021-12-18,142000.0,43평(145.43)"
        },
        {
            "index":595,
            "아파트명":"동신",
            "투자타입":"일반",
            "전용면적(m2)":"84.82",
            "전용면적(평)":"25평",
            "법정동주소":"서울시 성북구 하월곡동 219",
            "도로명주소":"서울시 성북구 오패산로3길 17",
            "세대수":80,
            "입주년차":0,
            "용적률점수":"--",
            "건폐율점수":"--",
            "세대당주차수":0,
            "난방방식":30,
            "공급면적":"--",
            "전용률":"--",
            "욕실수":100,
            "현관타입":10,
            "주거총점":42.0,
            "지역구공급총점":0.0,
            "역세권":50,
            "30분내 이동가능 거점":60,
            "1시간내 이동가능 거점":100,
            "교통총점":63.0,
            "백화점":100,
            "아울렛몰":80,
            "대형마트":100,
            "은행":70,
            "병원":80,
            "종합병원":100,
            "공원":100,
            "혐오시설":0,
            "인프라총점":91.0,
            "초등학군":89.36,
            "중학군":41.84,
            "학군총점":51.344,
            "인구수":49.43,
            "인구증감":-8.0,
            "인구총점":32.201,
            "일자리":13.3,
            "소득수준":56.64,
            "일자리총점":26.302,
            "가치 총점":65.4516,
            "매매실거래년":20220104.0,
            "매매실거래가":66500.0,
            "전세실거래년":20220110.0,
            "전세실거래가":47000.0,
            "전세가율":70.68,
            "장기전세가율평균":70.52,
            "전세가율거품지수":-0.16,
            "검색코드":1194,
            "세대수":746.0,
            "준공년월":"1998-07-01",
            "준공년차":25.0,
            "가까운역이름":"월곡",
            "가까운역거리":627.85,
            "역세권여부":"준역세권",
            "30분이내주요거점역":3,
            "1시간이내주요거점역":10,
            "3km이내백화점수":3,
            "5km이내아울렛몰수":1,
            "1km이내대형먀트수":3,
            "500m이내은행수":3,
            "500m이내병원수":39,
            "5km이내대형병원수":11,
            "500m이내공원수":3,
            "3km이내혐오시설수":0,
            "초등학교학업성취도":89.36,
            "중학교학업성취도":67.8,
            "용적률":395,
            "건폐율":19,
            "Y":37.604597,
            "X":127.035224,
            "rank":47.0,
            "area_info":"25평(84.82), 32평(108.08), 42평(140.99), 42평(141.0)",
            "last_sales":"2022-01-04,66500.0,25평(84.82)"
        },
        {
            "index":396,
            "아파트명":"길음뉴타운경남아너스빌",
            "투자타입":"일반",
            "전용면적(m2)":"65.69",
            "전용면적(평)":"19평",
            "법정동주소":"서울시 성북구 정릉동 1015",
            "도로명주소":"서울시 성북구 정릉로 305",
            "세대수":80,
            "입주년차":20,
            "용적률점수":"--",
            "건폐율점수":"--",
            "세대당주차수":0,
            "난방방식":30,
            "공급면적":"--",
            "전용률":"--",
            "욕실수":50,
            "현관타입":10,
            "주거총점":41.0,
            "지역구공급총점":0.0,
            "역세권":80,
            "30분내 이동가능 거점":40,
            "1시간내 이동가능 거점":100,
            "교통총점":72.0,
            "백화점":100,
            "아울렛몰":80,
            "대형마트":0,
            "은행":70,
            "병원":80,
            "종합병원":100,
            "공원":100,
            "혐오시설":0,
            "인프라총점":76.0,
            "초등학군":87.32,
            "중학군":51.3,
            "학군총점":58.504,
            "인구수":49.43,
            "인구증감":-8.0,
            "인구총점":32.201,
            "일자리":13.3,
            "소득수준":56.64,
            "일자리총점":26.302,
            "가치 총점":64.9756,
            "매매실거래년":20211216.0,
            "매매실거래가":59000.0,
            "전세실거래년":20211127.0,
            "전세실거래가":22050.0,
            "전세가율":37.37,
            "장기전세가율평균":70.52,
            "전세가율거품지수":33.15,
            "검색코드":586,
            "세대수":866.0,
            "준공년월":"1999-06-19",
            "준공년차":24.0,
            "가까운역이름":"정릉",
            "가까운역거리":346.9,
            "역세권여부":"역세권",
            "30분이내주요거점역":2,
            "1시간이내주요거점역":11,
            "3km이내백화점수":2,
            "5km이내아울렛몰수":1,
            "1km이내대형먀트수":0,
            "500m이내은행수":4,
            "500m이내병원수":32,
            "5km이내대형병원수":9,
            "500m이내공원수":7,
            "3km이내혐오시설수":0,
            "초등학교학업성취도":87.32,
            "중학교학업성취도":83.3,
            "용적률":327,
            "건폐율":22,
            "Y":37.604024,
            "X":127.017111,
            "rank":48.0,
            "area_info":"19평(65.69), 21평(72.41), 24평(81.0), 32평(108.76), 32평(108.75), 32평(108.76), 32평(108.75), 42평(141.5)",
            "last_sales":"2021-12-16,59000.0,19평(65.69)"
        },
        {
            "index":392,
            "아파트명":"길음뉴타운10단지라온유",
            "투자타입":"일반",
            "전용면적(m2)":"109.74",
            "전용면적(평)":"33평",
            "법정동주소":"서울시 성북구 정릉동 1034",
            "도로명주소":"서울시 성북구 정릉로 307",
            "세대수":0,
            "입주년차":40,
            "용적률점수":"--",
            "건폐율점수":"--",
            "세대당주차수":60,
            "난방방식":30,
            "공급면적":"--",
            "전용률":"--",
            "욕실수":100,
            "현관타입":100,
            "주거총점":40.0,
            "지역구공급총점":0.0,
            "역세권":80,
            "30분내 이동가능 거점":40,
            "1시간내 이동가능 거점":100,
            "교통총점":72.0,
            "백화점":100,
            "아울렛몰":80,
            "대형마트":0,
            "은행":70,
            "병원":80,
            "종합병원":100,
            "공원":100,
            "혐오시설":0,
            "인프라총점":76.0,
            "초등학군":87.32,
            "중학군":51.3,
            "학군총점":58.504,
            "인구수":49.43,
            "인구증감":-8.0,
            "인구총점":32.201,
            "일자리":13.3,
            "소득수준":56.64,
            "일자리총점":26.302,
            "가치 총점":64.7756,
            "매매실거래년":20210214.0,
            "매매실거래가":98900.0,
            "전세실거래년":20210618.0,
            "전세실거래가":33750.0,
            "전세가율":53.15,
            "장기전세가율평균":70.52,
            "전세가율거품지수":17.37,
            "검색코드":26162,
            "세대수":236.0,
            "준공년월":"2008-10-08",
            "준공년차":15.0,
            "가까운역이름":"정릉",
            "가까운역거리":447.27,
            "역세권여부":"역세권",
            "30분이내주요거점역":2,
            "1시간이내주요거점역":11,
            "3km이내백화점수":2,
            "5km이내아울렛몰수":1,
            "1km이내대형먀트수":0,
            "500m이내은행수":4,
            "500m이내병원수":38,
            "5km이내대형병원수":9,
            "500m이내공원수":7,
            "3km이내혐오시설수":0,
            "초등학교학업성취도":87.32,
            "중학교학업성취도":83.3,
            "용적률":359,
            "건폐율":23,
            "Y":37.603315,
            "X":127.018525,
            "rank":49.0,
            "area_info":"33평(109.74), 33평(109.3), 34평(112.59), 43평(144.21)",
            "last_sales":"2021-02-14,98900.0,43평(144.21)"
        },
        {
            "index":141,
            "아파트명":"돈암힐스테이트",
            "투자타입":"일반",
            "전용면적(m2)":"76.3",
            "전용면적(평)":"23평",
            "법정동주소":"서울시 성북구 돈암동 639",
            "도로명주소":"서울시 성북구 아리랑로 68",
            "세대수":0,
            "입주년차":40,
            "용적률점수":"--",
            "건폐율점수":"--",
            "세대당주차수":30,
            "난방방식":30,
            "공급면적":"--",
            "전용률":"--",
            "욕실수":100,
            "현관타입":100,
            "주거총점":35.5,
            "지역구공급총점":0.0,
            "역세권":80,
            "30분내 이동가능 거점":80,
            "1시간내 이동가능 거점":100,
            "교통총점":84.0,
            "백화점":100,
            "아울렛몰":80,
            "대형마트":0,
            "은행":0,
            "병원":60,
            "종합병원":100,
            "공원":0,
            "혐오시설":0,
            "인프라총점":64.0,
            "초등학군":88.49,
            "중학군":51.3,
            "학군총점":58.738,
            "인구수":49.43,
            "인구증감":-8.0,
            "인구총점":32.201,
            "일자리":13.3,
            "소득수준":56.64,
            "일자리총점":26.302,
            "가치 총점":64.5107,
            "매매실거래년":20210821.0,
            "매매실거래가":88000.0,
            "전세실거래년":20210909.0,
            "전세실거래가":38000.0,
            "전세가율":43.18,
            "장기전세가율평균":70.52,
            "전세가율거품지수":27.34,
            "검색코드":22106,
            "세대수":200.0,
            "준공년월":"2007-04-18",
            "준공년차":16.0,
            "가까운역이름":"정릉",
            "가까운역거리":487.66,
            "역세권여부":"역세권",
            "30분이내주요거점역":4,
            "1시간이내주요거점역":10,
            "3km이내백화점수":2,
            "5km이내아울렛몰수":1,
            "1km이내대형먀트수":0,
            "500m이내은행수":0,
            "500m이내병원수":14,
            "5km이내대형병원수":9,
            "500m이내공원수":0,
            "3km이내혐오시설수":0,
            "초등학교학업성취도":88.49,
            "중학교학업성취도":83.3,
            "용적률":231,
            "건폐율":22,
            "Y":37.59861,
            "X":127.015133,
            "rank":50.0,
            "area_info":"23평(76.3), 23평(76.63), 31평(102.73), 31평(103.06), 40평(132.92)",
            "last_sales":"2021-08-21,88000.0,23평(76.3)"
        },
        {
            "index":485,
            "아파트명":"정릉푸르지오",
            "투자타입":"일반",
            "전용면적(m2)":"78.36",
            "전용면적(평)":"23평",
            "법정동주소":"서울시 성북구 정릉동 406",
            "도로명주소":"서울시 성북구 보국문로 19",
            "세대수":50,
            "입주년차":40,
            "용적률점수":"--",
            "건폐율점수":"--",
            "세대당주차수":30,
            "난방방식":30,
            "공급면적":"--",
            "전용률":"--",
            "욕실수":50,
            "현관타입":100,
            "주거총점":48.0,
            "지역구공급총점":0.0,
            "역세권":80,
            "30분내 이동가능 거점":40,
            "1시간내 이동가능 거점":100,
            "교통총점":72.0,
            "백화점":100,
            "아울렛몰":80,
            "대형마트":0,
            "은행":20,
            "병원":80,
            "종합병원":100,
            "공원":100,
            "혐오시설":0,
            "인프라총점":71.0,
            "초등학군":83.56,
            "중학군":48.22,
            "학군총점":55.288,
            "인구수":49.43,
            "인구증감":-8.0,
            "인구총점":32.201,
            "일자리":13.3,
            "소득수준":56.64,
            "일자리총점":26.302,
            "가치 총점":64.3932,
            "매매실거래년":20211006.0,
            "매매실거래가":82000.0,
            "전세실거래년":20211109.0,
            "전세실거래가":40000.0,
            "전세가율":48.78,
            "장기전세가율평균":70.52,
            "전세가율거품지수":21.74,
            "검색코드":13846,
            "세대수":403.0,
            "준공년월":"2005-11-28",
            "준공년차":18.0,
            "가까운역이름":"정릉",
            "가까운역거리":495.62,
            "역세권여부":"역세권",
            "30분이내주요거점역":2,
            "1시간이내주요거점역":11,
            "3km이내백화점수":2,
            "5km이내아울렛몰수":1,
            "1km이내대형먀트수":0,
            "500m이내은행수":2,
            "500m이내병원수":34,
            "5km이내대형병원수":9,
            "500m이내공원수":2,
            "3km이내혐오시설수":0,
            "초등학교학업성취도":83.56,
            "중학교학업성취도":79.3,
            "용적률":249,
            "건폐율":18,
            "Y":37.606317,
            "X":127.010037,
            "rank":51.0,
            "area_info":"23평(78.36), 23평(78.36), 32평(106.79), 41평(135.59), 41평(135.59)",
            "last_sales":"2021-10-06,82000.0,23평(78.36)"
        },
        {
            "index":173,
            "아파트명":"현대저층",
            "투자타입":"재건축",
            "전용면적(m2)":"58.41",
            "전용면적(평)":"17평",
            "법정동주소":"서울시 성북구 돈암동 625-5",
            "도로명주소":"서울시 성북구 정릉로46길 17",
            "세대수":0,
            "입주년차":"--",
            "용적률점수":0,
            "건폐율점수":0,
            "세대당주차수":"--",
            "난방방식":"--",
            "공급면적":50,
            "전용률":80,
            "욕실수":"--",
            "현관타입":"--",
            "주거총점":6.5,
            "지역구공급총점":0.0,
            "역세권":80,
            "30분내 이동가능 거점":80,
            "1시간내 이동가능 거점":100,
            "교통총점":84.0,
            "백화점":100,
            "아울렛몰":80,
            "대형마트":80,
            "은행":20,
            "병원":80,
            "종합병원":100,
            "공원":100,
            "혐오시설":0,
            "인프라총점":83.0,
            "초등학군":84.73,
            "중학군":51.3,
            "학군총점":57.986,
            "인구수":49.43,
            "인구증감":-8.0,
            "인구총점":32.201,
            "일자리":13.3,
            "소득수준":56.64,
            "일자리총점":26.302,
            "가치 총점":64.2979,
            "매매실거래년":"18000101",
            "매매실거래가":null,
            "전세실거래년":null,
            "전세실거래가":null,
            "전세가율":null,
            "장기전세가율평균":70.52,
            "전세가율거품지수":null,
            "검색코드":11788,
            "세대수":203.0,
            "준공년월":"1981-04-30",
            "준공년차":42.0,
            "가까운역이름":"길음",
            "가까운역거리":290.03,
            "역세권여부":"역세권",
            "30분이내주요거점역":4,
            "1시간이내주요거점역":13,
            "3km이내백화점수":3,
            "5km이내아울렛몰수":1,
            "1km이내대형먀트수":1,
            "500m이내은행수":2,
            "500m이내병원수":34,
            "5km이내대형병원수":9,
            "500m이내공원수":4,
            "3km이내혐오시설수":0,
            "초등학교학업성취도":84.73,
            "중학교학업성취도":83.3,
            "용적률":0,
            "건폐율":0,
            "Y":37.600808,
            "X":127.024775,
            "rank":52.0,
            "area_info":"17평(58.41), 22평(74.95), 26평(87.83), 29평(98.74), 32평(108.33)",
            "last_sales":"1800-01-01,nan,17평(58.41)"
        },
        {
            "index":431,
            "아파트명":"정릉꿈에그린",
            "투자타입":"일반",
            "전용면적(m2)":"72.91",
            "전용면적(평)":"22평",
            "법정동주소":"서울시 성북구 정릉동 1037",
            "도로명주소":"서울시 성북구 아리랑로19가길 20",
            "세대수":30,
            "입주년차":80,
            "용적률점수":"--",
            "건폐율점수":"--",
            "세대당주차수":30,
            "난방방식":30,
            "공급면적":"--",
            "전용률":"--",
            "욕실수":50,
            "현관타입":100,
            "주거총점":49.0,
            "지역구공급총점":0.0,
            "역세권":80,
            "30분내 이동가능 거점":40,
            "1시간내 이동가능 거점":100,
            "교통총점":72.0,
            "백화점":100,
            "아울렛몰":80,
            "대형마트":0,
            "은행":0,
            "병원":60,
            "종합병원":100,
            "공원":100,
            "혐오시설":0,
            "인프라총점":67.0,
            "초등학군":87.32,
            "중학군":51.3,
            "학군총점":58.504,
            "인구수":49.43,
            "인구증감":-8.0,
            "인구총점":32.201,
            "일자리":13.3,
            "소득수준":56.64,
            "일자리총점":26.302,
            "가치 총점":63.8756,
            "매매실거래년":20210508.0,
            "매매실거래가":110000.0,
            "전세실거래년":20190807.0,
            "전세실거래가":45000.0,
            "전세가율":109.76,
            "장기전세가율평균":70.52,
            "전세가율거품지수":-39.24,
            "검색코드":109073,
            "세대수":349.0,
            "준공년월":"2015-04-30",
            "준공년차":8.0,
            "가까운역이름":"정릉",
            "가까운역거리":212.31,
            "역세권여부":"역세권",
            "30분이내주요거점역":2,
            "1시간이내주요거점역":12,
            "3km이내백화점수":2,
            "5km이내아울렛몰수":1,
            "1km이내대형먀트수":0,
            "500m이내은행수":1,
            "500m이내병원수":16,
            "5km이내대형병원수":9,
            "500m이내공원수":2,
            "3km이내혐오시설수":0,
            "초등학교학업성취도":87.32,
            "중학교학업성취도":83.3,
            "용적률":257,
            "건폐율":33,
            "Y":37.60185,
            "X":127.011398,
            "rank":53.0,
            "area_info":"22평(72.91), 24평(81.41), 26평(86.15), 26평(86.64), 26평(87.23), 34평(114.34), 34평(115.49), 34평(115.1), 44평(147.51)",
            "last_sales":"2021-05-08,110000.0,44평(147.51)"
        },
        {
            "index":512,
            "아파트명":"중앙하이츠빌2단지",
            "투자타입":"일반",
            "전용면적(m2)":"63.76",
            "전용면적(평)":"19평",
            "법정동주소":"서울시 성북구 정릉동 435",
            "도로명주소":"서울시 성북구 정릉로26길 8",
            "세대수":80,
            "입주년차":40,
            "용적률점수":"--",
            "건폐율점수":"--",
            "세대당주차수":30,
            "난방방식":30,
            "공급면적":"--",
            "전용률":"--",
            "욕실수":50,
            "현관타입":10,
            "주거총점":49.5,
            "지역구공급총점":0.0,
            "역세권":80,
            "30분내 이동가능 거점":40,
            "1시간내 이동가능 거점":100,
            "교통총점":72.0,
            "백화점":100,
            "아울렛몰":80,
            "대형마트":0,
            "은행":0,
            "병원":60,
            "종합병원":100,
            "공원":100,
            "혐오시설":0,
            "인프라총점":67.0,
            "초등학군":83.56,
            "중학군":48.22,
            "학군총점":55.288,
            "인구수":49.43,
            "인구증감":-8.0,
            "인구총점":32.201,
            "일자리":13.3,
            "소득수준":56.64,
            "일자리총점":26.302,
            "가치 총점":63.4932,
            "매매실거래년":20201226.0,
            "매매실거래가":99000.0,
            "전세실거래년":20210304.0,
            "전세실거래가":28000.0,
            "전세가율":81.63,
            "장기전세가율평균":70.52,
            "전세가율거품지수":-11.11,
            "검색코드":11638,
            "세대수":745.0,
            "준공년월":"2005-11-16",
            "준공년차":18.0,
            "가까운역이름":"정릉",
            "가까운역거리":300.66,
            "역세권여부":"역세권",
            "30분이내주요거점역":2,
            "1시간이내주요거점역":12,
            "3km이내백화점수":2,
            "5km이내아울렛몰수":1,
            "1km이내대형먀트수":0,
            "500m이내은행수":1,
            "500m이내병원수":26,
            "5km이내대형병원수":9,
            "500m이내공원수":2,
            "3km이내혐오시설수":0,
            "초등학교학업성취도":83.56,
            "중학교학업성취도":79.3,
            "용적률":263,
            "건폐율":18,
            "Y":37.603941,
            "X":127.010397,
            "rank":54.0,
            "area_info":"19평(63.76), 24평(80.9), 25평(83.06), 26평(86.22), 26평(87.09), 26평(87.09), 28평(94.48), 32평(107.01), 32평(107.01), 34평(113.68), 34평(114.6), 36평(120.78), 41평(135.86), 50평(165.69)",
            "last_sales":"2020-12-26,99000.0,50평(165.69)"
        },
        {
            "index":423,
            "아파트명":"정릉e-편한세상2차",
            "투자타입":"일반",
            "전용면적(m2)":"74.64",
            "전용면적(평)":"22평",
            "법정동주소":"서울시 성북구 정릉동 1035",
            "도로명주소":"서울시 성북구 북악산로 851",
            "세대수":50,
            "입주년차":60,
            "용적률점수":"--",
            "건폐율점수":"--",
            "세대당주차수":30,
            "난방방식":30,
            "공급면적":"--",
            "전용률":"--",
            "욕실수":50,
            "현관타입":100,
            "주거총점":52.0,
            "지역구공급총점":0.0,
            "역세권":50,
            "30분내 이동가능 거점":80,
            "1시간내 이동가능 거점":100,
            "교통총점":69.0,
            "백화점":100,
            "아울렛몰":80,
            "대형마트":0,
            "은행":0,
            "병원":60,
            "종합병원":100,
            "공원":100,
            "혐오시설":0,
            "인프라총점":67.0,
            "초등학군":88.96,
            "중학군":51.3,
            "학군총점":58.832,
            "인구수":49.43,
            "인구증감":-8.0,
            "인구총점":32.201,
            "일자리":13.3,
            "소득수준":56.64,
            "일자리총점":26.302,
            "가치 총점":63.4748,
            "매매실거래년":20200617.0,
            "매매실거래가":84900.0,
            "전세실거래년":20130531.0,
            "전세실거래가":23000.0,
            "전세가율":56.37,
            "장기전세가율평균":70.52,
            "전세가율거품지수":14.15,
            "검색코드":25782,
            "세대수":527.0,
            "준공년월":"2009-06-08",
            "준공년차":14.0,
            "가까운역이름":"길음",
            "가까운역거리":615.94,
            "역세권여부":"준역세권",
            "30분이내주요거점역":4,
            "1시간이내주요거점역":10,
            "3km이내백화점수":2,
            "5km이내아울렛몰수":1,
            "1km이내대형먀트수":0,
            "500m이내은행수":1,
            "500m이내병원수":27,
            "5km이내대형병원수":10,
            "500m이내공원수":2,
            "3km이내혐오시설수":0,
            "초등학교학업성취도":88.96,
            "중학교학업성취도":83.3,
            "용적률":235,
            "건폐율":23,
            "Y":37.599963,
            "X":127.019577,
            "rank":55.0,
            "area_info":"22평(74.64), 23평(78.35), 23평(78.9), 34평(113.83), 34평(115.56), 41평(136.52), 41평(138.78), 43평(142.92)",
            "last_sales":"2020-06-17,84900.0,43평(142.92)"
        },
        {
            "index":499,
            "아파트명":"정릉힐스테이트",
            "투자타입":"일반",
            "전용면적(m2)":"86.94",
            "전용면적(평)":"26평",
            "법정동주소":"서울시 성북구 정릉동 1025",
            "도로명주소":"서울시 성북구 정릉로 292",
            "세대수":30,
            "입주년차":40,
            "용적률점수":"--",
            "건폐율점수":"--",
            "세대당주차수":30,
            "난방방식":30,
            "공급면적":"--",
            "전용률":"--",
            "욕실수":100,
            "현관타입":100,
            "주거총점":46.0,
            "지역구공급총점":0.0,
            "역세권":80,
            "30분내 이동가능 거점":40,
            "1시간내 이동가능 거점":100,
            "교통총점":72.0,
            "백화점":100,
            "아울렛몰":80,
            "대형마트":0,
            "은행":0,
            "병원":60,
            "종합병원":100,
            "공원":100,
            "혐오시설":0,
            "인프라총점":67.0,
            "초등학군":87.32,
            "중학군":51.3,
            "학군총점":58.504,
            "인구수":49.43,
            "인구증감":-8.0,
            "인구총점":32.201,
            "일자리":13.3,
            "소득수준":56.64,
            "일자리총점":26.302,
            "가치 총점":63.2756,
            "매매실거래년":20210723.0,
            "매매실거래가":95000.0,
            "전세실거래년":20211122.0,
            "전세실거래가":50000.0,
            "전세가율":73.53,
            "장기전세가율평균":70.52,
            "전세가율거품지수":-3.01,
            "검색코드":11213,
            "세대수":355.0,
            "준공년월":"2004-12-23",
            "준공년차":19.0,
            "가까운역이름":"정릉",
            "가까운역거리":184.85,
            "역세권여부":"역세권",
            "30분이내주요거점역":2,
            "1시간이내주요거점역":12,
            "3km이내백화점수":2,
            "5km이내아울렛몰수":1,
            "1km이내대형먀트수":0,
            "500m이내은행수":1,
            "500m이내병원수":27,
            "5km이내대형병원수":10,
            "500m이내공원수":2,
            "3km이내혐오시설수":0,
            "초등학교학업성취도":87.32,
            "중학교학업성취도":83.3,
            "용적률":299,
            "건폐율":19,
            "Y":37.602876,
            "X":127.015586,
            "rank":56.0,
            "area_info":"26평(86.94), 34평(112.66)",
            "last_sales":"2021-07-23,95000.0,34평(112.66)"
        },
        {
            "index":453,
            "아파트명":"정릉스카이쌍용",
            "투자타입":"일반",
            "전용면적(m2)":"87.41",
            "전용면적(평)":"26평",
            "법정동주소":"서울시 성북구 정릉동 1014",
            "도로명주소":"서울시 성북구 북악산로 828",
            "세대수":50,
            "입주년차":20,
            "용적률점수":"--",
            "건폐율점수":"--",
            "세대당주차수":30,
            "난방방식":30,
            "공급면적":"--",
            "전용률":"--",
            "욕실수":50,
            "현관타입":10,
            "주거총점":35.0,
            "지역구공급총점":0.0,
            "역세권":80,
            "30분내 이동가능 거점":60,
            "1시간내 이동가능 거점":100,
            "교통총점":78.0,
            "백화점":100,
            "아울렛몰":80,
            "대형마트":0,
            "은행":0,
            "병원":60,
            "종합병원":100,
            "공원":80,
            "혐오시설":0,
            "인프라총점":66.4,
            "초등학군":88.96,
            "중학군":51.3,
            "학군총점":58.832,
            "인구수":49.43,
            "인구증감":-8.0,
            "인구총점":32.201,
            "일자리":13.3,
            "소득수준":56.64,
            "일자리총점":26.302,
            "가치 총점":63.0448,
            "매매실거래년":20210829.0,
            "매매실거래가":94500.0,
            "전세실거래년":20211204.0,
            "전세실거래가":40000.0,
            "전세가율":61.82,
            "장기전세가율평균":70.52,
            "전세가율거품지수":8.7,
            "검색코드":587,
            "세대수":406.0,
            "준공년월":"1999-02-12",
            "준공년차":24.0,
            "가까운역이름":"정릉",
            "가까운역거리":367.75,
            "역세권여부":"역세권",
            "30분이내주요거점역":3,
            "1시간이내주요거점역":12,
            "3km이내백화점수":2,
            "5km이내아울렛몰수":1,
            "1km이내대형먀트수":0,
            "500m이내은행수":1,
            "500m이내병원수":20,
            "5km이내대형병원수":9,
            "500m이내공원수":1,
            "3km이내혐오시설수":0,
            "초등학교학업성취도":88.96,
            "중학교학업성취도":83.3,
            "용적률":373,
            "건폐율":28,
            "Y":37.600222,
            "X":127.016108,
            "rank":57.0,
            "area_info":"26평(87.41), 33평(110.93), 42평(139.26)",
            "last_sales":"2021-08-29,94500.0,42평(139.26)"
        },
        {
            "index":243,
            "아파트명":"아남",
            "투자타입":"일반",
            "전용면적(m2)":"93.95",
            "전용면적(평)":"28평",
            "법정동주소":"서울시 성북구 보문동6가 36-2",
            "도로명주소":"서울시 성북구 보문사길 112",
            "세대수":0,
            "입주년차":0,
            "용적률점수":"--",
            "건폐율점수":"--",
            "세대당주차수":0,
            "난방방식":30,
            "공급면적":"--",
            "전용률":"--",
            "욕실수":50,
            "현관타입":100,
            "주거총점":18.0,
            "지역구공급총점":0.0,
            "역세권":80,
            "30분내 이동가능 거점":80,
            "1시간내 이동가능 거점":100,
            "교통총점":84.0,
            "백화점":100,
            "아울렛몰":80,
            "대형마트":0,
            "은행":70,
            "병원":30,
            "종합병원":100,
            "공원":100,
            "혐오시설":0,
            "인프라총점":71.0,
            "초등학군":87.08,
            "중학군":50.66,
            "학군총점":57.944,
            "인구수":49.43,
            "인구증감":-8.0,
            "인구총점":32.201,
            "일자리":13.3,
            "소득수준":56.64,
            "일자리총점":26.302,
            "가치 총점":62.9916,
            "매매실거래년":20211104.0,
            "매매실거래가":67400.0,
            "전세실거래년":20200229.0,
            "전세실거래가":31000.0,
            "전세가율":48.06,
            "장기전세가율평균":70.52,
            "전세가율거품지수":22.46,
            "검색코드":1180,
            "세대수":218.0,
            "준공년월":"1994-10-10",
            "준공년차":29.0,
            "가까운역이름":"창신",
            "가까운역거리":272.71,
            "역세권여부":"역세권",
            "30분이내주요거점역":4,
            "1시간이내주요거점역":15,
            "3km이내백화점수":1,
            "5km이내아울렛몰수":1,
            "1km이내대형먀트수":0,
            "500m이내은행수":3,
            "500m이내병원수":9,
            "5km이내대형병원수":11,
            "500m이내공원수":3,
            "3km이내혐오시설수":0,
            "초등학교학업성취도":87.08,
            "중학교학업성취도":83.7,
            "용적률":237,
            "건폐율":24,
            "Y":37.581393,
            "X":127.017432,
            "rank":58.0,
            "area_info":"28평(93.95), 30평(101.51), 30평(101.65), 30평(102.26)",
            "last_sales":"2021-11-04,67400.0,30평(101.51)"
        },
        {
            "index":608,
            "아파트명":"삼전솔하임3차(도시형)",
            "투자타입":"일반",
            "전용면적(m2)":"24.86",
            "전용면적(평)":"7평",
            "법정동주소":"서울시 성북구 하월곡동 88-510",
            "도로명주소":"서울시 성북구 동소문로46길 18",
            "세대수":0,
            "입주년차":60,
            "용적률점수":"--",
            "건폐율점수":"--",
            "세대당주차수":0,
            "난방방식":30,
            "공급면적":"--",
            "전용률":"--",
            "욕실수":50,
            "현관타입":10,
            "주거총점":21.0,
            "지역구공급총점":0.0,
            "역세권":50,
            "30분내 이동가능 거점":80,
            "1시간내 이동가능 거점":100,
            "교통총점":69.0,
            "백화점":100,
            "아울렛몰":80,
            "대형마트":100,
            "은행":70,
            "병원":60,
            "종합병원":100,
            "공원":100,
            "혐오시설":0,
            "인프라총점":89.0,
            "초등학군":89.36,
            "중학군":41.84,
            "학군총점":51.344,
            "인구수":49.43,
            "인구증감":-8.0,
            "인구총점":32.201,
            "일자리":13.3,
            "소득수준":56.64,
            "일자리총점":26.302,
            "가치 총점":62.7516,
            "매매실거래년":20211102.0,
            "매매실거래가":12700.0,
            "전세실거래년":20220108.0,
            "전세실거래가":12600.0,
            "전세가율":99.21,
            "장기전세가율평균":70.52,
            "전세가율거품지수":-28.69,
            "검색코드":104690,
            "세대수":190.0,
            "준공년월":"2013-11-11",
            "준공년차":10.0,
            "가까운역이름":"길음",
            "가까운역거리":566.7,
            "역세권여부":"준역세권",
            "30분이내주요거점역":4,
            "1시간이내주요거점역":11,
            "3km이내백화점수":2,
            "5km이내아울렛몰수":1,
            "1km이내대형먀트수":2,
            "500m이내은행수":3,
            "500m이내병원수":26,
            "5km이내대형병원수":10,
            "500m이내공원수":3,
            "3km이내혐오시설수":0,
            "초등학교학업성취도":89.36,
            "중학교학업성취도":67.8,
            "용적률":617,
            "건폐율":48,
            "Y":37.606698,
            "X":127.029965,
            "rank":59.0,
            "area_info":"7평(24.86), 7평(24.74), 7평(24.75), 7평(24.7)",
            "last_sales":"2021-11-02,12700.0,7평(24.86)"
        },
        {
            "index":22,
            "아파트명":"길음뉴타운5단지래미안",
            "투자타입":"일반",
            "전용면적(m2)":"81.01",
            "전용면적(평)":"24평",
            "법정동주소":"서울시 성북구 길음동 1282",
            "도로명주소":"서울시 성북구 길음로 74",
            "세대수":50,
            "입주년차":40,
            "용적률점수":"--",
            "건폐율점수":"--",
            "세대당주차수":30,
            "난방방식":30,
            "공급면적":"--",
            "전용률":"--",
            "욕실수":100,
            "현관타입":100,
            "주거총점":53.0,
            "지역구공급총점":0.0,
            "역세권":50,
            "30분내 이동가능 거점":40,
            "1시간내 이동가능 거점":90,
            "교통총점":55.0,
            "백화점":100,
            "아울렛몰":80,
            "대형마트":80,
            "은행":0,
            "병원":60,
            "종합병원":100,
            "공원":100,
            "혐오시설":0,
            "인프라총점":79.0,
            "초등학군":87.57,
            "중학군":53.6,
            "학군총점":60.394,
            "인구수":49.43,
            "인구증감":-8.0,
            "인구총점":32.201,
            "일자리":13.3,
            "소득수준":56.64,
            "일자리총점":26.302,
            "가치 총점":62.6091,
            "매매실거래년":20211112.0,
            "매매실거래가":115000.0,
            "전세실거래년":20220108.0,
            "전세실거래가":35000.0,
            "전세가율":38.89,
            "장기전세가율평균":70.52,
            "전세가율거품지수":31.63,
            "검색코드":17515,
            "세대수":560.0,
            "준공년월":"2006-06-23",
            "준공년차":17.0,
            "가까운역이름":"길음",
            "가까운역거리":806.5,
            "역세권여부":"준역세권",
            "30분이내주요거점역":2,
            "1시간이내주요거점역":9,
            "3km이내백화점수":2,
            "5km이내아울렛몰수":1,
            "1km이내대형먀트수":1,
            "500m이내은행수":1,
            "500m이내병원수":15,
            "5km이내대형병원수":9,
            "500m이내공원수":9,
            "3km이내혐오시설수":0,
            "초등학교학업성취도":87.57,
            "중학교학업성취도":88.0,
            "용적률":245,
            "건폐율":21,
            "Y":37.609638,
            "X":127.020367,
            "rank":60.0,
            "area_info":"24평(81.01), 33평(109.77), 41평(137.81)",
            "last_sales":"2021-11-12,115000.0,33평(109.77)"
        },
        {
            "index":293,
            "아파트명":"래미안석관",
            "투자타입":"일반",
            "전용면적(m2)":"79.71",
            "전용면적(평)":"24평",
            "법정동주소":"서울시 성북구 석관동 407",
            "도로명주소":"서울시 성북구 화랑로 214",
            "세대수":50,
            "입주년차":60,
            "용적률점수":"--",
            "건폐율점수":"--",
            "세대당주차수":30,
            "난방방식":30,
            "공급면적":"--",
            "전용률":"--",
            "욕실수":100,
            "현관타입":100,
            "주거총점":57.0,
            "지역구공급총점":0.0,
            "역세권":80,
            "30분내 이동가능 거점":20,
            "1시간내 이동가능 거점":100,
            "교통총점":66.0,
            "백화점":100,
            "아울렛몰":0,
            "대형마트":0,
            "은행":70,
            "병원":60,
            "종합병원":100,
            "공원":100,
            "혐오시설":0,
            "인프라총점":66.0,
            "초등학군":88.28,
            "중학군":45.54,
            "학군총점":54.088,
            "인구수":49.43,
            "인구증감":-8.0,
            "인구총점":32.201,
            "일자리":13.3,
            "소득수준":56.64,
            "일자리총점":26.302,
            "가치 총점":62.4132,
            "매매실거래년":20211001.0,
            "매매실거래가":90000.0,
            "전세실거래년":20211212.0,
            "전세실거래가":42000.0,
            "전세가율":46.67,
            "장기전세가율평균":70.52,
            "전세가율거품지수":23.85,
            "검색코드":25948,
            "세대수":580.0,
            "준공년월":"2009-06-26",
            "준공년차":14.0,
            "가까운역이름":"돌곶이",
            "가까운역거리":302.26,
            "역세권여부":"역세권",
            "30분이내주요거점역":1,
            "1시간이내주요거점역":11,
            "3km이내백화점수":2,
            "5km이내아울렛몰수":0,
            "1km이내대형먀트수":0,
            "500m이내은행수":3,
            "500m이내병원수":20,
            "5km이내대형병원수":13,
            "500m이내공원수":4,
            "3km이내혐오시설수":0,
            "초등학교학업성취도":88.28,
            "중학교학업성취도":74.7,
            "용적률":230,
            "건폐율":24,
            "Y":37.608303,
            "X":127.054476,
            "rank":61.0,
            "area_info":"24평(79.71), 24평(80.0), 32평(107.65), 32평(108.4), 41평(136.98)",
            "last_sales":"2021-10-01,90000.0,24평(79.71)"
        },
        {
            "index":462,
            "아파트명":"정릉우성",
            "투자타입":"일반",
            "전용면적(m2)":"62.29",
            "전용면적(평)":"18평",
            "법정동주소":"서울시 성북구 정릉동 1020",
            "도로명주소":"서울시 성북구 북악산로 813",
            "세대수":80,
            "입주년차":20,
            "용적률점수":"--",
            "건폐율점수":"--",
            "세대당주차수":0,
            "난방방식":30,
            "공급면적":"--",
            "전용률":"--",
            "욕실수":50,
            "현관타입":10,
            "주거총점":41.0,
            "지역구공급총점":0.0,
            "역세권":80,
            "30분내 이동가능 거점":40,
            "1시간내 이동가능 거점":100,
            "교통총점":72.0,
            "백화점":100,
            "아울렛몰":80,
            "대형마트":0,
            "은행":0,
            "병원":60,
            "종합병원":100,
            "공원":100,
            "혐오시설":0,
            "인프라총점":67.0,
            "초등학군":88.49,
            "중학군":51.3,
            "학군총점":58.738,
            "인구수":49.43,
            "인구증감":-8.0,
            "인구총점":32.201,
            "일자리":13.3,
            "소득수준":56.64,
            "일자리총점":26.302,
            "가치 총점":62.3107,
            "매매실거래년":20211218.0,
            "매매실거래가":77000.0,
            "전세실거래년":20210930.0,
            "전세실거래가":22000.0,
            "전세가율":40.37,
            "장기전세가율평균":70.52,
            "전세가율거품지수":30.15,
            "검색코드":590,
            "세대수":823.0,
            "준공년월":"2000-02-12",
            "준공년차":23.0,
            "가까운역이름":"정릉",
            "가까운역거리":275.81,
            "역세권여부":"역세권",
            "30분이내주요거점역":2,
            "1시간이내주요거점역":12,
            "3km이내백화점수":2,
            "5km이내아울렛몰수":1,
            "1km이내대형먀트수":0,
            "500m이내은행수":1,
            "500m이내병원수":21,
            "5km이내대형병원수":9,
            "500m이내공원수":2,
            "3km이내혐오시설수":0,
            "초등학교학업성취도":88.49,
            "중학교학업성취도":83.3,
            "용적률":309,
            "건폐율":27,
            "Y":37.60101,
            "X":127.01566,
            "rank":62.0,
            "area_info":"18평(62.29), 23평(76.9), 23평(76.6), 31평(102.93), 31평(103.2), 40평(134.63)",
            "last_sales":"2021-12-18,77000.0,31평(103.2)"
        },
        {
            "index":532,
            "아파트명":"고려",
            "투자타입":"재건축",
            "전용면적(m2)":"53.57",
            "전용면적(평)":"16평",
            "법정동주소":"서울시 성북구 종암동 125-1",
            "도로명주소":"서울시 성북구 종암로19다길 42-12",
            "세대수":0,
            "입주년차":"--",
            "용적률점수":80,
            "건폐율점수":0,
            "세대당주차수":"--",
            "난방방식":"--",
            "공급면적":50,
            "전용률":100,
            "욕실수":"--",
            "현관타입":"--",
            "주거총점":39.5,
            "지역구공급총점":0.0,
            "역세권":50,
            "30분내 이동가능 거점":60,
            "1시간내 이동가능 거점":100,
            "교통총점":63.0,
            "백화점":100,
            "아울렛몰":80,
            "대형마트":80,
            "은행":0,
            "병원":30,
            "종합병원":100,
            "공원":100,
            "혐오시설":0,
            "인프라총점":76.0,
            "초등학군":84.73,
            "중학군":54.42,
            "학군총점":60.482,
            "인구수":49.43,
            "인구증감":-8.0,
            "인구총점":32.201,
            "일자리":13.3,
            "소득수준":56.64,
            "일자리총점":26.302,
            "가치 총점":61.8223,
            "매매실거래년":20210809.0,
            "매매실거래가":44700.0,
            "전세실거래년":20220107.0,
            "전세실거래가":10000.0,
            "전세가율":31.25,
            "장기전세가율평균":70.52,
            "전세가율거품지수":39.27,
            "검색코드":11440,
            "세대수":140.0,
            "준공년월":"1983-11-04",
            "준공년차":40.0,
            "가까운역이름":"길음",
            "가까운역거리":521.67,
            "역세권여부":"준역세권",
            "30분이내주요거점역":3,
            "1시간이내주요거점역":10,
            "3km이내백화점수":3,
            "5km이내아울렛몰수":1,
            "1km이내대형먀트수":1,
            "500m이내은행수":0,
            "500m이내병원수":6,
            "5km이내대형병원수":9,
            "500m이내공원수":4,
            "3km이내혐오시설수":0,
            "초등학교학업성취도":84.73,
            "중학교학업성취도":88.7,
            "용적률":155,
            "건폐율":0,
            "Y":37.599156,
            "X":127.027558,
            "rank":63.0,
            "area_info":"16평(53.57), 19평(63.56), 20평(66.49), 23평(76.48), 23평(77.7), 26평(87.75)",
            "last_sales":"2021-08-09,44700.0,26평(87.75)"
        },
        {
            "index":501,
            "아파트명":"정릉힐스테이트1차",
            "투자타입":"일반",
            "전용면적(m2)":"107.3",
            "전용면적(평)":"32평",
            "법정동주소":"서울시 성북구 정릉동 1030",
            "도로명주소":"서울시 성북구 북악산로 831",
            "세대수":0,
            "입주년차":40,
            "용적률점수":"--",
            "건폐율점수":"--",
            "세대당주차수":30,
            "난방방식":30,
            "공급면적":"--",
            "전용률":"--",
            "욕실수":100,
            "현관타입":100,
            "주거총점":35.5,
            "지역구공급총점":0.0,
            "역세권":80,
            "30분내 이동가능 거점":40,
            "1시간내 이동가능 거점":100,
            "교통총점":72.0,
            "백화점":100,
            "아울렛몰":80,
            "대형마트":0,
            "은행":0,
            "병원":80,
            "종합병원":100,
            "공원":80,
            "혐오시설":0,
            "인프라총점":68.4,
            "초등학군":88.96,
            "중학군":51.3,
            "학군총점":58.832,
            "인구수":49.43,
            "인구증감":-8.0,
            "인구총점":32.201,
            "일자리":13.3,
            "소득수준":56.64,
            "일자리총점":26.302,
            "가치 총점":61.6448,
            "매매실거래년":20210522.0,
            "매매실거래가":84800.0,
            "전세실거래년":20211117.0,
            "전세실거래가":62000.0,
            "전세가율":73.11,
            "장기전세가율평균":70.52,
            "전세가율거품지수":-2.59,
            "검색코드":19629,
            "세대수":222.0,
            "준공년월":"2007-05-18",
            "준공년차":16.0,
            "가까운역이름":"정릉",
            "가까운역거리":464.74,
            "역세권여부":"역세권",
            "30분이내주요거점역":2,
            "1시간이내주요거점역":11,
            "3km이내백화점수":2,
            "5km이내아울렛몰수":1,
            "1km이내대형먀트수":0,
            "500m이내은행수":1,
            "500m이내병원수":30,
            "5km이내대형병원수":9,
            "500m이내공원수":1,
            "3km이내혐오시설수":0,
            "초등학교학업성취도":88.96,
            "중학교학업성취도":83.3,
            "용적률":259,
            "건폐율":17,
            "Y":37.600444,
            "X":127.017849,
            "rank":64.0,
            "area_info":"32평(107.3), 32평(108.26), 32평(108.46), 32평(108.09), 33평(109.28), 35평(115.87), 35평(116.49), 35평(116.12)",
            "last_sales":"2021-05-22,84800.0,32평(107.3)"
        },
        {
            "index":167,
            "아파트명":"한신,한진",
            "투자타입":"일반",
            "전용면적(m2)":"81.7",
            "전용면적(평)":"24평",
            "법정동주소":"서울시 성북구 돈암동 609-1",
            "도로명주소":"서울시 성북구 성북로4길 52",
            "세대수":100,
            "입주년차":0,
            "용적률점수":"--",
            "건폐율점수":"--",
            "세대당주차수":30,
            "난방방식":80,
            "공급면적":"--",
            "전용률":"--",
            "욕실수":50,
            "현관타입":10,
            "주거총점":53.5,
            "지역구공급총점":0.0,
            "역세권":50,
            "30분내 이동가능 거점":60,
            "1시간내 이동가능 거점":100,
            "교통총점":63.0,
            "백화점":100,
            "아울렛몰":80,
            "대형마트":0,
            "은행":20,
            "병원":60,
            "종합병원":100,
            "공원":0,
            "혐오시설":0,
            "인프라총점":66.0,
            "초등학군":77.91,
            "중학군":54.64,
            "학군총점":59.294,
            "인구수":49.43,
            "인구증감":-8.0,
            "인구총점":32.201,
            "일자리":13.3,
            "소득수준":56.64,
            "일자리총점":26.302,
            "가치 총점":61.4441,
            "매매실거래년":20211225.0,
            "매매실거래가":71000.0,
            "전세실거래년":20220118.0,
            "전세실거래가":39000.0,
            "전세가율":54.93,
            "장기전세가율평균":70.52,
            "전세가율거품지수":15.59,
            "검색코드":582,
            "세대수":4515.0,
            "준공년월":"1998-07-01",
            "준공년차":25.0,
            "가까운역이름":"성신여대입구",
            "가까운역거리":581.8,
            "역세권여부":"준역세권",
            "30분이내주요거점역":3,
            "1시간이내주요거점역":11,
            "3km이내백화점수":2,
            "5km이내아울렛몰수":1,
            "1km이내대형먀트수":0,
            "500m이내은행수":2,
            "500m이내병원수":17,
            "5km이내대형병원수":12,
            "500m이내공원수":0,
            "3km이내혐오시설수":0,
            "초등학교학업성취도":77.91,
            "중학교학업성취도":88.8,
            "용적률":276,
            "건폐율":20,
            "Y":37.594958,
            "X":127.010493,
            "rank":65.0,
            "area_info":"24평(81.7), 27평(92.46), 33평(109.64), 43평(143.86), 49평(164.28), 55평(183.29)",
            "last_sales":"2021-12-25,71000.0,24평(81.7)"
        },
        {
            "index":127,
            "아파트명":"돈암풍림",
            "투자타입":"일반",
            "전용면적(m2)":"75.88",
            "전용면적(평)":"22평",
            "법정동주소":"서울시 성북구 돈암동 632",
            "도로명주소":"서울시 성북구 북악산로 913",
            "세대수":50,
            "입주년차":20,
            "용적률점수":"--",
            "건폐율점수":"--",
            "세대당주차수":60,
            "난방방식":30,
            "공급면적":"--",
            "전용률":"--",
            "욕실수":50,
            "현관타입":10,
            "주거총점":39.5,
            "지역구공급총점":0.0,
            "역세권":50,
            "30분내 이동가능 거점":80,
            "1시간내 이동가능 거점":100,
            "교통총점":69.0,
            "백화점":100,
            "아울렛몰":80,
            "대형마트":0,
            "은행":0,
            "병원":60,
            "종합병원":100,
            "공원":80,
            "혐오시설":0,
            "인프라총점":66.4,
            "초등학군":86.04,
            "중학군":54.42,
            "학군총점":60.744,
            "인구수":49.43,
            "인구증감":-8.0,
            "인구총점":32.201,
            "일자리":13.3,
            "소득수준":56.64,
            "일자리총점":26.302,
            "가치 총점":61.0816,
            "매매실거래년":20211021.0,
            "매매실거래가":77500.0,
            "전세실거래년":20211030.0,
            "전세실거래가":43000.0,
            "전세가율":64.18,
            "장기전세가율평균":70.52,
            "전세가율거품지수":6.34,
            "검색코드":580,
            "세대수":460.0,
            "준공년월":"1999-05-11",
            "준공년차":24.0,
            "가까운역이름":"성신여대입구",
            "가까운역거리":711.6,
            "역세권여부":"준역세권",
            "30분이내주요거점역":4,
            "1시간이내주요거점역":12,
            "3km이내백화점수":3,
            "5km이내아울렛몰수":1,
            "1km이내대형먀트수":0,
            "500m이내은행수":0,
            "500m이내병원수":17,
            "5km이내대형병원수":10,
            "500m이내공원수":1,
            "3km이내혐오시설수":0,
            "초등학교학업성취도":86.04,
            "중학교학업성취도":88.7,
            "용적률":219,
            "건폐율":19,
            "Y":37.59542,
            "X":127.023668,
            "rank":66.0,
            "area_info":"22평(75.88), 32평(107.73), 44평(145.55)",
            "last_sales":"2021-10-21,77500.0,32평(107.73)"
        },
        {
            "index":468,
            "아파트명":"정릉우정에쉐르",
            "투자타입":"일반",
            "전용면적(m2)":"77.04",
            "전용면적(평)":"23평",
            "법정동주소":"서울시 성북구 정릉동 1033",
            "도로명주소":"서울시 성북구 북악산로 742-12",
            "세대수":0,
            "입주년차":60,
            "용적률점수":"--",
            "건폐율점수":"--",
            "세대당주차수":30,
            "난방방식":30,
            "공급면적":"--",
            "전용률":"--",
            "욕실수":50,
            "현관타입":100,
            "주거총점":34.5,
            "지역구공급총점":0.0,
            "역세권":80,
            "30분내 이동가능 거점":40,
            "1시간내 이동가능 거점":100,
            "교통총점":72.0,
            "백화점":100,
            "아울렛몰":80,
            "대형마트":0,
            "은행":0,
            "병원":60,
            "종합병원":100,
            "공원":0,
            "혐오시설":0,
            "인프라총점":64.0,
            "초등학군":88.49,
            "중학군":54.64,
            "학군총점":61.41,
            "인구수":49.43,
            "인구증감":-8.0,
            "인구총점":32.201,
            "일자리":13.3,
            "소득수준":56.64,
            "일자리총점":26.302,
            "가치 총점":60.5115,
            "매매실거래년":20201104.0,
            "매매실거래가":67000.0,
            "전세실거래년":20210403.0,
            "전세실거래가":28700.0,
            "전세가율":63.78,
            "장기전세가율평균":70.52,
            "전세가율거품지수":6.74,
            "검색코드":23218,
            "세대수":212.0,
            "준공년월":"2009-04-16",
            "준공년차":14.0,
            "가까운역이름":"정릉",
            "가까운역거리":401.19,
            "역세권여부":"역세권",
            "30분이내주요거점역":2,
            "1시간이내주요거점역":12,
            "3km이내백화점수":2,
            "5km이내아울렛몰수":1,
            "1km이내대형먀트수":0,
            "500m이내은행수":1,
            "500m이내병원수":13,
            "5km이내대형병원수":8,
            "500m이내공원수":0,
            "3km이내혐오시설수":0,
            "초등학교학업성취도":88.49,
            "중학교학업성취도":88.8,
            "용적률":304,
            "건폐율":28,
            "Y":37.60005,
            "X":127.010539,
            "rank":67.0,
            "area_info":"23평(77.04), 29평(97.06), 30평(99.98), 30평(99.71), 31평(104.37), 32평(106.9), 32평(108.88), 33평(109.71), 42평(139.61)",
            "last_sales":"2020-11-04,67000.0,33평(109.71)"
        },
        {
            "index":178,
            "아파트명":"송산",
            "투자타입":"일반",
            "전용면적(m2)":"76.27",
            "전용면적(평)":"23평",
            "법정동주소":"서울시 성북구 동소문동4가 279",
            "도로명주소":"서울시 성북구 동소문로3길 101",
            "세대수":30,
            "입주년차":0,
            "용적률점수":"--",
            "건폐율점수":"--",
            "세대당주차수":0,
            "난방방식":30,
            "공급면적":"--",
            "전용률":"--",
            "욕실수":50,
            "현관타입":100,
            "주거총점":28.5,
            "지역구공급총점":0.0,
            "역세권":50,
            "30분내 이동가능 거점":80,
            "1시간내 이동가능 거점":100,
            "교통총점":69.0,
            "백화점":100,
            "아울렛몰":80,
            "대형마트":0,
            "은행":70,
            "병원":80,
            "종합병원":100,
            "공원":0,
            "혐오시설":0,
            "인프라총점":73.0,
            "초등학군":88.6,
            "중학군":50.7,
            "학군총점":58.28,
            "인구수":49.43,
            "인구증감":-8.0,
            "인구총점":32.201,
            "일자리":13.3,
            "소득수준":56.64,
            "일자리총점":26.302,
            "가치 총점":60.492,
            "매매실거래년":20211016.0,
            "매매실거래가":70000.0,
            "전세실거래년":20220114.0,
            "전세실거래가":29200.0,
            "전세가율":41.71,
            "장기전세가율평균":70.52,
            "전세가율거품지수":28.81,
            "검색코드":584,
            "세대수":345.0,
            "준공년월":"1998-06-12",
            "준공년차":25.0,
            "가까운역이름":"성신여대입구",
            "가까운역거리":521.98,
            "역세권여부":"준역세권",
            "30분이내주요거점역":4,
            "1시간이내주요거점역":14,
            "3km이내백화점수":1,
            "5km이내아울렛몰수":1,
            "1km이내대형먀트수":0,
            "500m이내은행수":3,
            "500m이내병원수":45,
            "5km이내대형병원수":12,
            "500m이내공원수":0,
            "3km이내혐오시설수":0,
            "초등학교학업성취도":88.6,
            "중학교학업성취도":82.5,
            "용적률":251,
            "건폐율":25,
            "Y":37.592571,
            "X":127.010479,
            "rank":68.0,
            "area_info":"23평(76.27), 33평(110.47), 43평(145.2), 45평(149.33), 49평(164.95), 57평(188.71)",
            "last_sales":"2021-10-16,70000.0,23평(76.27)"
        },
        {
            "index":325,
            "아파트명":"래미안안암",
            "투자타입":"일반",
            "전용면적(m2)":"79.61",
            "전용면적(평)":"24평",
            "법정동주소":"서울시 성북구 안암동1가 361",
            "도로명주소":"서울시 성북구 고려대로17가길 64",
            "세대수":50,
            "입주년차":40,
            "용적률점수":"--",
            "건폐율점수":"--",
            "세대당주차수":30,
            "난방방식":30,
            "공급면적":"--",
            "전용률":"--",
            "욕실수":100,
            "현관타입":100,
            "주거총점":53.0,
            "지역구공급총점":0.0,
            "역세권":50,
            "30분내 이동가능 거점":80,
            "1시간내 이동가능 거점":100,
            "교통총점":69.0,
            "백화점":100,
            "아울렛몰":80,
            "대형마트":0,
            "은행":20,
            "병원":10,
            "종합병원":100,
            "공원":0,
            "혐오시설":0,
            "인프라총점":61.0,
            "초등학군":87.3,
            "중학군":38.82,
            "학군총점":48.516,
            "인구수":49.43,
            "인구증감":-8.0,
            "인구총점":32.201,
            "일자리":13.3,
            "소득수준":56.64,
            "일자리총점":26.302,
            "가치 총점":60.3274,
            "매매실거래년":20211202.0,
            "매매실거래가":123000.0,
            "전세실거래년":20211112.0,
            "전세실거래가":55000.0,
            "전세가율":69.62,
            "장기전세가율평균":70.52,
            "전세가율거품지수":0.9,
            "검색코드":9874,
            "세대수":528.0,
            "준공년월":"2005-06-16",
            "준공년차":18.0,
            "가까운역이름":"보문",
            "가까운역거리":594.77,
            "역세권여부":"준역세권",
            "30분이내주요거점역":4,
            "1시간이내주요거점역":11,
            "3km이내백화점수":3,
            "5km이내아울렛몰수":1,
            "1km이내대형먀트수":0,
            "500m이내은행수":2,
            "500m이내병원수":2,
            "5km이내대형병원수":9,
            "500m이내공원수":0,
            "3km이내혐오시설수":0,
            "초등학교학업성취도":87.3,
            "중학교학업성취도":63.7,
            "용적률":199,
            "건폐율":18,
            "Y":37.589659,
            "X":127.023268,
            "rank":69.0,
            "area_info":"24평(79.61), 31평(105.73), 42평(140.36)",
            "last_sales":"2021-12-02,123000.0,42평(140.36)"
        },
        {
            "index":482,
            "아파트명":"정릉중앙하이츠빌1단지",
            "투자타입":"일반",
            "전용면적(m2)":"78.34",
            "전용면적(평)":"23평",
            "법정동주소":"서울시 성북구 정릉동 494",
            "도로명주소":"서울시 성북구 아리랑로19길 60",
            "세대수":50,
            "입주년차":40,
            "용적률점수":"--",
            "건폐율점수":"--",
            "세대당주차수":30,
            "난방방식":30,
            "공급면적":"--",
            "전용률":"--",
            "욕실수":50,
            "현관타입":100,
            "주거총점":48.0,
            "지역구공급총점":0.0,
            "역세권":80,
            "30분내 이동가능 거점":20,
            "1시간내 이동가능 거점":100,
            "교통총점":66.0,
            "백화점":100,
            "아울렛몰":80,
            "대형마트":0,
            "은행":0,
            "병원":60,
            "종합병원":100,
            "공원":0,
            "혐오시설":0,
            "인프라총점":64.0,
            "초등학군":83.56,
            "중학군":48.22,
            "학군총점":55.288,
            "인구수":49.43,
            "인구증감":-8.0,
            "인구총점":32.201,
            "일자리":13.3,
            "소득수준":56.64,
            "일자리총점":26.302,
            "가치 총점":60.1932,
            "매매실거래년":20211109.0,
            "매매실거래가":75000.0,
            "전세실거래년":20210822.0,
            "전세실거래가":30000.0,
            "전세가율":42.86,
            "장기전세가율평균":70.52,
            "전세가율거품지수":27.66,
            "검색코드":9539,
            "세대수":433.0,
            "준공년월":"2004-04-30",
            "준공년차":19.0,
            "가까운역이름":"정릉",
            "가까운역거리":341.72,
            "역세권여부":"역세권",
            "30분이내주요거점역":1,
            "1시간이내주요거점역":12,
            "3km이내백화점수":2,
            "5km이내아울렛몰수":1,
            "1km이내대형먀트수":0,
            "500m이내은행수":1,
            "500m이내병원수":14,
            "5km이내대형병원수":8,
            "500m이내공원수":0,
            "3km이내혐오시설수":0,
            "초등학교학업성취도":83.56,
            "중학교학업성취도":79.3,
            "용적률":277,
            "건폐율":21,
            "Y":37.602457,
            "X":127.009635,
            "rank":70.0,
            "area_info":"23평(78.34), 32평(107.08), 32평(107.13)",
            "last_sales":"2021-11-09,75000.0,32평(107.08)"
        },
        {
            "index":590,
            "아파트명":"꿈의숲푸르지오",
            "투자타입":"일반",
            "전용면적(m2)":"79.72",
            "전용면적(평)":"24평",
            "법정동주소":"서울시 성북구 하월곡동 228",
            "도로명주소":"서울시 성북구 오패산로16가길 40",
            "세대수":80,
            "입주년차":60,
            "용적률점수":"--",
            "건폐율점수":"--",
            "세대당주차수":30,
            "난방방식":30,
            "공급면적":"--",
            "전용률":"--",
            "욕실수":100,
            "현관타입":100,
            "주거총점":67.5,
            "지역구공급총점":0.0,
            "역세권":50,
            "30분내 이동가능 거점":20,
            "1시간내 이동가능 거점":80,
            "교통총점":47.0,
            "백화점":100,
            "아울렛몰":0,
            "대형마트":100,
            "은행":0,
            "병원":60,
            "종합병원":100,
            "공원":100,
            "혐오시설":0,
            "인프라총점":74.0,
            "초등학군":86.19,
            "중학군":45.26,
            "학군총점":53.446,
            "인구수":49.43,
            "인구증감":-8.0,
            "인구총점":32.201,
            "일자리":13.3,
            "소득수준":56.64,
            "일자리총점":26.302,
            "가치 총점":60.1669,
            "매매실거래년":20211113.0,
            "매매실거래가":86000.0,
            "전세실거래년":20211204.0,
            "전세실거래가":36750.0,
            "전세가율":42.73,
            "장기전세가율평균":70.52,
            "전세가율거품지수":27.79,
            "검색코드":26130,
            "세대수":714.0,
            "준공년월":"2010-04-29",
            "준공년차":13.0,
            "가까운역이름":"미아사거리",
            "가까운역거리":812.16,
            "역세권여부":"준역세권",
            "30분이내주요거점역":1,
            "1시간이내주요거점역":8,
            "3km이내백화점수":2,
            "5km이내아울렛몰수":0,
            "1km이내대형먀트수":3,
            "500m이내은행수":1,
            "500m이내병원수":16,
            "5km이내대형병원수":11,
            "500m이내공원수":3,
            "3km이내혐오시설수":0,
            "초등학교학업성취도":86.19,
            "중학교학업성취도":74.3,
            "용적률":200,
            "건폐율":20,
            "Y":37.610644,
            "X":127.038646,
            "rank":71.0,
            "area_info":"24평(79.72), 24평(79.72), 32평(105.83), 32평(105.83), 42평(140.12)",
            "last_sales":"2021-11-13,86000.0,24평(79.72)"
        },
        {
            "index":419,
            "아파트명":"정릉e-편한세상1차",
            "투자타입":"일반",
            "전용면적(m2)":"79.41",
            "전용면적(평)":"24평",
            "법정동주소":"서울시 성북구 정릉동 1028",
            "도로명주소":"서울시 성북구 솔샘로24길 15",
            "세대수":80,
            "입주년차":40,
            "용적률점수":"--",
            "건폐율점수":"--",
            "세대당주차수":30,
            "난방방식":30,
            "공급면적":"--",
            "전용률":"--",
            "욕실수":100,
            "현관타입":100,
            "주거총점":63.5,
            "지역구공급총점":0.0,
            "역세권":80,
            "30분내 이동가능 거점":20,
            "1시간내 이동가능 거점":90,
            "교통총점":64.0,
            "백화점":100,
            "아울렛몰":0,
            "대형마트":0,
            "은행":0,
            "병원":30,
            "종합병원":100,
            "공원":0,
            "혐오시설":0,
            "인프라총점":53.0,
            "초등학군":88.89,
            "중학군":52.32,
            "학군총점":59.634,
            "인구수":49.43,
            "인구증감":-8.0,
            "인구총점":32.201,
            "일자리":13.3,
            "소득수준":56.64,
            "일자리총점":26.302,
            "가치 총점":59.9451,
            "매매실거래년":20211115.0,
            "매매실거래가":58000.0,
            "전세실거래년":20220105.0,
            "전세실거래가":40000.0,
            "전세가율":51.41,
            "장기전세가율평균":70.52,
            "전세가율거품지수":19.11,
            "검색코드":8596,
            "세대수":739.0,
            "준공년월":"2006-06-02",
            "준공년차":17.0,
            "가까운역이름":"북한산보국문",
            "가까운역거리":381.97,
            "역세권여부":"역세권",
            "30분이내주요거점역":1,
            "1시간이내주요거점역":9,
            "3km이내백화점수":2,
            "5km이내아울렛몰수":0,
            "1km이내대형먀트수":0,
            "500m이내은행수":0,
            "500m이내병원수":5,
            "5km이내대형병원수":7,
            "500m이내공원수":0,
            "3km이내혐오시설수":0,
            "초등학교학업성취도":88.89,
            "중학교학업성취도":84.0,
            "용적률":243,
            "건폐율":16,
            "Y":37.615328,
            "X":127.010155,
            "rank":72.0,
            "area_info":"24평(79.41), 24평(79.41), 32평(107.71), 41평(135.86)",
            "last_sales":"2021-11-15,58000.0,41평(135.86)"
        },
        {
            "index":538,
            "아파트명":"극동",
            "투자타입":"일반",
            "전용면적(m2)":"86.86",
            "전용면적(평)":"26평",
            "법정동주소":"서울시 성북구 종암동 128",
            "도로명주소":"서울시 성북구 북악산로29길 67",
            "세대수":0,
            "입주년차":20,
            "용적률점수":"--",
            "건폐율점수":"--",
            "세대당주차수":30,
            "난방방식":30,
            "공급면적":"--",
            "전용률":"--",
            "욕실수":50,
            "현관타입":100,
            "주거총점":26.5,
            "지역구공급총점":0.0,
            "역세권":50,
            "30분내 이동가능 거점":60,
            "1시간내 이동가능 거점":100,
            "교통총점":63.0,
            "백화점":100,
            "아울렛몰":80,
            "대형마트":80,
            "은행":20,
            "병원":60,
            "종합병원":100,
            "공원":80,
            "혐오시설":0,
            "인프라총점":80.4,
            "초등학군":88.12,
            "중학군":48.44,
            "학군총점":56.376,
            "인구수":49.43,
            "인구증감":-8.0,
            "인구총점":32.201,
            "일자리":13.3,
            "소득수준":56.64,
            "일자리총점":26.302,
            "가치 총점":59.9264,
            "매매실거래년":20210619.0,
            "매매실거래가":91500.0,
            "전세실거래년":null,
            "전세실거래가":null,
            "전세가율":null,
            "장기전세가율평균":70.52,
            "전세가율거품지수":null,
            "검색코드":3539,
            "세대수":297.0,
            "준공년월":"2000-12-07",
            "준공년차":23.0,
            "가까운역이름":"고려대",
            "가까운역거리":580.73,
            "역세권여부":"준역세권",
            "30분이내주요거점역":3,
            "1시간이내주요거점역":12,
            "3km이내백화점수":3,
            "5km이내아울렛몰수":1,
            "1km이내대형먀트수":1,
            "500m이내은행수":2,
            "500m이내병원수":12,
            "5km이내대형병원수":10,
            "500m이내공원수":1,
            "3km이내혐오시설수":0,
            "초등학교학업성취도":88.12,
            "중학교학업성취도":77.4,
            "용적률":272,
            "건폐율":23,
            "Y":37.59535,
            "X":127.033826,
            "rank":73.0,
            "area_info":"26평(86.86), 26평(88.57), 32평(107.98), 32평(108.27), 43평(144.42)",
            "last_sales":"2021-06-19,91500.0,43평(144.42)"
        },
        {
            "index":30,
            "아파트명":"길음뉴타운7단지두산위브",
            "투자타입":"일반",
            "전용면적(m2)":"84.67",
            "전용면적(평)":"25평",
            "법정동주소":"서울시 성북구 길음동 1285",
            "도로명주소":"서울시 성북구 길음로13길 22",
            "세대수":50,
            "입주년차":60,
            "용적률점수":"--",
            "건폐율점수":"--",
            "세대당주차수":30,
            "난방방식":30,
            "공급면적":"--",
            "전용률":"--",
            "욕실수":100,
            "현관타입":100,
            "주거총점":57.0,
            "지역구공급총점":0.0,
            "역세권":50,
            "30분내 이동가능 거점":0,
            "1시간내 이동가능 거점":90,
            "교통총점":43.0,
            "백화점":100,
            "아울렛몰":80,
            "대형마트":80,
            "은행":20,
            "병원":60,
            "종합병원":100,
            "공원":100,
            "혐오시설":0,
            "인프라총점":81.0,
            "초등학군":89.44,
            "중학군":53.6,
            "학군총점":60.768,
            "인구수":49.43,
            "인구증감":-8.0,
            "인구총점":32.201,
            "일자리":13.3,
            "소득수준":56.64,
            "일자리총점":26.302,
            "가치 총점":59.8652,
            "매매실거래년":20220108.0,
            "매매실거래가":89800.0,
            "전세실거래년":20220108.0,
            "전세실거래가":61000.0,
            "전세가율":67.93,
            "장기전세가율평균":70.52,
            "전세가율거품지수":2.59,
            "검색코드":26251,
            "세대수":449.0,
            "준공년월":"2010-07-28",
            "준공년차":13.0,
            "가까운역이름":"길음",
            "가까운역거리":832.37,
            "역세권여부":"준역세권",
            "30분이내주요거점역":0,
            "1시간이내주요거점역":9,
            "3km이내백화점수":2,
            "5km이내아울렛몰수":1,
            "1km이내대형먀트수":1,
            "500m이내은행수":2,
            "500m이내병원수":15,
            "5km이내대형병원수":9,
            "500m이내공원수":9,
            "3km이내혐오시설수":0,
            "초등학교학업성취도":89.44,
            "중학교학업성취도":88.0,
            "용적률":223,
            "건폐율":16,
            "Y":37.609322,
            "X":127.019262,
            "rank":74.0,
            "area_info":"25평(84.67), 26평(87.39), 33평(112.03), 33평(112.14), 44평(145.96), 44평(146.39)",
            "last_sales":"2022-01-08,89800.0,25평(84.67)"
        },
        {
            "index":404,
            "아파트명":"길음뉴타운데시앙",
            "투자타입":"일반",
            "전용면적(m2)":"74.32",
            "전용면적(평)":"22평",
            "법정동주소":"서울시 성북구 정릉동 1018",
            "도로명주소":"서울시 성북구 서경로 28",
            "세대수":50,
            "입주년차":20,
            "용적률점수":"--",
            "건폐율점수":"--",
            "세대당주차수":30,
            "난방방식":30,
            "공급면적":"--",
            "전용률":"--",
            "욕실수":50,
            "현관타입":10,
            "주거총점":35.0,
            "지역구공급총점":0.0,
            "역세권":80,
            "30분내 이동가능 거점":20,
            "1시간내 이동가능 거점":100,
            "교통총점":66.0,
            "백화점":100,
            "아울렛몰":80,
            "대형마트":0,
            "은행":20,
            "병원":60,
            "종합병원":100,
            "공원":100,
            "혐오시설":0,
            "인프라총점":69.0,
            "초등학군":87.32,
            "중학군":53.6,
            "학군총점":60.344,
            "인구수":49.43,
            "인구증감":-8.0,
            "인구총점":32.201,
            "일자리":13.3,
            "소득수준":56.64,
            "일자리총점":26.302,
            "가치 총점":59.8516,
            "매매실거래년":20210302.0,
            "매매실거래가":80000.0,
            "전세실거래년":20200905.0,
            "전세실거래가":25000.0,
            "전세가율":71.43,
            "장기전세가율평균":70.52,
            "전세가율거품지수":-0.91,
            "검색코드":1190,
            "세대수":514.0,
            "준공년월":"1999-11-22",
            "준공년차":24.0,
            "가까운역이름":"정릉",
            "가까운역거리":473.88,
            "역세권여부":"역세권",
            "30분이내주요거점역":1,
            "1시간이내주요거점역":11,
            "3km이내백화점수":2,
            "5km이내아울렛몰수":1,
            "1km이내대형먀트수":0,
            "500m이내은행수":2,
            "500m이내병원수":25,
            "5km이내대형병원수":9,
            "500m이내공원수":10,
            "3km이내혐오시설수":0,
            "초등학교학업성취도":87.32,
            "중학교학업성취도":88.0,
            "용적률":273,
            "건폐율":26,
            "Y":37.606547,
            "X":127.016048,
            "rank":75.0,
            "area_info":"22평(74.32), 24평(79.62), 27평(91.85), 34평(113.14), 34평(113.83), 42평(140.66), 46평(153.79), 46평(154.03)",
            "last_sales":"2021-03-02,80000.0,46평(153.79)"
        },
        {
            "index":130,
            "아파트명":"돈암해피트리",
            "투자타입":"일반",
            "전용면적(m2)":"109.83",
            "전용면적(평)":"33평",
            "법정동주소":"서울시 성북구 돈암동 642",
            "도로명주소":"서울시 성북구 아리랑로5길 92",
            "세대수":0,
            "입주년차":60,
            "용적률점수":"--",
            "건폐율점수":"--",
            "세대당주차수":60,
            "난방방식":30,
            "공급면적":"--",
            "전용률":"--",
            "욕실수":100,
            "현관타입":100,
            "주거총점":44.0,
            "지역구공급총점":0.0,
            "역세권":50,
            "30분내 이동가능 거점":60,
            "1시간내 이동가능 거점":100,
            "교통총점":63.0,
            "백화점":100,
            "아울렛몰":80,
            "대형마트":0,
            "은행":0,
            "병원":60,
            "종합병원":100,
            "공원":0,
            "혐오시설":0,
            "인프라총점":64.0,
            "초등학군":88.49,
            "중학군":54.64,
            "학군총점":61.41,
            "인구수":49.43,
            "인구증감":-8.0,
            "인구총점":32.201,
            "일자리":13.3,
            "소득수준":56.64,
            "일자리총점":26.302,
            "가치 총점":59.2615,
            "매매실거래년":20210720.0,
            "매매실거래가":126000.0,
            "전세실거래년":20211111.0,
            "전세실거래가":65000.0,
            "전세가율":71.19,
            "장기전세가율평균":70.52,
            "전세가율거품지수":-0.67,
            "검색코드":105848,
            "세대수":192.0,
            "준공년월":"2013-01-15",
            "준공년차":10.0,
            "가까운역이름":"정릉",
            "가까운역거리":547.73,
            "역세권여부":"준역세권",
            "30분이내주요거점역":3,
            "1시간이내주요거점역":11,
            "3km이내백화점수":2,
            "5km이내아울렛몰수":1,
            "1km이내대형먀트수":0,
            "500m이내은행수":0,
            "500m이내병원수":10,
            "5km이내대형병원수":9,
            "500m이내공원수":0,
            "3km이내혐오시설수":0,
            "초등학교학업성취도":88.49,
            "중학교학업성취도":88.8,
            "용적률":199,
            "건폐율":25,
            "Y":37.598095,
            "X":127.011641,
            "rank":76.0,
            "area_info":"33평(109.83), 33평(109.83), 46평(153.58), 48평(160.52), 52평(173.05)",
            "last_sales":"2021-07-20,126000.0,48평(160.52)"
        },
        {
            "index":568,
            "아파트명":"종암선경",
            "투자타입":"일반",
            "전용면적(m2)":"73.67",
            "전용면적(평)":"22평",
            "법정동주소":"서울시 성북구 종암동 34-3",
            "도로명주소":"서울시 성북구 종암로5길 26",
            "세대수":0,
            "입주년차":0,
            "용적률점수":"--",
            "건폐율점수":"--",
            "세대당주차수":30,
            "난방방식":30,
            "공급면적":"--",
            "전용률":"--",
            "욕실수":50,
            "현관타입":10,
            "주거총점":13.5,
            "지역구공급총점":0.0,
            "역세권":80,
            "30분내 이동가능 거점":40,
            "1시간내 이동가능 거점":100,
            "교통총점":72.0,
            "백화점":100,
            "아울렛몰":80,
            "대형마트":80,
            "은행":0,
            "병원":60,
            "종합병원":100,
            "공원":0,
            "혐오시설":0,
            "인프라총점":76.0,
            "초등학군":88.12,
            "중학군":48.44,
            "학군총점":56.376,
            "인구수":49.43,
            "인구증감":-8.0,
            "인구총점":32.201,
            "일자리":13.3,
            "소득수준":56.64,
            "일자리총점":26.302,
            "가치 총점":59.1564,
            "매매실거래년":20210903.0,
            "매매실거래가":45000.0,
            "전세실거래년":20210828.0,
            "전세실거래가":32000.0,
            "전세가율":71.11,
            "장기전세가율평균":70.52,
            "전세가율거품지수":-0.59,
            "검색코드":1192,
            "세대수":238.0,
            "준공년월":"1996-09-19",
            "준공년차":27.0,
            "가까운역이름":"고려대",
            "가까운역거리":486.1,
            "역세권여부":"역세권",
            "30분이내주요거점역":2,
            "1시간이내주요거점역":11,
            "3km이내백화점수":3,
            "5km이내아울렛몰수":1,
            "1km이내대형먀트수":1,
            "500m이내은행수":1,
            "500m이내병원수":10,
            "5km이내대형병원수":10,
            "500m이내공원수":0,
            "3km이내혐오시설수":0,
            "초등학교학업성취도":88.12,
            "중학교학업성취도":77.4,
            "용적률":309,
            "건폐율":33,
            "Y":37.594533,
            "X":127.034143,
            "rank":77.0,
            "area_info":"22평(73.67), 27평(91.26)",
            "last_sales":"2021-09-03,45000.0,22평(73.67)"
        },
        {
            "index":274,
            "아파트명":"동아에코빌",
            "투자타입":"일반",
            "전용면적(m2)":"87.96",
            "전용면적(평)":"26평",
            "법정동주소":"서울시 성북구 상월곡동 101",
            "도로명주소":"서울시 성북구 장월로1길 28",
            "세대수":90,
            "입주년차":20,
            "용적률점수":"--",
            "건폐율점수":"--",
            "세대당주차수":30,
            "난방방식":30,
            "공급면적":"--",
            "전용률":"--",
            "욕실수":50,
            "현관타입":10,
            "주거총점":49.0,
            "지역구공급총점":0.0,
            "역세권":80,
            "30분내 이동가능 거점":0,
            "1시간내 이동가능 거점":100,
            "교통총점":60.0,
            "백화점":100,
            "아울렛몰":0,
            "대형마트":80,
            "은행":0,
            "병원":10,
            "종합병원":100,
            "공원":100,
            "혐오시설":0,
            "인프라총점":66.0,
            "초등학군":90.95,
            "중학군":45.54,
            "학군총점":54.622,
            "인구수":49.43,
            "인구증감":-8.0,
            "인구총점":32.201,
            "일자리":13.3,
            "소득수준":56.64,
            "일자리총점":26.302,
            "가치 총점":58.7933,
            "매매실거래년":20211210.0,
            "매매실거래가":86700.0,
            "전세실거래년":20220107.0,
            "전세실거래가":28350.0,
            "전세가율":38.57,
            "장기전세가율평균":70.52,
            "전세가율거품지수":31.95,
            "검색코드":3425,
            "세대수":1253.0,
            "준공년월":"2003-06-27",
            "준공년차":20.0,
            "가까운역이름":"상월곡",
            "가까운역거리":296.95,
            "역세권여부":"역세권",
            "30분이내주요거점역":0,
            "1시간이내주요거점역":11,
            "3km이내백화점수":2,
            "5km이내아울렛몰수":0,
            "1km이내대형먀트수":1,
            "500m이내은행수":0,
            "500m이내병원수":4,
            "5km이내대형병원수":12,
            "500m이내공원수":2,
            "3km이내혐오시설수":0,
            "초등학교학업성취도":90.95,
            "중학교학업성취도":74.7,
            "용적률":281,
            "건폐율":20,
            "Y":37.607917,
            "X":127.045737,
            "rank":78.0,
            "area_info":"26평(87.96), 26평(87.97), 33평(109.41), 33평(109.69), 42평(142.1), 42평(142.09)",
            "last_sales":"2021-12-10,86700.0,33평(109.41)"
        },
        {
            "index":526,
            "아파트명":"푸른마을동아",
            "투자타입":"일반",
            "전용면적(m2)":"81.93",
            "전용면적(평)":"24평",
            "법정동주소":"서울시 성북구 정릉동 210",
            "도로명주소":"서울시 성북구 서경로 31",
            "세대수":50,
            "입주년차":20,
            "용적률점수":"--",
            "건폐율점수":"--",
            "세대당주차수":30,
            "난방방식":30,
            "공급면적":"--",
            "전용률":"--",
            "욕실수":50,
            "현관타입":100,
            "주거총점":44.0,
            "지역구공급총점":0.0,
            "역세권":50,
            "30분내 이동가능 거점":20,
            "1시간내 이동가능 거점":100,
            "교통총점":51.0,
            "백화점":100,
            "아울렛몰":80,
            "대형마트":0,
            "은행":70,
            "병원":80,
            "종합병원":100,
            "공원":100,
            "혐오시설":0,
            "인프라총점":76.0,
            "초등학군":89.44,
            "중학군":53.6,
            "학군총점":60.768,
            "인구수":49.43,
            "인구증감":-8.0,
            "인구총점":32.201,
            "일자리":13.3,
            "소득수준":56.64,
            "일자리총점":26.302,
            "가치 총점":58.5652,
            "매매실거래년":20211014.0,
            "매매실거래가":76000.0,
            "전세실거래년":20211223.0,
            "전세실거래가":35000.0,
            "전세가율":50.36,
            "장기전세가율평균":70.52,
            "전세가율거품지수":20.16,
            "검색코드":11166,
            "세대수":529.0,
            "준공년월":"2003-10-04",
            "준공년차":20.0,
            "가까운역이름":"정릉",
            "가까운역거리":538.13,
            "역세권여부":"준역세권",
            "30분이내주요거점역":1,
            "1시간이내주요거점역":11,
            "3km이내백화점수":2,
            "5km이내아울렛몰수":1,
            "1km이내대형먀트수":0,
            "500m이내은행수":3,
            "500m이내병원수":43,
            "5km이내대형병원수":9,
            "500m이내공원수":8,
            "3km이내혐오시설수":0,
            "초등학교학업성취도":89.44,
            "중학교학업성취도":88.0,
            "용적률":256,
            "건폐율":19,
            "Y":37.607579,
            "X":127.014437,
            "rank":79.0,
            "area_info":"24평(81.93), 28평(93.69), 33평(110.43), 43평(142.23)",
            "last_sales":"2021-10-14,76000.0,33평(110.43)"
        },
        {
            "index":509,
            "아파트명":"정릉힐스테이트3차",
            "투자타입":"일반",
            "전용면적(m2)":"86.83",
            "전용면적(평)":"26평",
            "법정동주소":"서울시 성북구 정릉동 1031",
            "도로명주소":"서울시 성북구 보국문로 116",
            "세대수":50,
            "입주년차":40,
            "용적률점수":"--",
            "건폐율점수":"--",
            "세대당주차수":30,
            "난방방식":30,
            "공급면적":"--",
            "전용률":"--",
            "욕실수":100,
            "현관타입":100,
            "주거총점":53.0,
            "지역구공급총점":0.0,
            "역세권":80,
            "30분내 이동가능 거점":20,
            "1시간내 이동가능 거점":100,
            "교통총점":66.0,
            "백화점":100,
            "아울렛몰":0,
            "대형마트":0,
            "은행":0,
            "병원":30,
            "종합병원":100,
            "공원":0,
            "혐오시설":0,
            "인프라총점":53.0,
            "초등학군":88.89,
            "중학군":52.32,
            "학군총점":59.634,
            "인구수":49.43,
            "인구증감":-8.0,
            "인구총점":32.201,
            "일자리":13.3,
            "소득수준":56.64,
            "일자리총점":26.302,
            "가치 총점":58.5451,
            "매매실거래년":20211210.0,
            "매매실거래가":89000.0,
            "전세실거래년":20211223.0,
            "전세실거래가":47000.0,
            "전세가율":58.39,
            "장기전세가율평균":70.52,
            "전세가율거품지수":12.13,
            "검색코드":23779,
            "세대수":522.0,
            "준공년월":"2008-06-09",
            "준공년차":15.0,
            "가까운역이름":"북한산보국문",
            "가까운역거리":247.77,
            "역세권여부":"역세권",
            "30분이내주요거점역":1,
            "1시간이내주요거점역":10,
            "3km이내백화점수":2,
            "5km이내아울렛몰수":0,
            "1km이내대형먀트수":0,
            "500m이내은행수":0,
            "500m이내병원수":8,
            "5km이내대형병원수":7,
            "500m이내공원수":0,
            "3km이내혐오시설수":0,
            "초등학교학업성취도":88.89,
            "중학교학업성취도":84.0,
            "용적률":179,
            "건폐율":23,
            "Y":37.614571,
            "X":127.007968,
            "rank":80.0,
            "area_info":"26평(86.83), 33평(110.22), 43평(142.95)",
            "last_sales":"2021-12-10,89000.0,33평(110.22)"
        },
        {
            "index":622,
            "아파트명":"아남",
            "투자타입":"일반",
            "전용면적(m2)":"78.18",
            "전용면적(평)":"23평",
            "법정동주소":"서울시 성북구 하월곡동 218",
            "도로명주소":"서울시 성북구 종암로36길 52",
            "세대수":0,
            "입주년차":0,
            "용적률점수":"--",
            "건폐율점수":"--",
            "세대당주차수":0,
            "난방방식":30,
            "공급면적":"--",
            "전용률":"--",
            "욕실수":50,
            "현관타입":100,
            "주거총점":18.0,
            "지역구공급총점":0.0,
            "역세권":50,
            "30분내 이동가능 거점":40,
            "1시간내 이동가능 거점":100,
            "교통총점":57.0,
            "백화점":100,
            "아울렛몰":80,
            "대형마트":100,
            "은행":70,
            "병원":60,
            "종합병원":100,
            "공원":100,
            "혐오시설":0,
            "인프라총점":89.0,
            "초등학군":89.36,
            "중학군":41.84,
            "학군총점":51.344,
            "인구수":49.43,
            "인구증감":-8.0,
            "인구총점":32.201,
            "일자리":13.3,
            "소득수준":56.64,
            "일자리총점":26.302,
            "가치 총점":57.9516,
            "매매실거래년":20210728.0,
            "매매실거래가":74500.0,
            "전세실거래년":20220115.0,
            "전세실거래가":33000.0,
            "전세가율":55.46,
            "장기전세가율평균":70.52,
            "전세가율거품지수":15.06,
            "검색코드":1193,
            "세대수":198.0,
            "준공년월":"1996-12-03",
            "준공년차":27.0,
            "가까운역이름":"월곡",
            "가까운역거리":728.67,
            "역세권여부":"준역세권",
            "30분이내주요거점역":2,
            "1시간이내주요거점역":10,
            "3km이내백화점수":2,
            "5km이내아울렛몰수":1,
            "1km이내대형먀트수":3,
            "500m이내은행수":3,
            "500m이내병원수":29,
            "5km이내대형병원수":11,
            "500m이내공원수":5,
            "3km이내혐오시설수":0,
            "초등학교학업성취도":89.36,
            "중학교학업성취도":67.8,
            "용적률":389,
            "건폐율":27,
            "Y":37.60576,
            "X":127.03479,
            "rank":81.0,
            "area_info":"23평(78.18), 33평(110.4), 33평(110.23)",
            "last_sales":"2021-07-28,74500.0,33평(110.4)"
        },
        {
            "index":16,
            "아파트명":"길음뉴타운4단지e편한세상",
            "투자타입":"일반",
            "전용면적(m2)":"79.66",
            "전용면적(평)":"24평",
            "법정동주소":"서울시 성북구 길음동 1281",
            "도로명주소":"서울시 성북구 길음로 118",
            "세대수":100,
            "입주년차":40,
            "용적률점수":"--",
            "건폐율점수":"--",
            "세대당주차수":30,
            "난방방식":30,
            "공급면적":"--",
            "전용률":"--",
            "욕실수":100,
            "현관타입":100,
            "주거총점":70.5,
            "지역구공급총점":0.0,
            "역세권":50,
            "30분내 이동가능 거점":0,
            "1시간내 이동가능 거점":80,
            "교통총점":41.0,
            "백화점":100,
            "아울렛몰":0,
            "대형마트":80,
            "은행":0,
            "병원":30,
            "종합병원":100,
            "공원":100,
            "혐오시설":0,
            "인프라총점":68.0,
            "초등학군":87.57,
            "중학군":53.6,
            "학군총점":60.394,
            "인구수":49.43,
            "인구증감":-8.0,
            "인구총점":32.201,
            "일자리":13.3,
            "소득수준":56.64,
            "일자리총점":26.302,
            "가치 총점":57.9091,
            "매매실거래년":20211201.0,
            "매매실거래가":109800.0,
            "전세실거래년":20211231.0,
            "전세실거래가":35700.0,
            "전세가율":40.11,
            "장기전세가율평균":70.52,
            "전세가율거품지수":30.41,
            "검색코드":8083,
            "세대수":1605.0,
            "준공년월":"2005-04-20",
            "준공년차":18.0,
            "가까운역이름":"미아사거리",
            "가까운역거리":950.47,
            "역세권여부":"준역세권",
            "30분이내주요거점역":0,
            "1시간이내주요거점역":8,
            "3km이내백화점수":2,
            "5km이내아울렛몰수":0,
            "1km이내대형먀트수":1,
            "500m이내은행수":1,
            "500m이내병원수":7,
            "5km이내대형병원수":8,
            "500m이내공원수":5,
            "3km이내혐오시설수":0,
            "초등학교학업성취도":87.57,
            "중학교학업성취도":88.0,
            "용적률":246,
            "건폐율":19,
            "Y":37.612296,
            "X":127.019336,
            "rank":82.0,
            "area_info":"24평(79.66), 24평(79.62), 24평(80.1), 33평(109.23), 38평(125.82), 43평(143.32)",
            "last_sales":"2021-12-01,109800.0,33평(109.23)"
        },
        {
            "index":0,
            "아파트명":"길음뉴타운11단지롯데캐슬골든힐스",
            "투자타입":"일반",
            "전용면적(m2)":"82.04",
            "전용면적(평)":"24평",
            "법정동주소":"서울시 성북구 길음동 1287-1",
            "도로명주소":"서울시 성북구 서경로 60",
            "세대수":30,
            "입주년차":100,
            "용적률점수":"--",
            "건폐율점수":"--",
            "세대당주차수":30,
            "난방방식":30,
            "공급면적":"--",
            "전용률":"--",
            "욕실수":100,
            "현관타입":100,
            "주거총점":58.0,
            "지역구공급총점":0.0,
            "역세권":50,
            "30분내 이동가능 거점":20,
            "1시간내 이동가능 거점":80,
            "교통총점":47.0,
            "백화점":100,
            "아울렛몰":80,
            "대형마트":0,
            "은행":20,
            "병원":60,
            "종합병원":100,
            "공원":100,
            "혐오시설":0,
            "인프라총점":69.0,
            "초등학군":89.44,
            "중학군":53.6,
            "학군총점":60.768,
            "인구수":49.43,
            "인구증감":-8.0,
            "인구총점":32.201,
            "일자리":13.3,
            "소득수준":56.64,
            "일자리총점":26.302,
            "가치 총점":57.8652,
            "매매실거래년":20211002.0,
            "매매실거래가":118000.0,
            "전세실거래년":20211117.0,
            "전세실거래가":53000.0,
            "전세가율":55.5,
            "장기전세가율평균":70.52,
            "전세가율거품지수":15.02,
            "검색코드":112474,
            "세대수":399.0,
            "준공년월":"2019-05-07",
            "준공년차":4.0,
            "가까운역이름":"정릉",
            "가까운역거리":719.09,
            "역세권여부":"준역세권",
            "30분이내주요거점역":1,
            "1시간이내주요거점역":8,
            "3km이내백화점수":2,
            "5km이내아울렛몰수":1,
            "1km이내대형먀트수":0,
            "500m이내은행수":2,
            "500m이내병원수":13,
            "5km이내대형병원수":9,
            "500m이내공원수":10,
            "3km이내혐오시설수":0,
            "초등학교학업성취도":89.44,
            "중학교학업성취도":88.0,
            "용적률":241,
            "건폐율":20,
            "Y":37.608913,
            "X":127.016146,
            "rank":83.0,
            "area_info":"24평(82.04), 24평(82.04), 24평(82.61), 24평(82.58), 30평(100.5), 34평(114.79), 34평(115.37)",
            "last_sales":"2021-10-02,118000.0,34평(115.37)"
        },
        {
            "index":445,
            "아파트명":"정릉대주피오레2차",
            "투자타입":"일반",
            "전용면적(m2)":"81.38",
            "전용면적(평)":"24평",
            "법정동주소":"서울시 성북구 정릉동 1032",
            "도로명주소":"서울시 성북구 아리랑로19길 86",
            "세대수":0,
            "입주년차":40,
            "용적률점수":"--",
            "건폐율점수":"--",
            "세대당주차수":30,
            "난방방식":30,
            "공급면적":"--",
            "전용률":"--",
            "욕실수":100,
            "현관타입":100,
            "주거총점":35.5,
            "지역구공급총점":0.0,
            "역세권":80,
            "30분내 이동가능 거점":20,
            "1시간내 이동가능 거점":100,
            "교통총점":66.0,
            "백화점":100,
            "아울렛몰":80,
            "대형마트":0,
            "은행":0,
            "병원":60,
            "종합병원":100,
            "공원":0,
            "혐오시설":0,
            "인프라총점":64.0,
            "초등학군":83.56,
            "중학군":48.22,
            "학군총점":55.288,
            "인구수":49.43,
            "인구증감":-8.0,
            "인구총점":32.201,
            "일자리":13.3,
            "소득수준":56.64,
            "일자리총점":26.302,
            "가치 총점":57.6932,
            "매매실거래년":20210910.0,
            "매매실거래가":67500.0,
            "전세실거래년":20210627.0,
            "전세실거래가":42000.0,
            "전세가율":65.42,
            "장기전세가율평균":70.52,
            "전세가율거품지수":5.1,
            "검색코드":18543,
            "세대수":169.0,
            "준공년월":"2008-05-30",
            "준공년차":15.0,
            "가까운역이름":"정릉",
            "가까운역거리":416.94,
            "역세권여부":"역세권",
            "30분이내주요거점역":1,
            "1시간이내주요거점역":12,
            "3km이내백화점수":2,
            "5km이내아울렛몰수":1,
            "1km이내대형먀트수":0,
            "500m이내은행수":1,
            "500m이내병원수":11,
            "5km이내대형병원수":8,
            "500m이내공원수":0,
            "3km이내혐오시설수":0,
            "초등학교학업성취도":83.56,
            "중학교학업성취도":79.3,
            "용적률":173,
            "건폐율":23,
            "Y":37.601829,
            "X":127.008918,
            "rank":84.0,
            "area_info":"24평(81.38), 32평(105.89), 32평(106.9), 32평(107.71)",
            "last_sales":"2021-09-10,67500.0,32평(106.9)"
        },
        {
            "index":612,
            "아파트명":"샹그레빌",
            "투자타입":"일반",
            "전용면적(m2)":"107.38",
            "전용면적(평)":"32평",
            "법정동주소":"서울시 성북구 하월곡동 224",
            "도로명주소":"서울시 성북구 회기로5길 100",
            "세대수":30,
            "입주년차":40,
            "용적률점수":"--",
            "건폐율점수":"--",
            "세대당주차수":30,
            "난방방식":30,
            "공급면적":"--",
            "전용률":"--",
            "욕실수":100,
            "현관타입":100,
            "주거총점":46.0,
            "지역구공급총점":0.0,
            "역세권":50,
            "30분내 이동가능 거점":20,
            "1시간내 이동가능 거점":100,
            "교통총점":51.0,
            "백화점":100,
            "아울렛몰":80,
            "대형마트":80,
            "은행":0,
            "병원":0,
            "종합병원":100,
            "공원":100,
            "혐오시설":0,
            "인프라총점":73.0,
            "초등학군":88.15,
            "중학군":49.7,
            "학군총점":57.39,
            "인구수":49.43,
            "인구증감":-8.0,
            "인구총점":32.201,
            "일자리":13.3,
            "소득수준":56.64,
            "일자리총점":26.302,
            "가치 총점":57.5585,
            "매매실거래년":20211112.0,
            "매매실거래가":80000.0,
            "전세실거래년":20211231.0,
            "전세실거래가":49900.0,
            "전세가율":62.38,
            "장기전세가율평균":70.52,
            "전세가율거품지수":8.14,
            "검색코드":10768,
            "세대수":352.0,
            "준공년월":"2004-07-07",
            "준공년차":19.0,
            "가까운역이름":"월곡",
            "가까운역거리":620.88,
            "역세권여부":"준역세권",
            "30분이내주요거점역":1,
            "1시간이내주요거점역":11,
            "3km이내백화점수":3,
            "5km이내아울렛몰수":1,
            "1km이내대형먀트수":1,
            "500m이내은행수":1,
            "500m이내병원수":0,
            "5km이내대형병원수":10,
            "500m이내공원수":2,
            "3km이내혐오시설수":0,
            "초등학교학업성취도":88.15,
            "중학교학업성취도":81.1,
            "용적률":287,
            "건폐율":25,
            "Y":37.596366,
            "X":127.041344,
            "rank":85.0,
            "area_info":"32평(107.38), 32평(107.51), 32평(108.38), 32평(108.61)",
            "last_sales":"2021-11-12,80000.0,32평(107.38)"
        },
        {
            "index":7,
            "아파트명":"길음뉴타운2단지푸르지오",
            "투자타입":"일반",
            "전용면적(m2)":"77.66",
            "전용면적(평)":"23평",
            "법정동주소":"서울시 성북구 길음동 1280",
            "도로명주소":"서울시 성북구 길음로 119",
            "세대수":100,
            "입주년차":40,
            "용적률점수":"--",
            "건폐율점수":"--",
            "세대당주차수":30,
            "난방방식":30,
            "공급면적":"--",
            "전용률":"--",
            "욕실수":100,
            "현관타입":100,
            "주거총점":70.5,
            "지역구공급총점":0.0,
            "역세권":50,
            "30분내 이동가능 거점":0,
            "1시간내 이동가능 거점":80,
            "교통총점":41.0,
            "백화점":100,
            "아울렛몰":80,
            "대형마트":0,
            "은행":20,
            "병원":30,
            "종합병원":100,
            "공원":100,
            "혐오시설":0,
            "인프라총점":66.0,
            "초등학군":90.62,
            "중학군":53.6,
            "학군총점":61.004,
            "인구수":49.43,
            "인구증감":-8.0,
            "인구총점":32.201,
            "일자리":13.3,
            "소득수준":56.64,
            "일자리총점":26.302,
            "가치 총점":57.4006,
            "매매실거래년":20211101.0,
            "매매실거래가":126000.0,
            "전세실거래년":null,
            "전세실거래가":null,
            "전세가율":null,
            "장기전세가율평균":70.52,
            "전세가율거품지수":null,
            "검색코드":8082,
            "세대수":1634.0,
            "준공년월":"2005-04-20",
            "준공년차":18.0,
            "가까운역이름":"북한산보국문",
            "가까운역거리":759.73,
            "역세권여부":"준역세권",
            "30분이내주요거점역":0,
            "1시간이내주요거점역":8,
            "3km이내백화점수":2,
            "5km이내아울렛몰수":1,
            "1km이내대형먀트수":0,
            "500m이내은행수":2,
            "500m이내병원수":7,
            "5km이내대형병원수":7,
            "500m이내공원수":6,
            "3km이내혐오시설수":0,
            "초등학교학업성취도":90.62,
            "중학교학업성취도":88.0,
            "용적률":254,
            "건폐율":17,
            "Y":37.611669,
            "X":127.016592,
            "rank":86.0,
            "area_info":"23평(77.66), 23평(77.49), 23평(78.94), 33평(112.04), 41평(135.74), 50평(166.16)",
            "last_sales":"2021-11-01,126000.0,50평(166.16)"
        },
        {
            "index":340,
            "아파트명":"H하우스장위(민간임대)",
            "투자타입":"일반",
            "전용면적(m2)":"30.84",
            "전용면적(평)":"9평",
            "법정동주소":"서울시 성북구 장위동 50-46",
            "도로명주소":"서울시 성북구 화랑로 265",
            "세대수":0,
            "입주년차":100,
            "용적률점수":"--",
            "건폐율점수":"--",
            "세대당주차수":0,
            "난방방식":30,
            "공급면적":"--",
            "전용률":"--",
            "욕실수":50,
            "현관타입":100,
            "주거총점":38.0,
            "지역구공급총점":0.0,
            "역세권":80,
            "30분내 이동가능 거점":20,
            "1시간내 이동가능 거점":100,
            "교통총점":66.0,
            "백화점":100,
            "아울렛몰":0,
            "대형마트":0,
            "은행":70,
            "병원":60,
            "종합병원":100,
            "공원":0,
            "혐오시설":0,
            "인프라총점":63.0,
            "초등학군":88.28,
            "중학군":34.22,
            "학군총점":45.032,
            "인구수":49.43,
            "인구증감":-8.0,
            "인구총점":32.201,
            "일자리":13.3,
            "소득수준":56.64,
            "일자리총점":26.302,
            "가치 총점":56.3548,
            "매매실거래년":"18000101",
            "매매실거래가":null,
            "전세실거래년":null,
            "전세실거래가":null,
            "전세가율":null,
            "장기전세가율평균":70.52,
            "전세가율거품지수":null,
            "검색코드":132625,
            "세대수":145.0,
            "준공년월":"2020-03-09",
            "준공년차":3.0,
            "가까운역이름":"돌곶이",
            "가까운역거리":235.03,
            "역세권여부":"역세권",
            "30분이내주요거점역":1,
            "1시간이내주요거점역":11,
            "3km이내백화점수":2,
            "5km이내아울렛몰수":0,
            "1km이내대형먀트수":0,
            "500m이내은행수":3,
            "500m이내병원수":18,
            "5km이내대형병원수":13,
            "500m이내공원수":0,
            "3km이내혐오시설수":0,
            "초등학교학업성취도":88.28,
            "중학교학업성취도":56.5,
            "용적률":488,
            "건폐율":59,
            "Y":37.611937,
            "X":127.05843,
            "rank":87.0,
            "area_info":"9평(30.84), 13평(45.52), 13평(45.52), 14평(49.02), 16평(53.61), 16평(54.45), 16평(54.45), 16평(55.74), 18평(62.45), 19평(65.84)",
            "last_sales":"1800-01-01,nan,9평(30.84)"
        },
        {
            "index":108,
            "아파트명":"돈암더샵",
            "투자타입":"일반",
            "전용면적(m2)":"106.96",
            "전용면적(평)":"32평",
            "법정동주소":"서울시 성북구 돈암동 603",
            "도로명주소":"서울시 성북구 아리랑로5길 85",
            "세대수":30,
            "입주년차":40,
            "용적률점수":"--",
            "건폐율점수":"--",
            "세대당주차수":30,
            "난방방식":30,
            "공급면적":"--",
            "전용률":"--",
            "욕실수":100,
            "현관타입":100,
            "주거총점":46.0,
            "지역구공급총점":0.0,
            "역세권":50,
            "30분내 이동가능 거점":40,
            "1시간내 이동가능 거점":100,
            "교통총점":57.0,
            "백화점":100,
            "아울렛몰":80,
            "대형마트":0,
            "은행":0,
            "병원":30,
            "종합병원":100,
            "공원":0,
            "혐오시설":0,
            "인프라총점":61.0,
            "초등학군":77.91,
            "중학군":54.64,
            "학군총점":59.294,
            "인구수":49.43,
            "인구증감":-8.0,
            "인구총점":32.201,
            "일자리":13.3,
            "소득수준":56.64,
            "일자리총점":26.302,
            "가치 총점":56.3441,
            "매매실거래년":20210918.0,
            "매매실거래가":87800.0,
            "전세실거래년":20200307.0,
            "전세실거래가":43000.0,
            "전세가율":61.69,
            "장기전세가율평균":70.52,
            "전세가율거품지수":8.83,
            "검색코드":13960,
            "세대수":339.0,
            "준공년월":"2006-03-31",
            "준공년차":17.0,
            "가까운역이름":"정릉",
            "가까운역거리":669.76,
            "역세권여부":"준역세권",
            "30분이내주요거점역":2,
            "1시간이내주요거점역":11,
            "3km이내백화점수":2,
            "5km이내아울렛몰수":1,
            "1km이내대형먀트수":0,
            "500m이내은행수":0,
            "500m이내병원수":7,
            "5km이내대형병원수":10,
            "500m이내공원수":0,
            "3km이내혐오시설수":0,
            "초등학교학업성취도":77.91,
            "중학교학업성취도":88.8,
            "용적률":218,
            "건폐율":15,
            "Y":37.597357,
            "X":127.010229,
            "rank":88.0,
            "area_info":"32평(106.96), 32평(106.89), 32평(107.12)",
            "last_sales":"2021-09-18,87800.0,32평(107.12)"
        },
        {
            "index":67,
            "아파트명":"길음현대",
            "투자타입":"일반",
            "전용면적(m2)":"42.97",
            "전용면적(평)":"12평",
            "법정동주소":"서울시 성북구 길음동 1277",
            "도로명주소":"서울시 성북구 길음로13길 11",
            "세대수":0,
            "입주년차":20,
            "용적률점수":"--",
            "건폐율점수":"--",
            "세대당주차수":0,
            "난방방식":30,
            "공급면적":"--",
            "전용률":"--",
            "욕실수":50,
            "현관타입":10,
            "주거총점":13.0,
            "지역구공급총점":0.0,
            "역세권":50,
            "30분내 이동가능 거점":40,
            "1시간내 이동가능 거점":100,
            "교통총점":57.0,
            "백화점":100,
            "아울렛몰":80,
            "대형마트":80,
            "은행":20,
            "병원":60,
            "종합병원":100,
            "공원":100,
            "혐오시설":0,
            "인프라총점":81.0,
            "초등학군":89.44,
            "중학군":53.6,
            "학군총점":60.768,
            "인구수":49.43,
            "인구증감":-8.0,
            "인구총점":32.201,
            "일자리":13.3,
            "소득수준":56.64,
            "일자리총점":26.302,
            "가치 총점":55.9652,
            "매매실거래년":20210830.0,
            "매매실거래가":48000.0,
            "전세실거래년":20211007.0,
            "전세실거래가":35000.0,
            "전세가율":72.92,
            "장기전세가율평균":70.52,
            "전세가율거품지수":-2.4,
            "검색코드":879,
            "세대수":132.0,
            "준공년월":"2000-12-28",
            "준공년차":23.0,
            "가까운역이름":"길음",
            "가까운역거리":693.39,
            "역세권여부":"준역세권",
            "30분이내주요거점역":2,
            "1시간이내주요거점역":10,
            "3km이내백화점수":2,
            "5km이내아울렛몰수":1,
            "1km이내대형먀트수":1,
            "500m이내은행수":2,
            "500m이내병원수":24,
            "5km이내대형병원수":9,
            "500m이내공원수":9,
            "3km이내혐오시설수":0,
            "초등학교학업성취도":89.44,
            "중학교학업성취도":88.0,
            "용적률":0,
            "건폐율":0,
            "Y":37.608129,
            "X":127.019912,
            "rank":89.0,
            "area_info":"12평(42.97), 23평(78.15), 28평(94.29)",
            "last_sales":"2021-08-30,48000.0,12평(42.97)"
        },
        {
            "index":280,
            "아파트명":"우남",
            "투자타입":"일반",
            "전용면적(m2)":"74.19",
            "전용면적(평)":"22평",
            "법정동주소":"서울시 성북구 상월곡동 55-56",
            "도로명주소":"서울시 성북구 화랑로15길 4",
            "세대수":0,
            "입주년차":0,
            "용적률점수":"--",
            "건폐율점수":"--",
            "세대당주차수":80,
            "난방방식":30,
            "공급면적":"--",
            "전용률":"--",
            "욕실수":50,
            "현관타입":10,
            "주거총점":21.0,
            "지역구공급총점":0.0,
            "역세권":80,
            "30분내 이동가능 거점":20,
            "1시간내 이동가능 거점":100,
            "교통총점":66.0,
            "백화점":100,
            "아울렛몰":0,
            "대형마트":80,
            "은행":0,
            "병원":30,
            "종합병원":100,
            "공원":100,
            "혐오시설":0,
            "인프라총점":68.0,
            "초등학군":90.95,
            "중학군":45.54,
            "학군총점":54.622,
            "인구수":49.43,
            "인구증감":-8.0,
            "인구총점":32.201,
            "일자리":13.3,
            "소득수준":56.64,
            "일자리총점":26.302,
            "가치 총점":55.8933,
            "매매실거래년":20200709.0,
            "매매실거래가":72500.0,
            "전세실거래년":20120419.0,
            "전세실거래가":14000.0,
            "전세가율":44.87,
            "장기전세가율평균":70.52,
            "전세가율거품지수":25.65,
            "검색코드":1182,
            "세대수":225.0,
            "준공년월":"1994-12-24",
            "준공년차":29.0,
            "가까운역이름":"상월곡",
            "가까운역거리":167.54,
            "역세권여부":"역세권",
            "30분이내주요거점역":1,
            "1시간이내주요거점역":12,
            "3km이내백화점수":3,
            "5km이내아울렛몰수":0,
            "1km이내대형먀트수":1,
            "500m이내은행수":0,
            "500m이내병원수":8,
            "5km이내대형병원수":12,
            "500m이내공원수":2,
            "3km이내혐오시설수":0,
            "초등학교학업성취도":90.95,
            "중학교학업성취도":74.7,
            "용적률":0,
            "건폐율":0,
            "Y":37.60587,
            "X":127.0467,
            "rank":90.0,
            "area_info":"22평(74.19), 23평(76.11), 26평(87.84), 26평(88.14), 32평(107.37), 42평(139.32), 59평(198.29)",
            "last_sales":"2020-07-09,72500.0,59평(198.29)"
        },
        {
            "index":328,
            "아파트명":"삼익",
            "투자타입":"재건축",
            "전용면적(m2)":"100.55",
            "전용면적(평)":"30평",
            "법정동주소":"서울시 성북구 안암동3가 135",
            "도로명주소":"서울시 성북구 안암로9길 30",
            "세대수":0,
            "입주년차":"--",
            "용적률점수":0,
            "건폐율점수":0,
            "세대당주차수":"--",
            "난방방식":"--",
            "공급면적":90,
            "전용률":100,
            "욕실수":"--",
            "현관타입":"--",
            "주거총점":9.5,
            "지역구공급총점":0.0,
            "역세권":50,
            "30분내 이동가능 거점":80,
            "1시간내 이동가능 거점":100,
            "교통총점":69.0,
            "백화점":100,
            "아울렛몰":80,
            "대형마트":0,
            "은행":70,
            "병원":30,
            "종합병원":100,
            "공원":80,
            "혐오시설":0,
            "인프라총점":70.4,
            "초등학군":90.64,
            "중학군":48.22,
            "학군총점":56.704,
            "인구수":49.43,
            "인구증감":-8.0,
            "인구총점":32.201,
            "일자리":13.3,
            "소득수준":56.64,
            "일자리총점":26.302,
            "가치 총점":55.6756,
            "매매실거래년":20210120.0,
            "매매실거래가":78000.0,
            "전세실거래년":20210520.0,
            "전세실거래가":31500.0,
            "전세가율":40.38,
            "장기전세가율평균":70.52,
            "전세가율거품지수":30.14,
            "검색코드":1185,
            "세대수":204.0,
            "준공년월":"1983-06-14",
            "준공년차":40.0,
            "가까운역이름":"안암",
            "가까운역거리":632.54,
            "역세권여부":"준역세권",
            "30분이내주요거점역":4,
            "1시간이내주요거점역":14,
            "3km이내백화점수":2,
            "5km이내아울렛몰수":1,
            "1km이내대형먀트수":0,
            "500m이내은행수":4,
            "500m이내병원수":9,
            "5km이내대형병원수":9,
            "500m이내공원수":1,
            "3km이내혐오시설수":0,
            "초등학교학업성취도":90.64,
            "중학교학업성취도":79.3,
            "용적률":0,
            "건폐율":0,
            "Y":37.581617,
            "X":127.024879,
            "rank":91.0,
            "area_info":"30평(100.55), 30평(100.48), 30평(100.55), 30평(100.48), 30평(101.56), 30평(101.56), 55평(182.15), 55평(182.15), 55평(184.2), 55평(184.2), 62평(207.39), 62평(207.39)",
            "last_sales":"2021-01-20,78000.0,30평(100.55)"
        },
        {
            "index":369,
            "아파트명":"래미안장위퍼스트하이",
            "투자타입":"일반",
            "전용면적(m2)":"84.17",
            "전용면적(평)":"25평",
            "법정동주소":"서울시 성북구 장위동 320",
            "도로명주소":"서울시 성북구 한천로 713",
            "세대수":100,
            "입주년차":100,
            "용적률점수":"--",
            "건폐율점수":"--",
            "세대당주차수":30,
            "난방방식":30,
            "공급면적":"--",
            "전용률":"--",
            "욕실수":100,
            "현관타입":100,
            "주거총점":82.5,
            "지역구공급총점":0.0,
            "역세권":50,
            "30분내 이동가능 거점":0,
            "1시간내 이동가능 거점":80,
            "교통총점":41.0,
            "백화점":100,
            "아울렛몰":0,
            "대형마트":0,
            "은행":0,
            "병원":60,
            "종합병원":100,
            "공원":0,
            "혐오시설":-50,
            "인프라총점":55.0,
            "초등학군":85.74,
            "중학군":47.72,
            "학군총점":55.324,
            "인구수":49.43,
            "인구증감":-8.0,
            "인구총점":32.201,
            "일자리":13.3,
            "소득수준":56.64,
            "일자리총점":26.302,
            "가치 총점":55.6486,
            "매매실거래년":20220104.0,
            "매매실거래가":110000.0,
            "전세실거래년":20211223.0,
            "전세실거래가":38850.0,
            "전세가율":37.36,
            "장기전세가율평균":70.52,
            "전세가율거품지수":33.16,
            "검색코드":113985,
            "세대수":1562.0,
            "준공년월":"2020-11-03",
            "준공년차":3.0,
            "가까운역이름":"광운대",
            "가까운역거리":921.11,
            "역세권여부":"준역세권",
            "30분이내주요거점역":0,
            "1시간이내주요거점역":8,
            "3km이내백화점수":2,
            "5km이내아울렛몰수":0,
            "1km이내대형먀트수":0,
            "500m이내은행수":0,
            "500m이내병원수":13,
            "5km이내대형병원수":10,
            "500m이내공원수":0,
            "3km이내혐오시설수":1,
            "초등학교학업성취도":85.74,
            "중학교학업성취도":78.4,
            "용적률":272,
            "건폐율":19,
            "Y":37.620521,
            "X":127.052142,
            "rank":92.0,
            "area_info":"25평(84.17), 33평(110.8), 33평(111.79), 33평(111.15), 38평(127.9), 43평(144.38)",
            "last_sales":"2022-01-04,110000.0,33평(111.15)"
        },
        {
            "index":311,
            "아파트명":"석관신동아파밀리에",
            "투자타입":"일반",
            "전용면적(m2)":"82.03",
            "전용면적(평)":"24평",
            "법정동주소":"서울시 성북구 석관동 408",
            "도로명주소":"서울시 성북구 화랑로 210-26",
            "세대수":0,
            "입주년차":60,
            "용적률점수":"--",
            "건폐율점수":"--",
            "세대당주차수":30,
            "난방방식":30,
            "공급면적":"--",
            "전용률":"--",
            "욕실수":100,
            "현관타입":100,
            "주거총점":39.5,
            "지역구공급총점":0.0,
            "역세권":80,
            "30분내 이동가능 거점":0,
            "1시간내 이동가능 거점":100,
            "교통총점":60.0,
            "백화점":100,
            "아울렛몰":0,
            "대형마트":0,
            "은행":20,
            "병원":60,
            "종합병원":100,
            "공원":100,
            "혐오시설":0,
            "인프라총점":61.0,
            "초등학군":88.28,
            "중학군":45.54,
            "학군총점":54.088,
            "인구수":49.43,
            "인구증감":-8.0,
            "인구총점":32.201,
            "일자리":13.3,
            "소득수준":56.64,
            "일자리총점":26.302,
            "가치 총점":55.3132,
            "매매실거래년":20210122.0,
            "매매실거래가":85000.0,
            "전세실거래년":20210624.0,
            "전세실거래가":50000.0,
            "전세가율":71.84,
            "장기전세가율평균":70.52,
            "전세가율거품지수":-1.32,
            "검색코드":27211,
            "세대수":199.0,
            "준공년월":"2011-01-28",
            "준공년차":12.0,
            "가까운역이름":"돌곶이",
            "가까운역거리":403.75,
            "역세권여부":"역세권",
            "30분이내주요거점역":0,
            "1시간이내주요거점역":10,
            "3km이내백화점수":2,
            "5km이내아울렛몰수":0,
            "1km이내대형먀트수":0,
            "500m이내은행수":2,
            "500m이내병원수":20,
            "5km이내대형병원수":13,
            "500m이내공원수":4,
            "3km이내혐오시설수":0,
            "초등학교학업성취도":88.28,
            "중학교학업성취도":74.7,
            "용적률":203,
            "건폐율":24,
            "Y":37.607399,
            "X":127.054125,
            "rank":93.0,
            "area_info":"24평(82.03), 24평(82.0), 33평(109.87), 33평(110.05), 34평(114.07), 45평(149.86), 45평(150.45)",
            "last_sales":"2021-01-22,85000.0,34평(114.07)"
        },
        {
            "index":459,
            "아파트명":"정릉우방",
            "투자타입":"일반",
            "전용면적(m2)":"81.91",
            "전용면적(평)":"24평",
            "법정동주소":"서울시 성북구 정릉동 1016",
            "도로명주소":"서울시 성북구 북악산로 746",
            "세대수":0,
            "입주년차":20,
            "용적률점수":"--",
            "건폐율점수":"--",
            "세대당주차수":0,
            "난방방식":30,
            "공급면적":"--",
            "전용률":"--",
            "욕실수":50,
            "현관타입":10,
            "주거총점":13.0,
            "지역구공급총점":0.0,
            "역세권":80,
            "30분내 이동가능 거점":40,
            "1시간내 이동가능 거점":100,
            "교통총점":72.0,
            "백화점":100,
            "아울렛몰":80,
            "대형마트":0,
            "은행":0,
            "병원":30,
            "종합병원":100,
            "공원":0,
            "혐오시설":0,
            "인프라총점":61.0,
            "초등학군":88.49,
            "중학군":54.64,
            "학군총점":61.41,
            "인구수":49.43,
            "인구증감":-8.0,
            "인구총점":32.201,
            "일자리":13.3,
            "소득수준":56.64,
            "일자리총점":26.302,
            "가치 총점":55.3115,
            "매매실거래년":20211104.0,
            "매매실거래가":58000.0,
            "전세실거래년":20220113.0,
            "전세실거래가":31000.0,
            "전세가율":53.45,
            "장기전세가율평균":70.52,
            "전세가율거품지수":17.07,
            "검색코드":589,
            "세대수":196.0,
            "준공년월":"1999-07-28",
            "준공년차":24.0,
            "가까운역이름":"정릉",
            "가까운역거리":405.97,
            "역세권여부":"역세권",
            "30분이내주요거점역":2,
            "1시간이내주요거점역":12,
            "3km이내백화점수":2,
            "5km이내아울렛몰수":1,
            "1km이내대형먀트수":0,
            "500m이내은행수":1,
            "500m이내병원수":8,
            "5km이내대형병원수":8,
            "500m이내공원수":0,
            "3km이내혐오시설수":0,
            "초등학교학업성취도":88.49,
            "중학교학업성취도":88.8,
            "용적률":395,
            "건폐율":29,
            "Y":37.600423,
            "X":127.00999,
            "rank":94.0,
            "area_info":"24평(81.91), 35평(116.08), 47평(155.87)",
            "last_sales":"2021-11-04,58000.0,24평(81.91)"
        },
        {
            "index":381,
            "아파트명":"우방",
            "투자타입":"일반",
            "전용면적(m2)":"57.84",
            "전용면적(평)":"17평",
            "법정동주소":"서울시 성북구 장위동 312",
            "도로명주소":"서울시 성북구 화랑로 235",
            "세대수":0,
            "입주년차":20,
            "용적률점수":"--",
            "건폐율점수":"--",
            "세대당주차수":30,
            "난방방식":30,
            "공급면적":"--",
            "전용률":"--",
            "욕실수":50,
            "현관타입":10,
            "주거총점":17.5,
            "지역구공급총점":0.0,
            "역세권":80,
            "30분내 이동가능 거점":20,
            "1시간내 이동가능 거점":100,
            "교통총점":66.0,
            "백화점":100,
            "아울렛몰":0,
            "대형마트":0,
            "은행":70,
            "병원":60,
            "종합병원":100,
            "공원":100,
            "혐오시설":0,
            "인프라총점":66.0,
            "초등학군":88.28,
            "중학군":45.54,
            "학군총점":54.088,
            "인구수":49.43,
            "인구증감":-8.0,
            "인구총점":32.201,
            "일자리":13.3,
            "소득수준":56.64,
            "일자리총점":26.302,
            "가치 총점":54.5132,
            "매매실거래년":20210607.0,
            "매매실거래가":78000.0,
            "전세실거래년":20210619.0,
            "전세실거래가":32500.0,
            "전세가율":79.66,
            "장기전세가율평균":70.52,
            "전세가율거품지수":-9.14,
            "검색코드":3537,
            "세대수":147.0,
            "준공년월":"2001-12-27",
            "준공년차":22.0,
            "가까운역이름":"돌곶이",
            "가까운역거리":152.39,
            "역세권여부":"역세권",
            "30분이내주요거점역":1,
            "1시간이내주요거점역":10,
            "3km이내백화점수":2,
            "5km이내아울렛몰수":0,
            "1km이내대형먀트수":0,
            "500m이내은행수":3,
            "500m이내병원수":20,
            "5km이내대형병원수":13,
            "500m이내공원수":2,
            "3km이내혐오시설수":0,
            "초등학교학업성취도":88.28,
            "중학교학업성취도":74.7,
            "용적률":0,
            "건폐율":0,
            "Y":37.610125,
            "X":127.054781,
            "rank":95.0,
            "area_info":"17평(57.84), 25평(83.78), 30평(100.47), 32평(106.96), 40평(133.6), 43평(144.42)",
            "last_sales":"2021-06-07,78000.0,43평(144.42)"
        },
        {
            "index":456,
            "아파트명":"정릉쌍용",
            "투자타입":"일반",
            "전용면적(m2)":"83.31",
            "전용면적(평)":"25평",
            "법정동주소":"서울시 성북구 정릉동 1017",
            "도로명주소":"서울시 성북구 북악산로 847",
            "세대수":0,
            "입주년차":20,
            "용적률점수":"--",
            "건폐율점수":"--",
            "세대당주차수":30,
            "난방방식":30,
            "공급면적":"--",
            "전용률":"--",
            "욕실수":50,
            "현관타입":10,
            "주거총점":17.5,
            "지역구공급총점":0.0,
            "역세권":50,
            "30분내 이동가능 거점":60,
            "1시간내 이동가능 거점":100,
            "교통총점":63.0,
            "백화점":100,
            "아울렛몰":80,
            "대형마트":0,
            "은행":0,
            "병원":60,
            "종합병원":100,
            "공원":100,
            "혐오시설":0,
            "인프라총점":67.0,
            "초등학군":88.96,
            "중학군":51.3,
            "학군총점":58.832,
            "인구수":49.43,
            "인구증감":-8.0,
            "인구총점":32.201,
            "일자리":13.3,
            "소득수준":56.64,
            "일자리총점":26.302,
            "가치 총점":54.4748,
            "매매실거래년":20210831.0,
            "매매실거래가":59900.0,
            "전세실거래년":20220118.0,
            "전세실거래가":37000.0,
            "전세가율":61.77,
            "장기전세가율평균":70.52,
            "전세가율거품지수":8.75,
            "검색코드":3538,
            "세대수":193.0,
            "준공년월":"1999-11-13",
            "준공년차":24.0,
            "가까운역이름":"정릉",
            "가까운역거리":531.43,
            "역세권여부":"준역세권",
            "30분이내주요거점역":3,
            "1시간이내주요거점역":10,
            "3km이내백화점수":2,
            "5km이내아울렛몰수":1,
            "1km이내대형먀트수":0,
            "500m이내은행수":0,
            "500m이내병원수":21,
            "5km이내대형병원수":9,
            "500m이내공원수":2,
            "3km이내혐오시설수":0,
            "초등학교학업성취도":88.96,
            "중학교학업성취도":83.3,
            "용적률":281,
            "건폐율":24,
            "Y":37.599744,
            "X":127.01813,
            "rank":96.0,
            "area_info":"25평(83.31), 32평(106.52), 43평(144.49)",
            "last_sales":"2021-08-31,59900.0,25평(83.31)"
        },
        {
            "index":375,
            "아파트명":"래미안장위포레카운티",
            "투자타입":"일반",
            "전용면적(m2)":"81.07",
            "전용면적(평)":"24평",
            "법정동주소":"서울시 성북구 장위동 322",
            "도로명주소":"서울시 성북구 장월로 160",
            "세대수":90,
            "입주년차":100,
            "용적률점수":"--",
            "건폐율점수":"--",
            "세대당주차수":30,
            "난방방식":30,
            "공급면적":"--",
            "전용률":"--",
            "욕실수":100,
            "현관타입":100,
            "주거총점":79.0,
            "지역구공급총점":0.0,
            "역세권":50,
            "30분내 이동가능 거점":0,
            "1시간내 이동가능 거점":90,
            "교통총점":43.0,
            "백화점":100,
            "아울렛몰":0,
            "대형마트":0,
            "은행":0,
            "병원":30,
            "종합병원":100,
            "공원":0,
            "혐오시설":0,
            "인프라총점":53.0,
            "초등학군":85.74,
            "중학군":34.22,
            "학군총점":44.524,
            "인구수":49.43,
            "인구증감":-8.0,
            "인구총점":32.201,
            "일자리":13.3,
            "소득수준":56.64,
            "일자리총점":26.302,
            "가치 총점":53.4286,
            "매매실거래년":20210927.0,
            "매매실거래가":124000.0,
            "전세실거래년":20211105.0,
            "전세실거래가":56000.0,
            "전세가율":54.37,
            "장기전세가율평균":70.52,
            "전세가율거품지수":16.15,
            "검색코드":113549,
            "세대수":939.0,
            "준공년월":"2021-05-31",
            "준공년차":2.0,
            "가까운역이름":"돌곶이",
            "가까운역거리":900.7,
            "역세권여부":"준역세권",
            "30분이내주요거점역":0,
            "1시간이내주요거점역":9,
            "3km이내백화점수":2,
            "5km이내아울렛몰수":0,
            "1km이내대형먀트수":0,
            "500m이내은행수":0,
            "500m이내병원수":9,
            "5km이내대형병원수":11,
            "500m이내공원수":0,
            "3km이내혐오시설수":0,
            "초등학교학업성취도":85.74,
            "중학교학업성취도":56.5,
            "용적률":259,
            "건폐율":17,
            "Y":37.618259,
            "X":127.053343,
            "rank":97.0,
            "area_info":"24평(81.07), 34평(114.0), 34평(115.29), 41평(136.09)",
            "last_sales":"2021-09-27,124000.0,34평(115.29)"
        },
        {
            "index":149,
            "아파트명":"동소문현대",
            "투자타입":"일반",
            "전용면적(m2)":"93.21",
            "전용면적(평)":"28평",
            "법정동주소":"서울시 성북구 돈암동 630",
            "도로명주소":"서울시 성북구 아리랑로5길 50-8",
            "세대수":0,
            "입주년차":0,
            "용적률점수":"--",
            "건폐율점수":"--",
            "세대당주차수":0,
            "난방방식":30,
            "공급면적":"--",
            "전용률":"--",
            "욕실수":50,
            "현관타입":50,
            "주거총점":13.0,
            "지역구공급총점":0.0,
            "역세권":50,
            "30분내 이동가능 거점":60,
            "1시간내 이동가능 거점":100,
            "교통총점":63.0,
            "백화점":100,
            "아울렛몰":80,
            "대형마트":0,
            "은행":0,
            "병원":60,
            "종합병원":100,
            "공원":0,
            "혐오시설":0,
            "인프라총점":64.0,
            "초등학군":88.49,
            "중학군":51.3,
            "학군총점":58.738,
            "인구수":49.43,
            "인구증감":-8.0,
            "인구총점":32.201,
            "일자리":13.3,
            "소득수준":56.64,
            "일자리총점":26.302,
            "가치 총점":52.6607,
            "매매실거래년":20210927.0,
            "매매실거래가":71000.0,
            "전세실거래년":20210125.0,
            "전세실거래가":26775.0,
            "전세가율":77.61,
            "장기전세가율평균":70.52,
            "전세가율거품지수":-7.09,
            "검색코드":839,
            "세대수":141.0,
            "준공년월":"1994-07-18",
            "준공년차":29.0,
            "가까운역이름":"정릉",
            "가까운역거리":525.13,
            "역세권여부":"준역세권",
            "30분이내주요거점역":3,
            "1시간이내주요거점역":11,
            "3km이내백화점수":2,
            "5km이내아울렛몰수":1,
            "1km이내대형먀트수":0,
            "500m이내은행수":0,
            "500m이내병원수":13,
            "5km이내대형병원수":9,
            "500m이내공원수":0,
            "3km이내혐오시설수":0,
            "초등학교학업성취도":88.49,
            "중학교학업성취도":83.3,
            "용적률":196,
            "건폐율":20,
            "Y":37.598138,
            "X":127.012523,
            "rank":98.0,
            "area_info":"28평(93.21), 28평(94.38), 31평(105.05)",
            "last_sales":"2021-09-27,71000.0,31평(105.05)"
        },
        {
            "index":13,
            "아파트명":"길음뉴타운3단지푸르지오",
            "투자타입":"일반",
            "전용면적(m2)":"77.6",
            "전용면적(평)":"23평",
            "법정동주소":"서울시 성북구 길음동 1280-1",
            "도로명주소":"서울시 성북구",
            "세대수":50,
            "입주년차":40,
            "용적률점수":"--",
            "건폐율점수":"--",
            "세대당주차수":30,
            "난방방식":30,
            "공급면적":"--",
            "전용률":"--",
            "욕실수":100,
            "현관타입":10,
            "주거총점":44.0,
            "지역구공급총점":0.0,
            "역세권":50,
            "30분내 이동가능 거점":0,
            "1시간내 이동가능 거점":60,
            "교통총점":37.0,
            "백화점":100,
            "아울렛몰":80,
            "대형마트":0,
            "은행":20,
            "병원":60,
            "종합병원":100,
            "공원":100,
            "혐오시설":0,
            "인프라총점":69.0,
            "초등학군":89.44,
            "중학군":53.6,
            "학군총점":60.768,
            "인구수":49.43,
            "인구증감":-8.0,
            "인구총점":32.201,
            "일자리":13.3,
            "소득수준":56.64,
            "일자리총점":26.302,
            "가치 총점":51.5652,
            "매매실거래년":20220111.0,
            "매매실거래가":89500.0,
            "전세실거래년":20220105.0,
            "전세실거래가":37800.0,
            "전세가율":46.1,
            "장기전세가율평균":70.52,
            "전세가율거품지수":24.42,
            "검색코드":100347,
            "세대수":434.0,
            "준공년월":"2005-04-20",
            "준공년차":18.0,
            "가까운역이름":"정릉",
            "가까운역거리":813.38,
            "역세권여부":"준역세권",
            "30분이내주요거점역":0,
            "1시간이내주요거점역":6,
            "3km이내백화점수":2,
            "5km이내아울렛몰수":1,
            "1km이내대형먀트수":0,
            "500m이내은행수":2,
            "500m이내병원수":13,
            "5km이내대형병원수":9,
            "500m이내공원수":8,
            "3km이내혐오시설수":0,
            "초등학교학업성취도":89.44,
            "중학교학업성취도":88.0,
            "용적률":254,
            "건폐율":18,
            "Y":37.609415,
            "X":127.017426,
            "rank":99.0,
            "area_info":"23평(77.6), 23평(77.49), 33평(112.33)",
            "last_sales":"2022-01-11,89500.0,33평(112.33)"
        },
        {
            "index":379,
            "아파트명":"석계역한일노벨리아시티(도시형)",
            "투자타입":"일반",
            "전용면적(m2)":"23.3",
            "전용면적(평)":"7평",
            "법정동주소":"서울시 성북구 장위동 8-2",
            "도로명주소":"서울시 성북구 화랑로 299",
            "세대수":0,
            "입주년차":100,
            "용적률점수":"--",
            "건폐율점수":"--",
            "세대당주차수":0,
            "난방방식":30,
            "공급면적":"--",
            "전용률":"--",
            "욕실수":50,
            "현관타입":10,
            "주거총점":29.0,
            "지역구공급총점":0.0,
            "역세권":80,
            "30분내 이동가능 거점":0,
            "1시간내 이동가능 거점":100,
            "교통총점":60.0,
            "백화점":100,
            "아울렛몰":0,
            "대형마트":0,
            "은행":20,
            "병원":30,
            "종합병원":100,
            "공원":80,
            "혐오시설":0,
            "인프라총점":57.4,
            "초등학군":88.28,
            "중학군":34.22,
            "학군총점":45.032,
            "인구수":49.43,
            "인구증감":-8.0,
            "인구총점":32.201,
            "일자리":13.3,
            "소득수준":56.64,
            "일자리총점":26.302,
            "가치 총점":50.7748,
            "매매실거래년":20211228.0,
            "매매실거래가":11550.0,
            "전세실거래년":20211213.0,
            "전세실거래가":11500.0,
            "전세가율":104.55,
            "장기전세가율평균":70.52,
            "전세가율거품지수":-34.03,
            "검색코드":117956,
            "세대수":299.0,
            "준공년월":"2019-09-03",
            "준공년차":4.0,
            "가까운역이름":"석계",
            "가까운역거리":434.08,
            "역세권여부":"역세권",
            "30분이내주요거점역":0,
            "1시간이내주요거점역":10,
            "3km이내백화점수":2,
            "5km이내아울렛몰수":0,
            "1km이내대형먀트수":0,
            "500m이내은행수":2,
            "500m이내병원수":6,
            "5km이내대형병원수":13,
            "500m이내공원수":1,
            "3km이내혐오시설수":0,
            "초등학교학업성취도":88.28,
            "중학교학업성취도":56.5,
            "용적률":512,
            "건폐율":56,
            "Y":37.613589,
            "X":127.061168,
            "rank":100.0,
            "area_info":"7평(23.3), 7평(24.06)",
            "last_sales":"2021-12-28,11550.0,7평(24.06)"
        },
        {
            "index":414,
            "아파트명":"산장",
            "투자타입":"재건축",
            "전용면적(m2)":"82.65",
            "전용면적(평)":"25평",
            "법정동주소":"서울시 성북구 정릉동 산87-85",
            "도로명주소":"서울시 성북구 북악산로 713",
            "세대수":0,
            "입주년차":"--",
            "용적률점수":100,
            "건폐율점수":60,
            "세대당주차수":"--",
            "난방방식":"--",
            "공급면적":70,
            "전용률":40,
            "욕실수":"--",
            "현관타입":"--",
            "주거총점":57.5,
            "지역구공급총점":0.0,
            "역세권":50,
            "30분내 이동가능 거점":0,
            "1시간내 이동가능 거점":90,
            "교통총점":43.0,
            "백화점":100,
            "아울렛몰":0,
            "대형마트":0,
            "은행":0,
            "병원":30,
            "종합병원":100,
            "공원":80,
            "혐오시설":0,
            "인프라총점":55.4,
            "초등학군":86.02,
            "중학군":41.68,
            "학군총점":50.548,
            "인구수":49.43,
            "인구증감":-8.0,
            "인구총점":32.201,
            "일자리":13.3,
            "소득수준":56.64,
            "일자리총점":26.302,
            "가치 총점":50.7522,
            "매매실거래년":"18000101",
            "매매실거래가":null,
            "전세실거래년":null,
            "전세실거래가":null,
            "전세가율":null,
            "장기전세가율평균":70.52,
            "전세가율거품지수":null,
            "검색코드":15711,
            "세대수":126.0,
            "준공년월":"1990-11-16",
            "준공년차":33.0,
            "가까운역이름":"북한산보국문",
            "가까운역거리":683.78,
            "역세권여부":"준역세권",
            "30분이내주요거점역":0,
            "1시간이내주요거점역":9,
            "3km이내백화점수":2,
            "5km이내아울렛몰수":0,
            "1km이내대형먀트수":0,
            "500m이내은행수":1,
            "500m이내병원수":5,
            "5km이내대형병원수":4,
            "500m이내공원수":1,
            "3km이내혐오시설수":0,
            "초등학교학업성취도":86.02,
            "중학교학업성취도":68.4,
            "용적률":101,
            "건폐율":33,
            "Y":37.600003,
            "X":127.007085,
            "rank":101.0,
            "area_info":"25평(82.65), 27평(89.26), 27평(89.26), 27평(92.56), 27평(92.56)",
            "last_sales":"1800-01-01,nan,25평(82.65)"
        },
        {
            "index":449,
            "아파트명":"정릉성원",
            "투자타입":"일반",
            "전용면적(m2)":"85.17",
            "전용면적(평)":"25평",
            "법정동주소":"서울시 성북구 정릉동 1019",
            "도로명주소":"서울시 성북구 정릉로21길 21",
            "세대수":0,
            "입주년차":20,
            "용적률점수":"--",
            "건폐율점수":"--",
            "세대당주차수":30,
            "난방방식":30,
            "공급면적":"--",
            "전용률":"--",
            "욕실수":50,
            "현관타입":10,
            "주거총점":17.5,
            "지역구공급총점":0.0,
            "역세권":50,
            "30분내 이동가능 거점":20,
            "1시간내 이동가능 거점":100,
            "교통총점":51.0,
            "백화점":100,
            "아울렛몰":80,
            "대형마트":0,
            "은행":0,
            "병원":80,
            "종합병원":100,
            "공원":80,
            "혐오시설":0,
            "인프라총점":68.4,
            "초등학군":83.56,
            "중학군":48.22,
            "학군총점":55.288,
            "인구수":49.43,
            "인구증감":-8.0,
            "인구총점":32.201,
            "일자리":13.3,
            "소득수준":56.64,
            "일자리총점":26.302,
            "가치 총점":50.1632,
            "매매실거래년":20211001.0,
            "매매실거래가":63300.0,
            "전세실거래년":20210616.0,
            "전세실거래가":25200.0,
            "전세가율":39.81,
            "장기전세가율평균":70.52,
            "전세가율거품지수":30.71,
            "검색코드":1188,
            "세대수":271.0,
            "준공년월":"2000-01-17",
            "준공년차":23.0,
            "가까운역이름":"정릉",
            "가까운역거리":625.97,
            "역세권여부":"준역세권",
            "30분이내주요거점역":1,
            "1시간이내주요거점역":10,
            "3km이내백화점수":2,
            "5km이내아울렛몰수":1,
            "1km이내대형먀트수":0,
            "500m이내은행수":1,
            "500m이내병원수":30,
            "5km이내대형병원수":9,
            "500m이내공원수":1,
            "3km이내혐오시설수":0,
            "초등학교학업성취도":83.56,
            "중학교학업성취도":79.3,
            "용적률":353,
            "건폐율":26,
            "Y":37.60669,
            "X":127.008356,
            "rank":102.0,
            "area_info":"25평(85.17), 33평(110.81), 33평(110.79), 43평(143.22)",
            "last_sales":"2021-10-01,63300.0,25평(85.17)"
        },
        {
            "index":490,
            "아파트명":"정릉풍림아이원",
            "투자타입":"일반",
            "전용면적(m2)":"79.8",
            "전용면적(평)":"24평",
            "법정동주소":"서울시 성북구 정릉동 239",
            "도로명주소":"서울시 성북구 솔샘로25길 28",
            "세대수":100,
            "입주년차":40,
            "용적률점수":"--",
            "건폐율점수":"--",
            "세대당주차수":30,
            "난방방식":30,
            "공급면적":"--",
            "전용률":"--",
            "욕실수":50,
            "현관타입":100,
            "주거총점":65.5,
            "지역구공급총점":0.0,
            "역세권":50,
            "30분내 이동가능 거점":0,
            "1시간내 이동가능 거점":50,
            "교통총점":35.0,
            "백화점":100,
            "아울렛몰":0,
            "대형마트":0,
            "은행":0,
            "병원":30,
            "종합병원":100,
            "공원":80,
            "혐오시설":0,
            "인프라총점":55.4,
            "초등학군":86.02,
            "중학군":44.68,
            "학군총점":52.948,
            "인구수":49.43,
            "인구증감":-8.0,
            "인구총점":32.201,
            "일자리":13.3,
            "소득수준":56.64,
            "일자리총점":26.302,
            "가치 총점":49.9122,
            "매매실거래년":20211011.0,
            "매매실거래가":79000.0,
            "전세실거래년":20211201.0,
            "전세실거래가":35000.0,
            "전세가율":50.0,
            "장기전세가율평균":70.52,
            "전세가율거품지수":20.52,
            "검색코드":3426,
            "세대수":1971.0,
            "준공년월":"2005-12-28",
            "준공년차":18.0,
            "가까운역이름":"솔샘",
            "가까운역거리":618.87,
            "역세권여부":"준역세권",
            "30분이내주요거점역":0,
            "1시간이내주요거점역":5,
            "3km이내백화점수":2,
            "5km이내아울렛몰수":0,
            "1km이내대형먀트수":0,
            "500m이내은행수":0,
            "500m이내병원수":5,
            "5km이내대형병원수":5,
            "500m이내공원수":1,
            "3km이내혐오시설수":0,
            "초등학교학업성취도":86.02,
            "중학교학업성취도":72.6,
            "용적률":256,
            "건폐율":22,
            "Y":37.618862,
            "X":127.007175,
            "rank":103.0,
            "area_info":"24평(79.8), 24평(81.95), 24평(81.91), 25평(85.56), 31평(105.32), 32평(108.08), 32평(108.27), 42평(139.16), 42평(141.56)",
            "last_sales":"2021-10-11,79000.0,42평(141.56)"
        },
        {
            "index":287,
            "아파트명":"두산",
            "투자타입":"일반",
            "전용면적(m2)":"72.01",
            "전용면적(평)":"21평",
            "법정동주소":"서울시 성북구 석관동 10",
            "도로명주소":"서울시 성북구 화랑로48길 16",
            "세대수":100,
            "입주년차":0,
            "용적률점수":"--",
            "건폐율점수":"--",
            "세대당주차수":30,
            "난방방식":30,
            "공급면적":"--",
            "전용률":"--",
            "욕실수":50,
            "현관타입":10,
            "주거총점":48.5,
            "지역구공급총점":0.0,
            "역세권":80,
            "30분내 이동가능 거점":0,
            "1시간내 이동가능 거점":100,
            "교통총점":60.0,
            "백화점":0,
            "아울렛몰":0,
            "대형마트":80,
            "은행":0,
            "병원":30,
            "종합병원":100,
            "공원":80,
            "혐오시설":0,
            "인프라총점":37.4,
            "초등학군":85.64,
            "중학군":39.14,
            "학군총점":48.44,
            "인구수":49.43,
            "인구증감":-8.0,
            "인구총점":32.201,
            "일자리":13.3,
            "소득수준":56.64,
            "일자리총점":26.302,
            "가치 총점":49.186,
            "매매실거래년":20210907.0,
            "매매실거래가":97000.0,
            "전세실거래년":20211016.0,
            "전세실거래가":29400.0,
            "전세가율":41.41,
            "장기전세가율평균":70.52,
            "전세가율거품지수":29.11,
            "검색코드":1183,
            "세대수":1998.0,
            "준공년월":"1998-04-18",
            "준공년차":25.0,
            "가까운역이름":"석계",
            "가까운역거리":302.58,
            "역세권여부":"역세권",
            "30분이내주요거점역":0,
            "1시간이내주요거점역":11,
            "3km이내백화점수":0,
            "5km이내아울렛몰수":0,
            "1km이내대형먀트수":1,
            "500m이내은행수":1,
            "500m이내병원수":7,
            "5km이내대형병원수":11,
            "500m이내공원수":1,
            "3km이내혐오시설수":0,
            "초등학교학업성취도":85.64,
            "중학교학업성취도":63.9,
            "용적률":277,
            "건폐율":17,
            "Y":37.613145,
            "X":127.068573,
            "rank":104.0,
            "area_info":"21평(72.01), 24평(80.48), 32평(108.12), 32평(108.18), 49평(163.1), 60평(199.78)",
            "last_sales":"2021-09-07,97000.0,32평(108.12)"
        },
        {
            "index":440,
            "아파트명":"정릉대우",
            "투자타입":"일반",
            "전용면적(m2)":"59.71",
            "전용면적(평)":"18평",
            "법정동주소":"서울시 성북구 정릉동 1021",
            "도로명주소":"서울시 성북구 보국문로30길 15",
            "세대수":80,
            "입주년차":20,
            "용적률점수":"--",
            "건폐율점수":"--",
            "세대당주차수":0,
            "난방방식":30,
            "공급면적":"--",
            "전용률":"--",
            "욕실수":50,
            "현관타입":10,
            "주거총점":41.0,
            "지역구공급총점":0.0,
            "역세권":50,
            "30분내 이동가능 거점":0,
            "1시간내 이동가능 거점":90,
            "교통총점":43.0,
            "백화점":100,
            "아울렛몰":0,
            "대형마트":0,
            "은행":0,
            "병원":30,
            "종합병원":100,
            "공원":80,
            "혐오시설":0,
            "인프라총점":55.4,
            "초등학군":86.02,
            "중학군":41.68,
            "학군총점":50.548,
            "인구수":49.43,
            "인구증감":-8.0,
            "인구총점":32.201,
            "일자리":13.3,
            "소득수준":56.64,
            "일자리총점":26.302,
            "가치 총점":47.4522,
            "매매실거래년":20210906.0,
            "매매실거래가":44500.0,
            "전세실거래년":20211211.0,
            "전세실거래가":27000.0,
            "전세가율":60.67,
            "장기전세가율평균":70.52,
            "전세가율거품지수":9.85,
            "검색코드":1186,
            "세대수":791.0,
            "준공년월":"2001-06-21",
            "준공년차":22.0,
            "가까운역이름":"북한산보국문",
            "가까운역거리":730.32,
            "역세권여부":"준역세권",
            "30분이내주요거점역":0,
            "1시간이내주요거점역":9,
            "3km이내백화점수":2,
            "5km이내아울렛몰수":0,
            "1km이내대형먀트수":0,
            "500m이내은행수":1,
            "500m이내병원수":5,
            "5km이내대형병원수":4,
            "500m이내공원수":1,
            "3km이내혐오시설수":0,
            "초등학교학업성취도":86.02,
            "중학교학업성취도":68.4,
            "용적률":349,
            "건폐율":29,
            "Y":37.617739,
            "X":127.003282,
            "rank":105.0,
            "area_info":"18평(59.71), 24평(82.38), 25평(83.23), 32평(108.16), 42평(141.2)",
            "last_sales":"2021-09-06,44500.0,18평(59.71)"
        },
        {
            "index":298,
            "아파트명":"래미안아트리치",
            "투자타입":"일반",
            "전용면적(m2)":"84.93",
            "전용면적(평)":"25평",
            "법정동주소":"서울시 성북구 석관동 410",
            "도로명주소":"서울시 성북구 돌곶이로8길 22",
            "세대수":90,
            "입주년차":100,
            "용적률점수":"--",
            "건폐율점수":"--",
            "세대당주차수":30,
            "난방방식":30,
            "공급면적":"--",
            "전용률":"--",
            "욕실수":100,
            "현관타입":100,
            "주거총점":79.0,
            "지역구공급총점":0.0,
            "역세권":50,
            "30분내 이동가능 거점":0,
            "1시간내 이동가능 거점":100,
            "교통총점":45.0,
            "백화점":0,
            "아울렛몰":0,
            "대형마트":0,
            "은행":20,
            "병원":30,
            "종합병원":100,
            "공원":0,
            "혐오시설":0,
            "인프라총점":25.0,
            "초등학군":89.38,
            "중학군":39.14,
            "학군총점":49.188,
            "인구수":49.43,
            "인구증감":-8.0,
            "인구총점":32.201,
            "일자리":13.3,
            "소득수준":56.64,
            "일자리총점":26.302,
            "가치 총점":46.4282,
            "매매실거래년":20210109.0,
            "매매실거래가":129000.0,
            "전세실거래년":null,
            "전세실거래가":null,
            "전세가율":null,
            "장기전세가율평균":70.52,
            "전세가율거품지수":null,
            "검색코드":114972,
            "세대수":1091.0,
            "준공년월":"2019-02-28",
            "준공년차":4.0,
            "가까운역이름":"신이문",
            "가까운역거리":585.31,
            "역세권여부":"준역세권",
            "30분이내주요거점역":0,
            "1시간이내주요거점역":10,
            "3km이내백화점수":0,
            "5km이내아울렛몰수":0,
            "1km이내대형먀트수":0,
            "500m이내은행수":2,
            "500m이내병원수":7,
            "5km이내대형병원수":12,
            "500m이내공원수":0,
            "3km이내혐오시설수":0,
            "초등학교학업성취도":89.38,
            "중학교학업성취도":63.9,
            "용적률":244,
            "건폐율":21,
            "Y":37.606168,
            "X":127.063518,
            "rank":106.0,
            "area_info":"25평(84.93), 25평(85.34), 25평(85.42), 25평(85.1), 25평(85.47), 34평(112.97), 34평(112.45), 34평(112.65), 34평(112.45), 41평(138.52)",
            "last_sales":"2021-01-09,129000.0,41평(138.52)"
        },
        {
            "index":354,
            "아파트명":"꿈의숲아이파크",
            "투자타입":"일반",
            "전용면적(m2)":"84.87",
            "전용면적(평)":"25평",
            "법정동주소":"서울시 성북구 장위동 189-3",
            "도로명주소":"서울시 성북구 돌곶이로40길 46",
            "세대수":100,
            "입주년차":100,
            "용적률점수":"--",
            "건폐율점수":"--",
            "세대당주차수":30,
            "난방방식":30,
            "공급면적":"--",
            "전용률":"--",
            "욕실수":100,
            "현관타입":100,
            "주거총점":82.5,
            "지역구공급총점":0.0,
            "역세권":0,
            "30분내 이동가능 거점":0,
            "1시간내 이동가능 거점":80,
            "교통총점":16.0,
            "백화점":100,
            "아울렛몰":0,
            "대형마트":0,
            "은행":0,
            "병원":60,
            "종합병원":100,
            "공원":100,
            "혐오시설":-50,
            "인프라총점":58.0,
            "초등학군":93.08,
            "중학군":34.22,
            "학군총점":45.992,
            "인구수":49.43,
            "인구증감":-8.0,
            "인구총점":32.201,
            "일자리":13.3,
            "소득수준":56.64,
            "일자리총점":26.302,
            "가치 총점":46.3988,
            "매매실거래년":20201230.0,
            "매매실거래가":106000.0,
            "전세실거래년":null,
            "전세실거래가":null,
            "전세가율":null,
            "장기전세가율평균":70.52,
            "전세가율거품지수":null,
            "검색코드":122863,
            "세대수":1703.0,
            "준공년월":"2020-12-01",
            "준공년차":3.0,
            "가까운역이름":"돌곶이",
            "가까운역거리":1171.56,
            "역세권여부":"비역세권",
            "30분이내주요거점역":0,
            "1시간이내주요거점역":8,
            "3km이내백화점수":2,
            "5km이내아울렛몰수":0,
            "1km이내대형먀트수":0,
            "500m이내은행수":0,
            "500m이내병원수":14,
            "5km이내대형병원수":10,
            "500m이내공원수":3,
            "3km이내혐오시설수":1,
            "초등학교학업성취도":93.08,
            "중학교학업성취도":56.5,
            "용적률":267,
            "건폐율":18,
            "Y":37.618675,
            "X":127.047983,
            "rank":107.0,
            "area_info":"25평(84.87), 25평(85.3), 30평(102.03), 34평(112.75), 34평(113.64), 42평(140.12)",
            "last_sales":"2020-12-30,106000.0,25평(84.87)"
        },
        {
            "index":530,
            "아파트명":"피오레1단지",
            "투자타입":"일반",
            "전용면적(m2)":"120.27",
            "전용면적(평)":"36평",
            "법정동주소":"서울시 성북구 정릉동 1024",
            "도로명주소":"서울시 성북구 보국문로 183",
            "세대수":0,
            "입주년차":40,
            "용적률점수":"--",
            "건폐율점수":"--",
            "세대당주차수":60,
            "난방방식":30,
            "공급면적":"--",
            "전용률":"--",
            "욕실수":100,
            "현관타입":100,
            "주거총점":40.0,
            "지역구공급총점":0.0,
            "역세권":50,
            "30분내 이동가능 거점":0,
            "1시간내 이동가능 거점":80,
            "교통총점":41.0,
            "백화점":100,
            "아울렛몰":0,
            "대형마트":0,
            "은행":0,
            "병원":10,
            "종합병원":100,
            "공원":80,
            "혐오시설":0,
            "인프라총점":53.4,
            "초등학군":86.02,
            "중학군":41.68,
            "학군총점":50.548,
            "인구수":49.43,
            "인구증감":-8.0,
            "인구총점":32.201,
            "일자리":13.3,
            "소득수준":56.64,
            "일자리총점":26.302,
            "가치 총점":45.9522,
            "매매실거래년":20201110.0,
            "매매실거래가":70000.0,
            "전세실거래년":20201224.0,
            "전세실거래가":31500.0,
            "전세가율":55.26,
            "장기전세가율평균":70.52,
            "전세가율거품지수":15.26,
            "검색코드":10670,
            "세대수":127.0,
            "준공년월":"2004-11-30",
            "준공년차":19.0,
            "가까운역이름":"북한산보국문",
            "가까운역거리":829.87,
            "역세권여부":"준역세권",
            "30분이내주요거점역":0,
            "1시간이내주요거점역":8,
            "3km이내백화점수":2,
            "5km이내아울렛몰수":0,
            "1km이내대형먀트수":0,
            "500m이내은행수":1,
            "500m이내병원수":3,
            "5km이내대형병원수":4,
            "500m이내공원수":1,
            "3km이내혐오시설수":0,
            "초등학교학업성취도":86.02,
            "중학교학업성취도":68.4,
            "용적률":0,
            "건폐율":0,
            "Y":37.617294,
            "X":127.000959,
            "rank":108.0,
            "area_info":"36평(120.27), 38평(127.14)",
            "last_sales":"2020-11-10,70000.0,38평(127.14)"
        },
        {
            "index":318,
            "아파트명":"중앙하이츠",
            "투자타입":"일반",
            "전용면적(m2)":"77.43",
            "전용면적(평)":"23평",
            "법정동주소":"서울시 성북구 석관동 110-2",
            "도로명주소":"서울시 성북구 한천로76길 73",
            "세대수":30,
            "입주년차":0,
            "용적률점수":"--",
            "건폐율점수":"--",
            "세대당주차수":0,
            "난방방식":30,
            "공급면적":"--",
            "전용률":"--",
            "욕실수":50,
            "현관타입":100,
            "주거총점":28.5,
            "지역구공급총점":0.0,
            "역세권":80,
            "30분내 이동가능 거점":0,
            "1시간내 이동가능 거점":100,
            "교통총점":60.0,
            "백화점":0,
            "아울렛몰":0,
            "대형마트":80,
            "은행":0,
            "병원":30,
            "종합병원":100,
            "공원":80,
            "혐오시설":0,
            "인프라총점":37.4,
            "초등학군":85.64,
            "중학군":39.14,
            "학군총점":48.44,
            "인구수":49.43,
            "인구증감":-8.0,
            "인구총점":32.201,
            "일자리":13.3,
            "소득수준":56.64,
            "일자리총점":26.302,
            "가치 총점":45.186,
            "매매실거래년":20211202.0,
            "매매실거래가":60000.0,
            "전세실거래년":20211218.0,
            "전세실거래가":32550.0,
            "전세가율":54.25,
            "장기전세가율평균":70.52,
            "전세가율거품지수":16.27,
            "검색코드":585,
            "세대수":315.0,
            "준공년월":"1994-06-24",
            "준공년차":29.0,
            "가까운역이름":"석계",
            "가까운역거리":365.96,
            "역세권여부":"역세권",
            "30분이내주요거점역":0,
            "1시간이내주요거점역":10,
            "3km이내백화점수":0,
            "5km이내아울렛몰수":0,
            "1km이내대형먀트수":1,
            "500m이내은행수":1,
            "500m이내병원수":7,
            "5km이내대형병원수":11,
            "500m이내공원수":1,
            "3km이내혐오시설수":0,
            "초등학교학업성취도":85.64,
            "중학교학업성취도":63.9,
            "용적률":0,
            "건폐율":0,
            "Y":37.611571,
            "X":127.066622,
            "rank":109.0,
            "area_info":"23평(77.43), 30평(99.68)",
            "last_sales":"2021-12-02,60000.0,23평(77.43)"
        },
        {
            "index":350,
            "아파트명":"꿈의숲대명루첸",
            "투자타입":"일반",
            "전용면적(m2)":"82.22",
            "전용면적(평)":"24평",
            "법정동주소":"서울시 성북구 장위동 317",
            "도로명주소":"서울시 성북구 월계로36길 27",
            "세대수":50,
            "입주년차":40,
            "용적률점수":"--",
            "건폐율점수":"--",
            "세대당주차수":60,
            "난방방식":30,
            "공급면적":"--",
            "전용률":"--",
            "욕실수":100,
            "현관타입":100,
            "주거총점":57.5,
            "지역구공급총점":0.0,
            "역세권":0,
            "30분내 이동가능 거점":0,
            "1시간내 이동가능 거점":90,
            "교통총점":18.0,
            "백화점":100,
            "아울렛몰":0,
            "대형마트":0,
            "은행":0,
            "병원":60,
            "종합병원":100,
            "공원":100,
            "혐오시설":-100,
            "인프라총점":57.0,
            "초등학군":91.19,
            "중학군":47.72,
            "학군총점":56.414,
            "인구수":49.43,
            "인구증감":-8.0,
            "인구총점":32.201,
            "일자리":13.3,
            "소득수준":56.64,
            "일자리총점":26.302,
            "가치 총점":43.3621,
            "매매실거래년":20211010.0,
            "매매실거래가":87500.0,
            "전세실거래년":20220108.0,
            "전세실거래가":50000.0,
            "전세가율":57.14,
            "장기전세가율평균":70.52,
            "전세가율거품지수":13.38,
            "검색코드":26344,
            "세대수":611.0,
            "준공년월":"2008-12-26",
            "준공년차":15.0,
            "가까운역이름":"광운대",
            "가까운역거리":1318.3,
            "역세권여부":"비역세권",
            "30분이내주요거점역":0,
            "1시간이내주요거점역":9,
            "3km이내백화점수":2,
            "5km이내아울렛몰수":0,
            "1km이내대형먀트수":0,
            "500m이내은행수":0,
            "500m이내병원수":12,
            "5km이내대형병원수":10,
            "500m이내공원수":2,
            "3km이내혐오시설수":2,
            "초등학교학업성취도":91.19,
            "중학교학업성취도":78.4,
            "용적률":248,
            "건폐율":21,
            "Y":37.620895,
            "X":127.047271,
            "rank":110.0,
            "area_info":"24평(82.22), 33평(109.86), 38평(126.64), 45평(149.98)",
            "last_sales":"2021-10-10,87500.0,24평(82.22)"
        },
        {
            "index":360,
            "아파트명":"꿈의숲코오롱하늘채",
            "투자타입":"일반",
            "전용면적(m2)":"80.92",
            "전용면적(평)":"24평",
            "법정동주소":"서울시 성북구 장위동 319",
            "도로명주소":"서울시 성북구 돌곶이로 220",
            "세대수":50,
            "입주년차":80,
            "용적률점수":"--",
            "건폐율점수":"--",
            "세대당주차수":30,
            "난방방식":30,
            "공급면적":"--",
            "전용률":"--",
            "욕실수":100,
            "현관타입":100,
            "주거총점":61.0,
            "지역구공급총점":0.0,
            "역세권":0,
            "30분내 이동가능 거점":0,
            "1시간내 이동가능 거점":90,
            "교통총점":18.0,
            "백화점":100,
            "아울렛몰":0,
            "대형마트":0,
            "은행":0,
            "병원":60,
            "종합병원":100,
            "공원":100,
            "혐오시설":-100,
            "인프라총점":57.0,
            "초등학군":91.19,
            "중학군":34.22,
            "학군총점":45.614,
            "인구수":49.43,
            "인구증감":-8.0,
            "인구총점":32.201,
            "일자리":13.3,
            "소득수준":56.64,
            "일자리총점":26.302,
            "가치 총점":42.4421,
            "매매실거래년":20210925.0,
            "매매실거래가":128500.0,
            "전세실거래년":20211214.0,
            "전세실거래가":36750.0,
            "전세가율":39.1,
            "장기전세가율평균":70.52,
            "전세가율거품지수":31.42,
            "검색코드":110300,
            "세대수":513.0,
            "준공년월":"2017-10-30",
            "준공년차":6.0,
            "가까운역이름":"돌곶이",
            "가까운역거리":1309.91,
            "역세권여부":"비역세권",
            "30분이내주요거점역":0,
            "1시간이내주요거점역":9,
            "3km이내백화점수":2,
            "5km이내아울렛몰수":0,
            "1km이내대형먀트수":0,
            "500m이내은행수":0,
            "500m이내병원수":13,
            "5km이내대형병원수":10,
            "500m이내공원수":3,
            "3km이내혐오시설수":2,
            "초등학교학업성취도":91.19,
            "중학교학업성취도":56.5,
            "용적률":280,
            "건폐율":22,
            "Y":37.619397,
            "X":127.04663,
            "rank":111.0,
            "area_info":"24평(80.92), 24평(82.29), 25평(83.1), 34평(115.07), 34평(115.16), 35평(115.96), 38평(128.9), 40평(132.3), 40평(134.88)",
            "last_sales":"2021-09-25,128500.0,34평(115.16)"
        },
        {
            "index":387,
            "아파트명":"참누리",
            "투자타입":"일반",
            "전용면적(m2)":"76.13",
            "전용면적(평)":"23평",
            "법정동주소":"서울시 성북구 장위동 316-5",
            "도로명주소":"서울시 성북구 한천로101길 18",
            "세대수":30,
            "입주년차":40,
            "용적률점수":"--",
            "건폐율점수":"--",
            "세대당주차수":30,
            "난방방식":30,
            "공급면적":"--",
            "전용률":"--",
            "욕실수":100,
            "현관타입":100,
            "주거총점":46.0,
            "지역구공급총점":0.0,
            "역세권":0,
            "30분내 이동가능 거점":20,
            "1시간내 이동가능 거점":90,
            "교통총점":24.0,
            "백화점":100,
            "아울렛몰":0,
            "대형마트":0,
            "은행":0,
            "병원":30,
            "종합병원":100,
            "공원":80,
            "혐오시설":-50,
            "인프라총점":54.4,
            "초등학군":91.19,
            "중학군":42.66,
            "학군총점":52.366,
            "인구수":49.43,
            "인구증감":-8.0,
            "인구총점":32.201,
            "일자리":13.3,
            "소득수준":56.64,
            "일자리총점":26.302,
            "가치 총점":41.7749,
            "매매실거래년":20210708.0,
            "매매실거래가":75500.0,
            "전세실거래년":20201006.0,
            "전세실거래가":44000.0,
            "전세가율":58.28,
            "장기전세가율평균":70.52,
            "전세가율거품지수":12.24,
            "검색코드":24090,
            "세대수":373.0,
            "준공년월":"2006-04-18",
            "준공년차":17.0,
            "가까운역이름":"광운대",
            "가까운역거리":1151.43,
            "역세권여부":"비역세권",
            "30분이내주요거점역":1,
            "1시간이내주요거점역":9,
            "3km이내백화점수":2,
            "5km이내아울렛몰수":0,
            "1km이내대형먀트수":0,
            "500m이내은행수":0,
            "500m이내병원수":6,
            "5km이내대형병원수":10,
            "500m이내공원수":1,
            "3km이내혐오시설수":1,
            "초등학교학업성취도":91.19,
            "중학교학업성취도":69.7,
            "용적률":231,
            "건폐율":21,
            "Y":37.62325,
            "X":127.04877,
            "rank":112.0,
            "area_info":"23평(76.13), 23평(76.15), 32평(107.89), 32평(107.89), 32평(107.77)",
            "last_sales":"2021-07-08,75500.0,23평(76.13)"
        },
        {
            "index":477,
            "아파트명":"정릉중앙하이츠",
            "투자타입":"일반",
            "전용면적(m2)":"71.25",
            "전용면적(평)":"21평",
            "법정동주소":"서울시 성북구 정릉동 809",
            "도로명주소":"서울시 성북구 보국문로32길 53",
            "세대수":0,
            "입주년차":20,
            "용적률점수":"--",
            "건폐율점수":"--",
            "세대당주차수":0,
            "난방방식":30,
            "공급면적":"--",
            "전용률":"--",
            "욕실수":50,
            "현관타입":100,
            "주거총점":22.0,
            "지역구공급총점":0.0,
            "역세권":50,
            "30분내 이동가능 거점":0,
            "1시간내 이동가능 거점":60,
            "교통총점":37.0,
            "백화점":100,
            "아울렛몰":0,
            "대형마트":0,
            "은행":0,
            "병원":10,
            "종합병원":100,
            "공원":80,
            "혐오시설":0,
            "인프라총점":53.4,
            "초등학군":86.02,
            "중학군":44.68,
            "학군총점":52.948,
            "인구수":49.43,
            "인구증감":-8.0,
            "인구총점":32.201,
            "일자리":13.3,
            "소득수준":56.64,
            "일자리총점":26.302,
            "가치 총점":41.3122,
            "매매실거래년":20200622.0,
            "매매실거래가":47000.0,
            "전세실거래년":20110731.0,
            "전세실거래가":12000.0,
            "전세가율":51.06,
            "장기전세가율평균":70.52,
            "전세가율거품지수":19.46,
            "검색코드":1189,
            "세대수":261.0,
            "준공년월":"1999-05-14",
            "준공년차":24.0,
            "가까운역이름":"북한산보국문",
            "가까운역거리":959.05,
            "역세권여부":"준역세권",
            "30분이내주요거점역":0,
            "1시간이내주요거점역":6,
            "3km이내백화점수":2,
            "5km이내아울렛몰수":0,
            "1km이내대형먀트수":0,
            "500m이내은행수":1,
            "500m이내병원수":3,
            "5km이내대형병원수":4,
            "500m이내공원수":1,
            "3km이내혐오시설수":0,
            "초등학교학업성취도":86.02,
            "중학교학업성취도":72.6,
            "용적률":268,
            "건폐율":30,
            "Y":37.619594,
            "X":127.002113,
            "rank":113.0,
            "area_info":"21평(71.25), 25평(83.84), 31평(102.48), 32평(107.66), 42평(141.72)",
            "last_sales":"2020-06-22,47000.0,42평(141.72)"
        },
        {
            "index":98,
            "아파트명":"신안파크",
            "투자타입":"재건축",
            "전용면적(m2)":"84.57",
            "전용면적(평)":"25평",
            "법정동주소":"서울시 성북구 길음동 635-168",
            "도로명주소":"서울시 성북구 길음로 141",
            "세대수":0,
            "입주년차":"--",
            "용적률점수":0,
            "건폐율점수":0,
            "세대당주차수":"--",
            "난방방식":"--",
            "공급면적":70,
            "전용률":80,
            "욕실수":"--",
            "현관타입":"--",
            "주거총점":7.5,
            "지역구공급총점":0.0,
            "역세권":50,
            "30분내 이동가능 거점":0,
            "1시간내 이동가능 거점":90,
            "교통총점":43.0,
            "백화점":100,
            "아울렛몰":0,
            "대형마트":0,
            "은행":0,
            "병원":10,
            "종합병원":100,
            "공원":0,
            "혐오시설":0,
            "인프라총점":51.0,
            "초등학군":90.62,
            "중학군":53.6,
            "학군총점":61.004,
            "인구수":49.43,
            "인구증감":-8.0,
            "인구총점":32.201,
            "일자리":13.3,
            "소득수준":56.64,
            "일자리총점":26.302,
            "가치 총점":41.0006,
            "매매실거래년":20210814.0,
            "매매실거래가":55000.0,
            "전세실거래년":20220104.0,
            "전세실거래가":25200.0,
            "전세가율":45.82,
            "장기전세가율평균":70.52,
            "전세가율거품지수":24.7,
            "검색코드":577,
            "세대수":252.0,
            "준공년월":"1988-11-26",
            "준공년차":35.0,
            "가까운역이름":"북한산보국문",
            "가까운역거리":723.96,
            "역세권여부":"준역세권",
            "30분이내주요거점역":0,
            "1시간이내주요거점역":9,
            "3km이내백화점수":2,
            "5km이내아울렛몰수":0,
            "1km이내대형먀트수":0,
            "500m이내은행수":1,
            "500m이내병원수":4,
            "5km이내대형병원수":7,
            "500m이내공원수":0,
            "3km이내혐오시설수":0,
            "초등학교학업성취도":90.62,
            "중학교학업성취도":88.0,
            "용적률":0,
            "건폐율":0,
            "Y":37.613989,
            "X":127.015961,
            "rank":114.0,
            "area_info":"25평(84.57), 29평(96.9)",
            "last_sales":"2021-08-14,55000.0,25평(84.57)"
        },
        {
            "index":412,
            "아파트명":"산장",
            "투자타입":"재건축",
            "전용면적(m2)":"66.12",
            "전용면적(평)":"20평",
            "법정동주소":"서울시 성북구 정릉동 780",
            "도로명주소":"서울시 성북구 보국문로 167",
            "세대수":0,
            "입주년차":"--",
            "용적률점수":0,
            "건폐율점수":0,
            "세대당주차수":"--",
            "난방방식":"--",
            "공급면적":50,
            "전용률":80,
            "욕실수":"--",
            "현관타입":"--",
            "주거총점":6.5,
            "지역구공급총점":0.0,
            "역세권":50,
            "30분내 이동가능 거점":0,
            "1시간내 이동가능 거점":90,
            "교통총점":43.0,
            "백화점":100,
            "아울렛몰":0,
            "대형마트":0,
            "은행":0,
            "병원":30,
            "종합병원":100,
            "공원":80,
            "혐오시설":0,
            "인프라총점":55.4,
            "초등학군":86.02,
            "중학군":41.68,
            "학군총점":50.548,
            "인구수":49.43,
            "인구증감":-8.0,
            "인구총점":32.201,
            "일자리":13.3,
            "소득수준":56.64,
            "일자리총점":26.302,
            "가치 총점":40.5522,
            "매매실거래년":20210829.0,
            "매매실거래가":42000.0,
            "전세실거래년":20211206.0,
            "전세실거래가":18900.0,
            "전세가율":45.0,
            "장기전세가율평균":70.52,
            "전세가율거품지수":25.52,
            "검색코드":1187,
            "세대수":264.0,
            "준공년월":"1977-12-29",
            "준공년차":46.0,
            "가까운역이름":"북한산보국문",
            "가까운역거리":683.78,
            "역세권여부":"준역세권",
            "30분이내주요거점역":0,
            "1시간이내주요거점역":9,
            "3km이내백화점수":2,
            "5km이내아울렛몰수":0,
            "1km이내대형먀트수":0,
            "500m이내은행수":1,
            "500m이내병원수":5,
            "5km이내대형병원수":4,
            "500m이내공원수":1,
            "3km이내혐오시설수":0,
            "초등학교학업성취도":86.02,
            "중학교학업성취도":68.4,
            "용적률":0,
            "건폐율":0,
            "Y":37.616678,
            "X":127.002503,
            "rank":115.0,
            "area_info":"20평(66.12), 25평(85.95)",
            "last_sales":"2021-08-29,42000.0,20평(66.12)"
        },
        {
            "index":320,
            "아파트명":"코오롱",
            "투자타입":"일반",
            "전용면적(m2)":"81.97",
            "전용면적(평)":"24평",
            "법정동주소":"서울시 성북구 석관동 405",
            "도로명주소":"서울시 성북구 한천로 509",
            "세대수":50,
            "입주년차":20,
            "용적률점수":"--",
            "건폐율점수":"--",
            "세대당주차수":30,
            "난방방식":30,
            "공급면적":"--",
            "전용률":"--",
            "욕실수":50,
            "현관타입":10,
            "주거총점":35.0,
            "지역구공급총점":0.0,
            "역세권":50,
            "30분내 이동가능 거점":20,
            "1시간내 이동가능 거점":90,
            "교통총점":49.0,
            "백화점":0,
            "아울렛몰":0,
            "대형마트":0,
            "은행":0,
            "병원":30,
            "종합병원":100,
            "공원":0,
            "혐오시설":0,
            "인프라총점":23.0,
            "초등학군":85.64,
            "중학군":39.14,
            "학군총점":48.44,
            "인구수":49.43,
            "인구증감":-8.0,
            "인구총점":32.201,
            "일자리":13.3,
            "소득수준":56.64,
            "일자리총점":26.302,
            "가치 총점":38.316,
            "매매실거래년":20210913.0,
            "매매실거래가":87500.0,
            "전세실거래년":20220105.0,
            "전세실거래가":26250.0,
            "전세가율":40.7,
            "장기전세가율평균":70.52,
            "전세가율거품지수":29.82,
            "검색코드":3536,
            "세대수":453.0,
            "준공년월":"1999-06-12",
            "준공년차":24.0,
            "가까운역이름":"신이문",
            "가까운역거리":522.4,
            "역세권여부":"준역세권",
            "30분이내주요거점역":1,
            "1시간이내주요거점역":9,
            "3km이내백화점수":0,
            "5km이내아울렛몰수":0,
            "1km이내대형먀트수":0,
            "500m이내은행수":0,
            "500m이내병원수":5,
            "5km이내대형병원수":12,
            "500m이내공원수":0,
            "3km이내혐오시설수":0,
            "초등학교학업성취도":85.64,
            "중학교학업성취도":63.9,
            "용적률":363,
            "건폐율":26,
            "Y":37.606346,
            "X":127.065588,
            "rank":116.0,
            "area_info":"24평(81.97), 24평(81.44), 32평(107.15), 43평(144.98), 46평(153.48)",
            "last_sales":"2021-09-13,87500.0,32평(107.15)"
        },
        {
            "index":308,
            "아파트명":"석관삼성",
            "투자타입":"일반",
            "전용면적(m2)":"78.98",
            "전용면적(평)":"23평",
            "법정동주소":"서울시 성북구 석관동 404",
            "도로명주소":"서울시 성북구 한천로68길 51",
            "세대수":0,
            "입주년차":0,
            "용적률점수":"--",
            "건폐율점수":"--",
            "세대당주차수":0,
            "난방방식":30,
            "공급면적":"--",
            "전용률":"--",
            "욕실수":50,
            "현관타입":10,
            "주거총점":9.0,
            "지역구공급총점":0.0,
            "역세권":50,
            "30분내 이동가능 거점":0,
            "1시간내 이동가능 거점":90,
            "교통총점":43.0,
            "백화점":0,
            "아울렛몰":0,
            "대형마트":0,
            "은행":0,
            "병원":60,
            "종합병원":100,
            "공원":80,
            "혐오시설":0,
            "인프라총점":28.4,
            "초등학군":85.64,
            "중학군":39.14,
            "학군총점":48.44,
            "인구수":49.43,
            "인구증감":-8.0,
            "인구총점":32.201,
            "일자리":13.3,
            "소득수준":56.64,
            "일자리총점":26.302,
            "가치 총점":32.636,
            "매매실거래년":20210701.0,
            "매매실거래가":59800.0,
            "전세실거래년":20210803.0,
            "전세실거래가":27000.0,
            "전세가율":54.55,
            "장기전세가율평균":70.52,
            "전세가율거품지수":15.97,
            "검색코드":3535,
            "세대수":114.0,
            "준공년월":"1997-06-14",
            "준공년차":26.0,
            "가까운역이름":"석계",
            "가까운역거리":529.91,
            "역세권여부":"준역세권",
            "30분이내주요거점역":0,
            "1시간이내주요거점역":9,
            "3km이내백화점수":0,
            "5km이내아울렛몰수":0,
            "1km이내대형먀트수":0,
            "500m이내은행수":1,
            "500m이내병원수":10,
            "5km이내대형병원수":12,
            "500m이내공원수":1,
            "3km이내혐오시설수":0,
            "초등학교학업성취도":85.64,
            "중학교학업성취도":63.9,
            "용적률":294,
            "건폐율":29,
            "Y":37.610056,
            "X":127.06535,
            "rank":117.0,
            "area_info":"23평(78.98), 32평(106.81), 33평(111.83)",
            "last_sales":"2021-07-01,59800.0,33평(111.83)"
        }
    ]
}