{
    "schema":{
        "fields":[
            {
                "name":"index",
                "type":"integer"
            },
            {
                "name":"아파트명",
                "type":"string"
            },
            {
                "name":"투자타입",
                "type":"string"
            },
            {
                "name":"전용면적(m2)",
                "type":"string"
            },
            {
                "name":"전용면적(평)",
                "type":"string"
            },
            {
                "name":"법정동주소",
                "type":"string"
            },
            {
                "name":"도로명주소",
                "type":"string"
            },
            {
                "name":"세대수",
                "type":"integer"
            },
            {
                "name":"입주년차",
                "type":"string"
            },
            {
                "name":"용적률점수",
                "type":"string"
            },
            {
                "name":"건폐율점수",
                "type":"string"
            },
            {
                "name":"세대당주차수",
                "type":"string"
            },
            {
                "name":"난방방식",
                "type":"string"
            },
            {
                "name":"공급면적",
                "type":"string"
            },
            {
                "name":"전용률",
                "type":"string"
            },
            {
                "name":"욕실수",
                "type":"string"
            },
            {
                "name":"현관타입",
                "type":"string"
            },
            {
                "name":"주거총점",
                "type":"number"
            },
            {
                "name":"지역구공급총점",
                "type":"number"
            },
            {
                "name":"역세권",
                "type":"integer"
            },
            {
                "name":"30분내 이동가능 거점",
                "type":"integer"
            },
            {
                "name":"1시간내 이동가능 거점",
                "type":"integer"
            },
            {
                "name":"교통총점",
                "type":"number"
            },
            {
                "name":"백화점",
                "type":"integer"
            },
            {
                "name":"아울렛몰",
                "type":"integer"
            },
            {
                "name":"대형마트",
                "type":"integer"
            },
            {
                "name":"은행",
                "type":"integer"
            },
            {
                "name":"병원",
                "type":"integer"
            },
            {
                "name":"종합병원",
                "type":"integer"
            },
            {
                "name":"공원",
                "type":"integer"
            },
            {
                "name":"혐오시설",
                "type":"integer"
            },
            {
                "name":"인프라총점",
                "type":"number"
            },
            {
                "name":"초등학군",
                "type":"number"
            },
            {
                "name":"중학군",
                "type":"number"
            },
            {
                "name":"학군총점",
                "type":"number"
            },
            {
                "name":"인구수",
                "type":"number"
            },
            {
                "name":"인구증감",
                "type":"number"
            },
            {
                "name":"인구총점",
                "type":"number"
            },
            {
                "name":"일자리",
                "type":"number"
            },
            {
                "name":"소득수준",
                "type":"number"
            },
            {
                "name":"일자리총점",
                "type":"number"
            },
            {
                "name":"가치 총점",
                "type":"number"
            },
            {
                "name":"매매실거래년",
                "type":"string"
            },
            {
                "name":"매매실거래가",
                "type":"number"
            },
            {
                "name":"전세실거래년",
                "type":"number"
            },
            {
                "name":"전세실거래가",
                "type":"number"
            },
            {
                "name":"전세가율",
                "type":"number"
            },
            {
                "name":"장기전세가율평균",
                "type":"number"
            },
            {
                "name":"전세가율거품지수",
                "type":"number"
            },
            {
                "name":"검색코드",
                "type":"integer"
            },
            {
                "name":"세대수",
                "type":"number"
            },
            {
                "name":"준공년월",
                "type":"string"
            },
            {
                "name":"준공년차",
                "type":"number"
            },
            {
                "name":"가까운역이름",
                "type":"string"
            },
            {
                "name":"가까운역거리",
                "type":"number"
            },
            {
                "name":"역세권여부",
                "type":"string"
            },
            {
                "name":"30분이내주요거점역",
                "type":"integer"
            },
            {
                "name":"1시간이내주요거점역",
                "type":"integer"
            },
            {
                "name":"3km이내백화점수",
                "type":"integer"
            },
            {
                "name":"5km이내아울렛몰수",
                "type":"integer"
            },
            {
                "name":"1km이내대형먀트수",
                "type":"integer"
            },
            {
                "name":"500m이내은행수",
                "type":"integer"
            },
            {
                "name":"500m이내병원수",
                "type":"integer"
            },
            {
                "name":"5km이내대형병원수",
                "type":"integer"
            },
            {
                "name":"500m이내공원수",
                "type":"integer"
            },
            {
                "name":"3km이내혐오시설수",
                "type":"integer"
            },
            {
                "name":"초등학교학업성취도",
                "type":"number"
            },
            {
                "name":"중학교학업성취도",
                "type":"number"
            },
            {
                "name":"용적률",
                "type":"integer"
            },
            {
                "name":"건폐율",
                "type":"integer"
            },
            {
                "name":"Y",
                "type":"number"
            },
            {
                "name":"X",
                "type":"number"
            },
            {
                "name":"rank",
                "type":"number"
            },
            {
                "name":"area_info",
                "type":"string"
            },
            {
                "name":"last_sales",
                "type":"string"
            }
        ],
        "primaryKey":[
            "index"
        ],
        "pandas_version":"1.4.0"
    },
    "data":[
        {
            "index":345,
            "아파트명":"삼성래미안",
            "투자타입":"재건축",
            "전용면적(m2)":"85.83",
            "전용면적(평)":"25평",
            "법정동주소":"서울시 도봉구 창동 45",
            "도로명주소":"서울시 도봉구 노해로66길 21",
            "세대수":100,
            "입주년차":"--",
            "용적률점수":60,
            "건폐율점수":100,
            "세대당주차수":"--",
            "난방방식":"--",
            "공급면적":70,
            "전용률":60,
            "욕실수":"--",
            "현관타입":"--",
            "주거총점":80.5,
            "지역구공급총점":100.0,
            "역세권":80,
            "30분내 이동가능 거점":0,
            "1시간내 이동가능 거점":70,
            "교통총점":54.0,
            "백화점":100,
            "아울렛몰":0,
            "대형마트":100,
            "은행":20,
            "병원":80,
            "종합병원":100,
            "공원":100,
            "혐오시설":0,
            "인프라총점":78.0,
            "초등학군":88.69,
            "중학군":50.98,
            "학군총점":58.522,
            "인구수":36.67,
            "인구증감":-16.38,
            "인구총점":20.755,
            "일자리":8.2,
            "소득수준":45.28,
            "일자리총점":19.324,
            "가치 총점":67.1783,
            "매매실거래년":20210830.0,
            "매매실거래가":104500.0,
            "전세실거래년":20220107.0,
            "전세실거래가":32500.0,
            "전세가율":39.63,
            "장기전세가율평균":66.53,
            "전세가율거품지수":26.9,
            "검색코드":313,
            "세대수":1668.0,
            "준공년월":"1992-07-31",
            "준공년차":31.0,
            "가까운역이름":"창동",
            "가까운역거리":438.47,
            "역세권여부":"역세권",
            "30분이내주요거점역":0,
            "1시간이내주요거점역":7,
            "3km이내백화점수":1,
            "5km이내아울렛몰수":0,
            "1km이내대형먀트수":2,
            "500m이내은행수":2,
            "500m이내병원수":46,
            "5km이내대형병원수":5,
            "500m이내공원수":7,
            "3km이내혐오시설수":0,
            "초등학교학업성취도":88.69,
            "중학교학업성취도":83.5,
            "용적률":249,
            "건폐율":15,
            "Y":37.649265,
            "X":127.048458,
            "rank":1.0,
            "area_info":"25평(85.83), 26평(86.12), 28평(93.89), 28평(93.78), 32평(105.99), 31평(105.58)",
            "last_sales":"2021-08-30,104500.0,32평(105.99)"
        },
        {
            "index":389,
            "아파트명":"주공18단지",
            "투자타입":"재건축",
            "전용면적(m2)":"45.2",
            "전용면적(평)":"13평",
            "법정동주소":"서울시 도봉구 창동 30",
            "도로명주소":"서울시 도봉구 노해로70길 119",
            "세대수":90,
            "입주년차":"--",
            "용적률점수":100,
            "건폐율점수":100,
            "세대당주차수":"--",
            "난방방식":"--",
            "공급면적":50,
            "전용률":60,
            "욕실수":"--",
            "현관타입":"--",
            "주거총점":92.5,
            "지역구공급총점":100.0,
            "역세권":80,
            "30분내 이동가능 거점":0,
            "1시간내 이동가능 거점":60,
            "교통총점":52.0,
            "백화점":100,
            "아울렛몰":0,
            "대형마트":100,
            "은행":0,
            "병원":10,
            "종합병원":100,
            "공원":100,
            "혐오시설":-50,
            "인프라총점":68.0,
            "초등학군":86.4,
            "중학군":57.78,
            "학군총점":63.504,
            "인구수":36.67,
            "인구증감":-16.38,
            "인구총점":20.755,
            "일자리":8.2,
            "소득수준":45.28,
            "일자리총점":19.324,
            "가치 총점":66.6256,
            "매매실거래년":20211112.0,
            "매매실거래가":63000.0,
            "전세실거래년":20220108.0,
            "전세실거래가":12600.0,
            "전세가율":23.33,
            "장기전세가율평균":66.53,
            "전세가율거품지수":43.2,
            "검색코드":102830,
            "세대수":910.0,
            "준공년월":"1988-10-26",
            "준공년차":35.0,
            "가까운역이름":"녹천",
            "가까운역거리":240.55,
            "역세권여부":"역세권",
            "30분이내주요거점역":0,
            "1시간이내주요거점역":6,
            "3km이내백화점수":1,
            "5km이내아울렛몰수":0,
            "1km이내대형먀트수":2,
            "500m이내은행수":0,
            "500m이내병원수":4,
            "5km이내대형병원수":5,
            "500m이내공원수":5,
            "3km이내혐오시설수":1,
            "초등학교학업성취도":86.4,
            "중학교학업성취도":92.7,
            "용적률":138,
            "건폐율":13,
            "Y":37.6469,
            "X":127.05192,
            "rank":2.0,
            "area_info":"13평(45.2), 17평(57.77), 18평(60.52), 18평(60.07), 19평(63.64), 22평(74.53), 24평(82.57), 25평(85.78), 30평(100.72)",
            "last_sales":"2021-11-12,63000.0,17평(57.77)"
        },
        {
            "index":456,
            "아파트명":"창동주공4단지",
            "투자타입":"재건축",
            "전용면적(m2)":"52.55",
            "전용면적(평)":"15평",
            "법정동주소":"서울시 도봉구 창동 380",
            "도로명주소":"서울시 도봉구 덕릉로 350",
            "세대수":100,
            "입주년차":"--",
            "용적률점수":80,
            "건폐율점수":100,
            "세대당주차수":"--",
            "난방방식":"--",
            "공급면적":50,
            "전용률":40,
            "욕실수":"--",
            "현관타입":"--",
            "주거총점":86.5,
            "지역구공급총점":100.0,
            "역세권":80,
            "30분내 이동가능 거점":0,
            "1시간내 이동가능 거점":70,
            "교통총점":54.0,
            "백화점":100,
            "아울렛몰":0,
            "대형마트":80,
            "은행":0,
            "병원":0,
            "종합병원":100,
            "공원":100,
            "혐오시설":0,
            "인프라총점":65.0,
            "초등학군":88.69,
            "중학군":50.98,
            "학군총점":58.522,
            "인구수":36.67,
            "인구증감":-16.38,
            "인구총점":20.755,
            "일자리":8.2,
            "소득수준":45.28,
            "일자리총점":19.324,
            "가치 총점":64.4783,
            "매매실거래년":20211028.0,
            "매매실거래가":69800.0,
            "전세실거래년":20220105.0,
            "전세실거래가":12600.0,
            "전세가율":21.36,
            "장기전세가율평균":66.53,
            "전세가율거품지수":45.17,
            "검색코드":328,
            "세대수":1710.0,
            "준공년월":"1991-11-12",
            "준공년차":32.0,
            "가까운역이름":"녹천",
            "가까운역거리":347.97,
            "역세권여부":"역세권",
            "30분이내주요거점역":0,
            "1시간이내주요거점역":7,
            "3km이내백화점수":1,
            "5km이내아울렛몰수":0,
            "1km이내대형먀트수":1,
            "500m이내은행수":0,
            "500m이내병원수":1,
            "5km이내대형병원수":5,
            "500m이내공원수":6,
            "3km이내혐오시설수":0,
            "초등학교학업성취도":88.69,
            "중학교학업성취도":83.5,
            "용적률":151,
            "건폐율":10,
            "Y":37.645296,
            "X":127.047367,
            "rank":3.0,
            "area_info":"15평(52.55), 15평(52.81), 17평(57.15), 17평(58.37), 18평(60.33), 20평(69.1), 21평(71.0), 22평(72.95)",
            "last_sales":"2021-10-28,69800.0,21평(71.0)"
        },
        {
            "index":279,
            "아파트명":"한양1차",
            "투자타입":"재건축",
            "전용면적(m2)":"71.12",
            "전용면적(평)":"21평",
            "법정동주소":"서울시 도봉구 쌍문동 388-33",
            "도로명주소":"서울시 도봉구 우이천로 304",
            "세대수":80,
            "입주년차":"--",
            "용적률점수":80,
            "건폐율점수":100,
            "세대당주차수":"--",
            "난방방식":"--",
            "공급면적":50,
            "전용률":60,
            "욕실수":"--",
            "현관타입":"--",
            "주거총점":81.5,
            "지역구공급총점":100.0,
            "역세권":80,
            "30분내 이동가능 거점":0,
            "1시간내 이동가능 거점":80,
            "교통총점":56.0,
            "백화점":100,
            "아울렛몰":0,
            "대형마트":0,
            "은행":70,
            "병원":80,
            "종합병원":100,
            "공원":100,
            "혐오시설":0,
            "인프라총점":68.0,
            "초등학군":88.12,
            "중학군":44.22,
            "학군총점":53.0,
            "인구수":36.67,
            "인구증감":-16.38,
            "인구총점":20.755,
            "일자리":8.2,
            "소득수준":45.28,
            "일자리총점":19.324,
            "가치 총점":64.25,
            "매매실거래년":20210721.0,
            "매매실거래가":81500.0,
            "전세실거래년":20211214.0,
            "전세실거래가":19950.0,
            "전세가율":34.7,
            "장기전세가율평균":66.53,
            "전세가율거품지수":31.83,
            "검색코드":299,
            "세대수":824.0,
            "준공년월":"1986-12-02",
            "준공년차":37.0,
            "가까운역이름":"쌍문",
            "가까운역거리":449.36,
            "역세권여부":"역세권",
            "30분이내주요거점역":0,
            "1시간이내주요거점역":8,
            "3km이내백화점수":1,
            "5km이내아울렛몰수":0,
            "1km이내대형먀트수":0,
            "500m이내은행수":3,
            "500m이내병원수":36,
            "5km이내대형병원수":5,
            "500m이내공원수":4,
            "3km이내혐오시설수":0,
            "초등학교학업성취도":88.12,
            "중학교학업성취도":71.5,
            "용적률":172,
            "건폐율":15,
            "Y":37.646116,
            "X":127.03071,
            "rank":4.0,
            "area_info":"21평(71.12), 27평(91.01), 29평(97.97)",
            "last_sales":"2021-07-21,81500.0,29평(97.97)"
        },
        {
            "index":398,
            "아파트명":"주공19단지",
            "투자타입":"재건축",
            "전용면적(m2)":"77.11",
            "전용면적(평)":"23평",
            "법정동주소":"서울시 도봉구 창동 33",
            "도로명주소":"서울시 도봉구 노해로70길 19",
            "세대수":100,
            "입주년차":"--",
            "용적률점수":80,
            "건폐율점수":0,
            "세대당주차수":"--",
            "난방방식":"--",
            "공급면적":50,
            "전용률":60,
            "욕실수":"--",
            "현관타입":"--",
            "주거총점":67.5,
            "지역구공급총점":100.0,
            "역세권":80,
            "30분내 이동가능 거점":0,
            "1시간내 이동가능 거점":70,
            "교통총점":54.0,
            "백화점":100,
            "아울렛몰":0,
            "대형마트":100,
            "은행":0,
            "병원":60,
            "종합병원":100,
            "공원":100,
            "혐오시설":0,
            "인프라총점":74.0,
            "초등학군":86.4,
            "중학군":57.78,
            "학군총점":63.504,
            "인구수":36.67,
            "인구증감":-16.38,
            "인구총점":20.755,
            "일자리":8.2,
            "소득수준":45.28,
            "일자리총점":19.324,
            "가치 총점":64.1256,
            "매매실거래년":20211227.0,
            "매매실거래가":89000.0,
            "전세실거래년":20220112.0,
            "전세실거래가":32000.0,
            "전세가율":35.96,
            "장기전세가율평균":66.53,
            "전세가율거품지수":30.57,
            "검색코드":317,
            "세대수":1764.0,
            "준공년월":"1988-11-25",
            "준공년차":35.0,
            "가까운역이름":"녹천",
            "가까운역거리":474.74,
            "역세권여부":"역세권",
            "30분이내주요거점역":0,
            "1시간이내주요거점역":7,
            "3km이내백화점수":1,
            "5km이내아울렛몰수":0,
            "1km이내대형먀트수":2,
            "500m이내은행수":1,
            "500m이내병원수":17,
            "5km이내대형병원수":5,
            "500m이내공원수":4,
            "3km이내혐오시설수":0,
            "초등학교학업성취도":86.4,
            "중학교학업성취도":92.7,
            "용적률":164,
            "건폐율":0,
            "Y":37.649063,
            "X":127.051541,
            "rank":5.0,
            "area_info":"23평(77.11), 25평(85.0), 25평(85.69), 28평(92.72), 29평(96.75), 32평(108.0), 35평(118.08), 38평(126.89)",
            "last_sales":"2021-12-27,89000.0,23평(77.11)"
        },
        {
            "index":67,
            "아파트명":"대상타운현대",
            "투자타입":"일반",
            "전용면적(m2)":"80.24",
            "전용면적(평)":"24평",
            "법정동주소":"서울시 도봉구 방학동 720-1",
            "도로명주소":"서울시 도봉구 마들로 616",
            "세대수":90,
            "입주년차":20,
            "용적률점수":"--",
            "건폐율점수":"--",
            "세대당주차수":60,
            "난방방식":30,
            "공급면적":"--",
            "전용률":"--",
            "욕실수":100,
            "현관타입":100,
            "주거총점":67.5,
            "지역구공급총점":100.0,
            "역세권":80,
            "30분내 이동가능 거점":0,
            "1시간내 이동가능 거점":50,
            "교통총점":50.0,
            "백화점":100,
            "아울렛몰":0,
            "대형마트":100,
            "은행":70,
            "병원":60,
            "종합병원":100,
            "공원":100,
            "혐오시설":-50,
            "인프라총점":80.0,
            "초등학군":88.08,
            "중학군":51.8,
            "학군총점":59.056,
            "인구수":36.67,
            "인구증감":-16.38,
            "인구총점":20.755,
            "일자리":8.2,
            "소득수준":45.28,
            "일자리총점":19.324,
            "가치 총점":63.8584,
            "매매실거래년":20211221.0,
            "매매실거래가":102900.0,
            "전세실거래년":20210810.0,
            "전세실거래가":45000.0,
            "전세가율":53.13,
            "장기전세가율평균":66.53,
            "전세가율거품지수":13.4,
            "검색코드":2980,
            "세대수":1278.0,
            "준공년월":"2001-10-29",
            "준공년차":22.0,
            "가까운역이름":"방학",
            "가까운역거리":387.01,
            "역세권여부":"역세권",
            "30분이내주요거점역":0,
            "1시간이내주요거점역":5,
            "3km이내백화점수":1,
            "5km이내아울렛몰수":0,
            "1km이내대형먀트수":2,
            "500m이내은행수":4,
            "500m이내병원수":27,
            "5km이내대형병원수":4,
            "500m이내공원수":2,
            "3km이내혐오시설수":1,
            "초등학교학업성취도":88.08,
            "중학교학업성취도":84.4,
            "용적률":301,
            "건폐율":19,
            "Y":37.665538,
            "X":127.047902,
            "rank":6.0,
            "area_info":"24평(80.24), 33평(109.43), 38평(127.14), 38평(128.2), 49평(164.73), 59평(198.3)",
            "last_sales":"2021-12-21,102900.0,33평(109.43)"
        },
        {
            "index":325,
            "아파트명":"동아",
            "투자타입":"재건축",
            "전용면적(m2)":"105.43",
            "전용면적(평)":"31평",
            "법정동주소":"서울시 도봉구 창동 26",
            "도로명주소":"서울시 도봉구 노해로70길 12",
            "세대수":50,
            "입주년차":"--",
            "용적률점수":80,
            "건폐율점수":0,
            "세대당주차수":"--",
            "난방방식":"--",
            "공급면적":90,
            "전용률":80,
            "욕실수":"--",
            "현관타입":"--",
            "주거총점":55.5,
            "지역구공급총점":100.0,
            "역세권":80,
            "30분내 이동가능 거점":0,
            "1시간내 이동가능 거점":70,
            "교통총점":54.0,
            "백화점":100,
            "아울렛몰":0,
            "대형마트":100,
            "은행":70,
            "병원":80,
            "종합병원":100,
            "공원":100,
            "혐오시설":0,
            "인프라총점":83.0,
            "초등학군":86.4,
            "중학군":50.98,
            "학군총점":58.064,
            "인구수":36.67,
            "인구증감":-16.38,
            "인구총점":20.755,
            "일자리":8.2,
            "소득수준":45.28,
            "일자리총점":19.324,
            "가치 총점":63.6096,
            "매매실거래년":20211009.0,
            "매매실거래가":105000.0,
            "전세실거래년":20211008.0,
            "전세실거래가":34650.0,
            "전세가율":31.5,
            "장기전세가율평균":66.53,
            "전세가율거품지수":35.03,
            "검색코드":310,
            "세대수":600.0,
            "준공년월":"1988-12-29",
            "준공년차":35.0,
            "가까운역이름":"창동",
            "가까운역거리":309.71,
            "역세권여부":"역세권",
            "30분이내주요거점역":0,
            "1시간이내주요거점역":7,
            "3km이내백화점수":1,
            "5km이내아울렛몰수":0,
            "1km이내대형먀트수":2,
            "500m이내은행수":3,
            "500m이내병원수":48,
            "5km이내대형병원수":5,
            "500m이내공원수":4,
            "3km이내혐오시설수":0,
            "초등학교학업성취도":86.4,
            "중학교학업성취도":83.5,
            "용적률":212,
            "건폐율":0,
            "Y":37.651212,
            "X":127.050238,
            "rank":7.0,
            "area_info":"31평(105.43), 32평(106.74), 38평(127.79)",
            "last_sales":"2021-10-09,105000.0,32평(106.74)"
        },
        {
            "index":435,
            "아파트명":"창동주공2단지",
            "투자타입":"재건축",
            "전용면적(m2)":"52.55",
            "전용면적(평)":"15평",
            "법정동주소":"서울시 도봉구 창동 316",
            "도로명주소":"서울시 도봉구 해등로12길 44",
            "세대수":80,
            "입주년차":"--",
            "용적률점수":80,
            "건폐율점수":0,
            "세대당주차수":"--",
            "난방방식":"--",
            "공급면적":50,
            "전용률":40,
            "욕실수":"--",
            "현관타입":"--",
            "주거총점":60.5,
            "지역구공급총점":100.0,
            "역세권":80,
            "30분내 이동가능 거점":0,
            "1시간내 이동가능 거점":70,
            "교통총점":54.0,
            "백화점":100,
            "아울렛몰":0,
            "대형마트":100,
            "은행":20,
            "병원":80,
            "종합병원":100,
            "공원":100,
            "혐오시설":0,
            "인프라총점":78.0,
            "초등학군":87.4,
            "중학군":45.54,
            "학군총점":53.912,
            "인구수":36.67,
            "인구증감":-16.38,
            "인구총점":20.755,
            "일자리":8.2,
            "소득수준":45.28,
            "일자리총점":19.324,
            "가치 총점":62.4868,
            "매매실거래년":20211005.0,
            "매매실거래가":59000.0,
            "전세실거래년":20211220.0,
            "전세실거래가":18000.0,
            "전세가율":30.51,
            "장기전세가율평균":66.53,
            "전세가율거품지수":36.02,
            "검색코드":325,
            "세대수":750.0,
            "준공년월":"1990-07-12",
            "준공년차":33.0,
            "가까운역이름":"창동",
            "가까운역거리":446.63,
            "역세권여부":"역세권",
            "30분이내주요거점역":0,
            "1시간이내주요거점역":7,
            "3km이내백화점수":1,
            "5km이내아울렛몰수":0,
            "1km이내대형먀트수":3,
            "500m이내은행수":2,
            "500m이내병원수":39,
            "5km이내대형병원수":5,
            "500m이내공원수":4,
            "3km이내혐오시설수":0,
            "초등학교학업성취도":87.4,
            "중학교학업성취도":75.1,
            "용적률":203,
            "건폐율":0,
            "Y":37.652899,
            "X":127.042669,
            "rank":8.0,
            "area_info":"15평(52.55), 15평(52.81), 17평(57.15), 18평(60.52), 18평(60.07), 21평(71.0)",
            "last_sales":"2021-10-05,59000.0,15평(52.55)"
        },
        {
            "index":441,
            "아파트명":"창동주공3단지",
            "투자타입":"재건축",
            "전용면적(m2)":"58.72",
            "전용면적(평)":"17평",
            "법정동주소":"서울시 도봉구 창동 347",
            "도로명주소":"서울시 도봉구 해등로 50",
            "세대수":100,
            "입주년차":"--",
            "용적률점수":80,
            "건폐율점수":100,
            "세대당주차수":"--",
            "난방방식":"--",
            "공급면적":50,
            "전용률":60,
            "욕실수":"--",
            "현관타입":"--",
            "주거총점":87.5,
            "지역구공급총점":100.0,
            "역세권":50,
            "30분내 이동가능 거점":0,
            "1시간내 이동가능 거점":60,
            "교통총점":37.0,
            "백화점":100,
            "아울렛몰":0,
            "대형마트":100,
            "은행":0,
            "병원":80,
            "종합병원":100,
            "공원":100,
            "혐오시설":0,
            "인프라총점":76.0,
            "초등학군":88.69,
            "중학군":50.98,
            "학군총점":58.522,
            "인구수":36.67,
            "인구증감":-16.38,
            "인구총점":20.755,
            "일자리":8.2,
            "소득수준":45.28,
            "일자리총점":19.324,
            "가치 총점":62.0283,
            "매매실거래년":20211126.0,
            "매매실거래가":89500.0,
            "전세실거래년":20211225.0,
            "전세실거래가":16500.0,
            "전세가율":25.38,
            "장기전세가율평균":66.53,
            "전세가율거품지수":41.15,
            "검색코드":326,
            "세대수":2856.0,
            "준공년월":"1990-09-06",
            "준공년차":33.0,
            "가까운역이름":"창동",
            "가까운역거리":503.24,
            "역세권여부":"준역세권",
            "30분이내주요거점역":0,
            "1시간이내주요거점역":6,
            "3km이내백화점수":1,
            "5km이내아울렛몰수":0,
            "1km이내대형먀트수":3,
            "500m이내은행수":1,
            "500m이내병원수":30,
            "5km이내대형병원수":5,
            "500m이내공원수":6,
            "3km이내혐오시설수":0,
            "초등학교학업성취도":88.69,
            "중학교학업성취도":83.5,
            "용적률":175,
            "건폐율":15,
            "Y":37.6498,
            "X":127.04391,
            "rank":9.0,
            "area_info":"17평(58.72), 17평(59.04), 18평(60.33), 19평(63.6), 21평(71.0), 22평(72.95), 22평(74.53), 23평(77.89), 24평(80.17), 24평(82.53), 25평(85.62), 25평(85.78), 28평(92.63), 30평(101.19), 31평(105.49)",
            "last_sales":"2021-11-26,89500.0,28평(92.63)"
        },
        {
            "index":97,
            "아파트명":"방학삼성래미안1단지",
            "투자타입":"일반",
            "전용면적(m2)":"122.63",
            "전용면적(평)":"37평",
            "법정동주소":"서울시 도봉구 방학동 720-18",
            "도로명주소":"서울시 도봉구 마들로 646",
            "세대수":50,
            "입주년차":20,
            "용적률점수":"--",
            "건폐율점수":"--",
            "세대당주차수":60,
            "난방방식":30,
            "공급면적":"--",
            "전용률":"--",
            "욕실수":100,
            "현관타입":100,
            "주거총점":53.5,
            "지역구공급총점":100.0,
            "역세권":80,
            "30분내 이동가능 거점":0,
            "1시간내 이동가능 거점":60,
            "교통총점":52.0,
            "백화점":100,
            "아울렛몰":0,
            "대형마트":100,
            "은행":100,
            "병원":80,
            "종합병원":100,
            "공원":100,
            "혐오시설":-50,
            "인프라총점":85.0,
            "초등학군":88.08,
            "중학군":41.06,
            "학군총점":50.464,
            "인구수":36.67,
            "인구증감":-16.38,
            "인구총점":20.755,
            "일자리":8.2,
            "소득수준":45.28,
            "일자리총점":19.324,
            "가치 총점":61.9696,
            "매매실거래년":20211115.0,
            "매매실거래가":110000.0,
            "전세실거래년":20211116.0,
            "전세실거래가":42000.0,
            "전세가율":42.0,
            "장기전세가율평균":66.53,
            "전세가율거품지수":24.53,
            "검색코드":3004,
            "세대수":603.0,
            "준공년월":"2002-10-19",
            "준공년차":21.0,
            "가까운역이름":"방학",
            "가까운역거리":267.16,
            "역세권여부":"역세권",
            "30분이내주요거점역":0,
            "1시간이내주요거점역":6,
            "3km이내백화점수":1,
            "5km이내아울렛몰수":0,
            "1km이내대형먀트수":2,
            "500m이내은행수":5,
            "500m이내병원수":39,
            "5km이내대형병원수":4,
            "500m이내공원수":3,
            "3km이내혐오시설수":1,
            "초등학교학업성취도":88.08,
            "중학교학업성취도":67.1,
            "용적률":249,
            "건폐율":14,
            "Y":37.667118,
            "X":127.047269,
            "rank":10.0,
            "area_info":"37평(122.63), 49평(162.08), 54평(181.53)",
            "last_sales":"2021-11-15,110000.0,54평(181.53)"
        },
        {
            "index":422,
            "아파트명":"창동신도브래뉴1차",
            "투자타입":"일반",
            "전용면적(m2)":"78.59",
            "전용면적(평)":"23평",
            "법정동주소":"서울시 도봉구 창동 820",
            "도로명주소":"서울시 도봉구 도봉로136나길 40",
            "세대수":50,
            "입주년차":20,
            "용적률점수":"--",
            "건폐율점수":"--",
            "세대당주차수":60,
            "난방방식":30,
            "공급면적":"--",
            "전용률":"--",
            "욕실수":50,
            "현관타입":100,
            "주거총점":48.5,
            "지역구공급총점":100.0,
            "역세권":80,
            "30분내 이동가능 거점":0,
            "1시간내 이동가능 거점":70,
            "교통총점":54.0,
            "백화점":100,
            "아울렛몰":0,
            "대형마트":100,
            "은행":20,
            "병원":80,
            "종합병원":100,
            "공원":80,
            "혐오시설":0,
            "인프라총점":77.4,
            "초등학군":88.08,
            "중학군":51.8,
            "학군총점":59.056,
            "인구수":36.67,
            "인구증감":-16.38,
            "인구총점":20.755,
            "일자리":8.2,
            "소득수준":45.28,
            "일자리총점":19.324,
            "가치 총점":60.6784,
            "매매실거래년":20210722.0,
            "매매실거래가":104500.0,
            "전세실거래년":20211019.0,
            "전세실거래가":45000.0,
            "전세가율":69.77,
            "장기전세가율평균":66.53,
            "전세가율거품지수":-3.24,
            "검색코드":3005,
            "세대수":456.0,
            "준공년월":"2003-09-15",
            "준공년차":20.0,
            "가까운역이름":"창동",
            "가까운역거리":406.19,
            "역세권여부":"역세권",
            "30분이내주요거점역":0,
            "1시간이내주요거점역":7,
            "3km이내백화점수":1,
            "5km이내아울렛몰수":0,
            "1km이내대형먀트수":4,
            "500m이내은행수":2,
            "500m이내병원수":32,
            "5km이내대형병원수":5,
            "500m이내공원수":1,
            "3km이내혐오시설수":0,
            "초등학교학업성취도":88.08,
            "중학교학업성취도":84.4,
            "용적률":298,
            "건폐율":17,
            "Y":37.656254,
            "X":127.045266,
            "rank":11.0,
            "area_info":"23평(78.59), 31평(103.8), 33평(110.8), 43평(144.74)",
            "last_sales":"2021-07-22,104500.0,33평(110.8)"
        },
        {
            "index":101,
            "아파트명":"방학지음재힐스(도시형)",
            "투자타입":"일반",
            "전용면적(m2)":"23.98",
            "전용면적(평)":"7평",
            "법정동주소":"서울시 도봉구 방학동 717-2",
            "도로명주소":"서울시 도봉구 도봉로150다길 28",
            "세대수":0,
            "입주년차":80,
            "용적률점수":"--",
            "건폐율점수":"--",
            "세대당주차수":0,
            "난방방식":30,
            "공급면적":"--",
            "전용률":"--",
            "욕실수":50,
            "현관타입":100,
            "주거총점":34.0,
            "지역구공급총점":100.0,
            "역세권":100,
            "30분내 이동가능 거점":0,
            "1시간내 이동가능 거점":60,
            "교통총점":62.0,
            "백화점":100,
            "아울렛몰":0,
            "대형마트":80,
            "은행":100,
            "병원":80,
            "종합병원":100,
            "공원":100,
            "혐오시설":-50,
            "인프라총점":82.0,
            "초등학군":88.08,
            "중학군":41.06,
            "학군총점":50.464,
            "인구수":36.67,
            "인구증감":-16.38,
            "인구총점":20.755,
            "일자리":8.2,
            "소득수준":45.28,
            "일자리총점":19.324,
            "가치 총점":60.6696,
            "매매실거래년":20211015.0,
            "매매실거래가":13200.0,
            "전세실거래년":20211214.0,
            "전세실거래가":12500.0,
            "전세가율":94.7,
            "장기전세가율평균":66.53,
            "전세가율거품지수":-28.17,
            "검색코드":117806,
            "세대수":187.0,
            "준공년월":"2018-01-12",
            "준공년차":5.0,
            "가까운역이름":"방학",
            "가까운역거리":48.04,
            "역세권여부":"초역세권",
            "30분이내주요거점역":0,
            "1시간이내주요거점역":6,
            "3km이내백화점수":1,
            "5km이내아울렛몰수":0,
            "1km이내대형먀트수":1,
            "500m이내은행수":5,
            "500m이내병원수":44,
            "5km이내대형병원수":4,
            "500m이내공원수":4,
            "3km이내혐오시설수":1,
            "초등학교학업성취도":88.08,
            "중학교학업성취도":67.1,
            "용적률":305,
            "건폐율":59,
            "Y":37.66744,
            "X":127.044813,
            "rank":12.0,
            "area_info":"7평(23.98), 7평(23.98), 7평(23.88), 7평(23.88), 10평(34.47), 10평(34.47)",
            "last_sales":"2021-10-15,13200.0,7평(23.98)"
        },
        {
            "index":368,
            "아파트명":"스마트트라움(도시형)",
            "투자타입":"일반",
            "전용면적(m2)":"25.24",
            "전용면적(평)":"7평",
            "법정동주소":"서울시 도봉구 창동 661-55",
            "도로명주소":"서울시 도봉구 도봉로 504",
            "세대수":0,
            "입주년차":100,
            "용적률점수":"--",
            "건폐율점수":"--",
            "세대당주차수":0,
            "난방방식":30,
            "공급면적":"--",
            "전용률":"--",
            "욕실수":50,
            "현관타입":10,
            "주거총점":29.0,
            "지역구공급총점":100.0,
            "역세권":80,
            "30분내 이동가능 거점":20,
            "1시간내 이동가능 거점":80,
            "교통총점":62.0,
            "백화점":100,
            "아울렛몰":0,
            "대형마트":100,
            "은행":70,
            "병원":80,
            "종합병원":100,
            "공원":100,
            "혐오시설":0,
            "인프라총점":83.0,
            "초등학군":89.24,
            "중학군":45.54,
            "학군총점":54.28,
            "인구수":36.67,
            "인구증감":-16.38,
            "인구총점":20.755,
            "일자리":8.2,
            "소득수준":45.28,
            "일자리총점":19.324,
            "가치 총점":60.542,
            "매매실거래년":20211206.0,
            "매매실거래가":16350.0,
            "전세실거래년":20220115.0,
            "전세실거래가":16500.0,
            "전세가율":100.92,
            "장기전세가율평균":66.53,
            "전세가율거품지수":-34.39,
            "검색코드":140609,
            "세대수":120.0,
            "준공년월":"2021-04-02",
            "준공년차":2.0,
            "가까운역이름":"쌍문",
            "가까운역거리":210.8,
            "역세권여부":"역세권",
            "30분이내주요거점역":1,
            "1시간이내주요거점역":8,
            "3km이내백화점수":1,
            "5km이내아울렛몰수":0,
            "1km이내대형먀트수":2,
            "500m이내은행수":3,
            "500m이내병원수":46,
            "5km이내대형병원수":5,
            "500m이내공원수":3,
            "3km이내혐오시설수":0,
            "초등학교학업성취도":89.24,
            "중학교학업성취도":75.1,
            "용적률":484,
            "건폐율":55,
            "Y":37.65022,
            "X":127.036007,
            "rank":13.0,
            "area_info":"7평(25.24)",
            "last_sales":"2021-12-06,16350.0,7평(25.24)"
        },
        {
            "index":336,
            "아파트명":"북한산아이파크",
            "투자타입":"일반",
            "전용면적(m2)":"112.09",
            "전용면적(평)":"33평",
            "법정동주소":"서울시 도봉구 창동 825",
            "도로명주소":"서울시 도봉구 도봉로136길 28",
            "세대수":100,
            "입주년차":40,
            "용적률점수":"--",
            "건폐율점수":"--",
            "세대당주차수":60,
            "난방방식":30,
            "공급면적":"--",
            "전용률":"--",
            "욕실수":100,
            "현관타입":100,
            "주거총점":75.0,
            "지역구공급총점":100.0,
            "역세권":50,
            "30분내 이동가능 거점":0,
            "1시간내 이동가능 거점":50,
            "교통총점":35.0,
            "백화점":100,
            "아울렛몰":0,
            "대형마트":100,
            "은행":70,
            "병원":60,
            "종합병원":100,
            "공원":100,
            "혐오시설":0,
            "인프라총점":81.0,
            "초등학군":87.2,
            "중학군":51.8,
            "학군총점":58.88,
            "인구수":36.67,
            "인구증감":-16.38,
            "인구총점":20.755,
            "일자리":8.2,
            "소득수준":45.28,
            "일자리총점":19.324,
            "가치 총점":60.382,
            "매매실거래년":20211208.0,
            "매매실거래가":108000.0,
            "전세실거래년":20211224.0,
            "전세실거래가":45150.0,
            "전세가율":41.81,
            "장기전세가율평균":66.53,
            "전세가율거품지수":24.72,
            "검색코드":9106,
            "세대수":2061.0,
            "준공년월":"2004-07-30",
            "준공년차":19.0,
            "가까운역이름":"창동",
            "가까운역거리":706.55,
            "역세권여부":"준역세권",
            "30분이내주요거점역":0,
            "1시간이내주요거점역":5,
            "3km이내백화점수":1,
            "5km이내아울렛몰수":0,
            "1km이내대형먀트수":4,
            "500m이내은행수":3,
            "500m이내병원수":21,
            "5km이내대형병원수":5,
            "500m이내공원수":3,
            "3km이내혐오시설수":0,
            "초등학교학업성취도":87.2,
            "중학교학업성취도":84.4,
            "용적률":335,
            "건폐율":19,
            "Y":37.658637,
            "X":127.043649,
            "rank":14.0,
            "area_info":"33평(112.09), 41평(136.16), 46평(154.44), 51평(170.18), 52평(172.24), 63평(210.42)",
            "last_sales":"2021-12-08,108000.0,33평(112.09)"
        },
        {
            "index":413,
            "아파트명":"창동대림(e편한세상)",
            "투자타입":"일반",
            "전용면적(m2)":"95.96",
            "전용면적(평)":"29평",
            "법정동주소":"서울시 도봉구 창동 822",
            "도로명주소":"서울시 도봉구 노해로63길 75",
            "세대수":0,
            "입주년차":20,
            "용적률점수":"--",
            "건폐율점수":"--",
            "세대당주차수":30,
            "난방방식":30,
            "공급면적":"--",
            "전용률":"--",
            "욕실수":100,
            "현관타입":100,
            "주거총점":31.5,
            "지역구공급총점":100.0,
            "역세권":80,
            "30분내 이동가능 거점":0,
            "1시간내 이동가능 거점":80,
            "교통총점":56.0,
            "백화점":100,
            "아울렛몰":0,
            "대형마트":100,
            "은행":70,
            "병원":80,
            "종합병원":100,
            "공원":100,
            "혐오시설":0,
            "인프라총점":83.0,
            "초등학군":88.08,
            "중학군":50.98,
            "학군총점":58.4,
            "인구수":36.67,
            "인구증감":-16.38,
            "인구총점":20.755,
            "일자리":8.2,
            "소득수준":45.28,
            "일자리총점":19.324,
            "가치 총점":59.56,
            "매매실거래년":20180808.0,
            "매매실거래가":60000.0,
            "전세실거래년":20211104.0,
            "전세실거래가":52000.0,
            "전세가율":123.81,
            "장기전세가율평균":66.53,
            "전세가율거품지수":-57.28,
            "검색코드":7980,
            "세대수":205.0,
            "준공년월":"2003-10-08",
            "준공년차":20.0,
            "가까운역이름":"창동",
            "가까운역거리":160.38,
            "역세권여부":"역세권",
            "30분이내주요거점역":0,
            "1시간이내주요거점역":8,
            "3km이내백화점수":1,
            "5km이내아울렛몰수":0,
            "1km이내대형먀트수":3,
            "500m이내은행수":3,
            "500m이내병원수":50,
            "5km이내대형병원수":5,
            "500m이내공원수":2,
            "3km이내혐오시설수":0,
            "초등학교학업성취도":88.08,
            "중학교학업성취도":83.5,
            "용적률":291,
            "건폐율":21,
            "Y":37.653367,
            "X":127.045927,
            "rank":15.0,
            "area_info":"29평(95.96), 33평(109.35), 41평(136.7)",
            "last_sales":"2018-08-08,60000.0,41평(136.7)"
        },
        {
            "index":328,
            "아파트명":"동아그린",
            "투자타입":"일반",
            "전용면적(m2)":"80.59",
            "전용면적(평)":"24평",
            "법정동주소":"서울시 도봉구 창동 805",
            "도로명주소":"서울시 도봉구 노해로63다길 34",
            "세대수":50,
            "입주년차":0,
            "용적률점수":"--",
            "건폐율점수":"--",
            "세대당주차수":0,
            "난방방식":30,
            "공급면적":"--",
            "전용률":"--",
            "욕실수":50,
            "현관타입":100,
            "주거총점":35.5,
            "지역구공급총점":100.0,
            "역세권":80,
            "30분내 이동가능 거점":0,
            "1시간내 이동가능 거점":70,
            "교통총점":54.0,
            "백화점":100,
            "아울렛몰":0,
            "대형마트":100,
            "은행":70,
            "병원":80,
            "종합병원":100,
            "공원":0,
            "혐오시설":0,
            "인프라총점":80.0,
            "초등학군":88.08,
            "중학군":50.98,
            "학군총점":58.4,
            "인구수":36.67,
            "인구증감":-16.38,
            "인구총점":20.755,
            "일자리":8.2,
            "소득수준":45.28,
            "일자리총점":19.324,
            "가치 총점":58.76,
            "매매실거래년":20210515.0,
            "매매실거래가":78000.0,
            "전세실거래년":20220103.0,
            "전세실거래가":42000.0,
            "전세가율":53.85,
            "장기전세가율평균":66.53,
            "전세가율거품지수":12.68,
            "검색코드":311,
            "세대수":449.0,
            "준공년월":"1996-11-30",
            "준공년차":27.0,
            "가까운역이름":"창동",
            "가까운역거리":204.3,
            "역세권여부":"역세권",
            "30분이내주요거점역":0,
            "1시간이내주요거점역":7,
            "3km이내백화점수":1,
            "5km이내아울렛몰수":0,
            "1km이내대형먀트수":3,
            "500m이내은행수":4,
            "500m이내병원수":46,
            "5km이내대형병원수":5,
            "500m이내공원수":0,
            "3km이내혐오시설수":0,
            "초등학교학업성취도":88.08,
            "중학교학업성취도":83.5,
            "용적률":284,
            "건폐율":24,
            "Y":37.654723,
            "X":127.046499,
            "rank":16.0,
            "area_info":"24평(80.59), 32평(106.91)",
            "last_sales":"2021-05-15,78000.0,24평(80.59)"
        },
        {
            "index":176,
            "아파트명":"이에스에이2",
            "투자타입":"일반",
            "전용면적(m2)":"112.85",
            "전용면적(평)":"34평",
            "법정동주소":"서울시 도봉구 방학동 716-5",
            "도로명주소":"서울시 도봉구 도봉로150길 43",
            "세대수":0,
            "입주년차":20,
            "용적률점수":"--",
            "건폐율점수":"--",
            "세대당주차수":60,
            "난방방식":30,
            "공급면적":"--",
            "전용률":"--",
            "욕실수":100,
            "현관타입":100,
            "주거총점":36.0,
            "지역구공급총점":100.0,
            "역세권":80,
            "30분내 이동가능 거점":0,
            "1시간내 이동가능 거점":70,
            "교통총점":54.0,
            "백화점":100,
            "아울렛몰":0,
            "대형마트":80,
            "은행":100,
            "병원":80,
            "종합병원":100,
            "공원":100,
            "혐오시설":-50,
            "인프라총점":82.0,
            "초등학군":88.08,
            "중학군":41.06,
            "학군총점":50.464,
            "인구수":36.67,
            "인구증감":-16.38,
            "인구총점":20.755,
            "일자리":8.2,
            "소득수준":45.28,
            "일자리총점":19.324,
            "가치 총점":58.2696,
            "매매실거래년":20211015.0,
            "매매실거래가":99000.0,
            "전세실거래년":20211207.0,
            "전세실거래가":39000.0,
            "전세가율":47.85,
            "장기전세가율평균":66.53,
            "전세가율거품지수":18.68,
            "검색코드":100248,
            "세대수":225.0,
            "준공년월":"2003-09-03",
            "준공년차":20.0,
            "가까운역이름":"방학",
            "가까운역거리":178.31,
            "역세권여부":"역세권",
            "30분이내주요거점역":0,
            "1시간이내주요거점역":7,
            "3km이내백화점수":1,
            "5km이내아울렛몰수":0,
            "1km이내대형먀트수":1,
            "500m이내은행수":5,
            "500m이내병원수":40,
            "5km이내대형병원수":4,
            "500m이내공원수":4,
            "3km이내혐오시설수":1,
            "초등학교학업성취도":88.08,
            "중학교학업성취도":67.1,
            "용적률":572,
            "건폐율":51,
            "Y":37.666221,
            "X":127.04549,
            "rank":17.0,
            "area_info":"34평(112.85), 49평(163.81)",
            "last_sales":"2021-10-15,99000.0,49평(163.81)"
        },
        {
            "index":173,
            "아파트명":"이에스에이",
            "투자타입":"일반",
            "전용면적(m2)":"111.38",
            "전용면적(평)":"33평",
            "법정동주소":"서울시 도봉구 방학동 718-7",
            "도로명주소":"서울시 도봉구 마들로 657",
            "세대수":0,
            "입주년차":20,
            "용적률점수":"--",
            "건폐율점수":"--",
            "세대당주차수":80,
            "난방방식":30,
            "공급면적":"--",
            "전용률":"--",
            "욕실수":100,
            "현관타입":100,
            "주거총점":39.0,
            "지역구공급총점":100.0,
            "역세권":80,
            "30분내 이동가능 거점":0,
            "1시간내 이동가능 거점":60,
            "교통총점":52.0,
            "백화점":100,
            "아울렛몰":0,
            "대형마트":80,
            "은행":100,
            "병원":80,
            "종합병원":100,
            "공원":100,
            "혐오시설":-50,
            "인프라총점":82.0,
            "초등학군":84.71,
            "중학군":41.06,
            "학군총점":49.79,
            "인구수":36.67,
            "인구증감":-16.38,
            "인구총점":20.755,
            "일자리":8.2,
            "소득수준":45.28,
            "일자리총점":19.324,
            "가치 총점":58.0685,
            "매매실거래년":20211021.0,
            "매매실거래가":89500.0,
            "전세실거래년":20220107.0,
            "전세실거래가":37800.0,
            "전세가율":45.0,
            "장기전세가율평균":66.53,
            "전세가율거품지수":21.53,
            "검색코드":8324,
            "세대수":296.0,
            "준공년월":"2003-10-01",
            "준공년차":20.0,
            "가까운역이름":"방학",
            "가까운역거리":165.07,
            "역세권여부":"역세권",
            "30분이내주요거점역":0,
            "1시간이내주요거점역":6,
            "3km이내백화점수":1,
            "5km이내아울렛몰수":0,
            "1km이내대형먀트수":1,
            "500m이내은행수":5,
            "500m이내병원수":46,
            "5km이내대형병원수":4,
            "500m이내공원수":3,
            "3km이내혐오시설수":1,
            "초등학교학업성취도":84.71,
            "중학교학업성취도":67.1,
            "용적률":566,
            "건폐율":54,
            "Y":37.668653,
            "X":127.045459,
            "rank":18.0,
            "area_info":"33평(111.38), 48평(161.65), 49평(164.65)",
            "last_sales":"2021-10-21,89500.0,49평(164.65)"
        },
        {
            "index":65,
            "아파트명":"금광포란재",
            "투자타입":"일반",
            "전용면적(m2)":"76.69",
            "전용면적(평)":"23평",
            "법정동주소":"서울시 도봉구 방학동 714-1",
            "도로명주소":"서울시 도봉구 도봉로150바길 26",
            "세대수":0,
            "입주년차":40,
            "용적률점수":"--",
            "건폐율점수":"--",
            "세대당주차수":0,
            "난방방식":30,
            "공급면적":"--",
            "전용률":"--",
            "욕실수":100,
            "현관타입":100,
            "주거총점":31.0,
            "지역구공급총점":100.0,
            "역세권":80,
            "30분내 이동가능 거점":0,
            "1시간내 이동가능 거점":50,
            "교통총점":50.0,
            "백화점":100,
            "아울렛몰":0,
            "대형마트":100,
            "은행":100,
            "병원":80,
            "종합병원":100,
            "공원":100,
            "혐오시설":-50,
            "인프라총점":85.0,
            "초등학군":88.08,
            "중학군":51.8,
            "학군총점":59.056,
            "인구수":36.67,
            "인구증감":-16.38,
            "인구총점":20.755,
            "일자리":8.2,
            "소득수준":45.28,
            "일자리총점":19.324,
            "가치 총점":58.0584,
            "매매실거래년":20210821.0,
            "매매실거래가":53000.0,
            "전세실거래년":20201214.0,
            "전세실거래가":36000.0,
            "전세가율":67.92,
            "장기전세가율평균":66.53,
            "전세가율거품지수":-1.39,
            "검색코드":13850,
            "세대수":105.0,
            "준공년월":"2005-06-14",
            "준공년차":18.0,
            "가까운역이름":"방학",
            "가까운역거리":319.23,
            "역세권여부":"역세권",
            "30분이내주요거점역":0,
            "1시간이내주요거점역":5,
            "3km이내백화점수":1,
            "5km이내아울렛몰수":0,
            "1km이내대형먀트수":2,
            "500m이내은행수":5,
            "500m이내병원수":37,
            "5km이내대형병원수":4,
            "500m이내공원수":5,
            "3km이내혐오시설수":1,
            "초등학교학업성취도":88.08,
            "중학교학업성취도":84.4,
            "용적률":252,
            "건폐율":21,
            "Y":37.664685,
            "X":127.044966,
            "rank":19.0,
            "area_info":"23평(76.69), 32평(107.44)",
            "last_sales":"2021-08-21,53000.0,23평(76.69)"
        },
        {
            "index":100,
            "아파트명":"방학삼성래미안2단지",
            "투자타입":"일반",
            "전용면적(m2)":"122.72",
            "전용면적(평)":"37평",
            "법정동주소":"서울시 도봉구 방학동 715-12",
            "도로명주소":"서울시 도봉구 도봉로150길 42",
            "세대수":0,
            "입주년차":20,
            "용적률점수":"--",
            "건폐율점수":"--",
            "세대당주차수":30,
            "난방방식":30,
            "공급면적":"--",
            "전용률":"--",
            "욕실수":100,
            "현관타입":100,
            "주거총점":31.5,
            "지역구공급총점":100.0,
            "역세권":80,
            "30분내 이동가능 거점":0,
            "1시간내 이동가능 거점":60,
            "교통총점":52.0,
            "백화점":100,
            "아울렛몰":0,
            "대형마트":80,
            "은행":100,
            "병원":80,
            "종합병원":100,
            "공원":100,
            "혐오시설":-50,
            "인프라총점":82.0,
            "초등학군":88.08,
            "중학군":51.8,
            "학군총점":59.056,
            "인구수":36.67,
            "인구증감":-16.38,
            "인구총점":20.755,
            "일자리":8.2,
            "소득수준":45.28,
            "일자리총점":19.324,
            "가치 총점":57.9584,
            "매매실거래년":20210907.0,
            "매매실거래가":93500.0,
            "전세실거래년":20220103.0,
            "전세실거래가":58000.0,
            "전세가율":62.03,
            "장기전세가율평균":66.53,
            "전세가율거품지수":4.5,
            "검색코드":17303,
            "세대수":288.0,
            "준공년월":"2002-10-19",
            "준공년차":21.0,
            "가까운역이름":"방학",
            "가까운역거리":336.05,
            "역세권여부":"역세권",
            "30분이내주요거점역":0,
            "1시간이내주요거점역":6,
            "3km이내백화점수":1,
            "5km이내아울렛몰수":0,
            "1km이내대형먀트수":1,
            "500m이내은행수":5,
            "500m이내병원수":33,
            "5km이내대형병원수":4,
            "500m이내공원수":5,
            "3km이내혐오시설수":1,
            "초등학교학업성취도":88.08,
            "중학교학업성취도":84.4,
            "용적률":254,
            "건폐율":17,
            "Y":37.664829,
            "X":127.046052,
            "rank":20.0,
            "area_info":"37평(122.72)",
            "last_sales":"2021-09-07,93500.0,37평(122.72)"
        },
        {
            "index":470,
            "아파트명":"창동한신(621-69)",
            "투자타입":"일반",
            "전용면적(m2)":"113.91",
            "전용면적(평)":"34평",
            "법정동주소":"서울시 도봉구 창동 621-69",
            "도로명주소":"서울시 도봉구 도봉로110다길 5",
            "세대수":0,
            "입주년차":20,
            "용적률점수":"--",
            "건폐율점수":"--",
            "세대당주차수":60,
            "난방방식":30,
            "공급면적":"--",
            "전용률":"--",
            "욕실수":100,
            "현관타입":100,
            "주거총점":36.0,
            "지역구공급총점":100.0,
            "역세권":80,
            "30분내 이동가능 거점":20,
            "1시간내 이동가능 거점":90,
            "교통총점":64.0,
            "백화점":100,
            "아울렛몰":0,
            "대형마트":0,
            "은행":70,
            "병원":80,
            "종합병원":100,
            "공원":100,
            "혐오시설":0,
            "인프라총점":68.0,
            "초등학군":86.27,
            "중학군":44.22,
            "학군총점":52.63,
            "인구수":36.67,
            "인구증감":-16.38,
            "인구총점":20.755,
            "일자리":8.2,
            "소득수준":45.28,
            "일자리총점":19.324,
            "가치 총점":57.8945,
            "매매실거래년":20210805.0,
            "매매실거래가":109500.0,
            "전세실거래년":20200903.0,
            "전세실거래가":20000.0,
            "전세가율":26.32,
            "장기전세가율평균":66.53,
            "전세가율거품지수":40.21,
            "검색코드":3371,
            "세대수":202.0,
            "준공년월":"2002-07-09",
            "준공년차":21.0,
            "가까운역이름":"쌍문",
            "가까운역거리":299.3,
            "역세권여부":"역세권",
            "30분이내주요거점역":1,
            "1시간이내주요거점역":9,
            "3km이내백화점수":1,
            "5km이내아울렛몰수":0,
            "1km이내대형먀트수":0,
            "500m이내은행수":3,
            "500m이내병원수":44,
            "5km이내대형병원수":5,
            "500m이내공원수":4,
            "3km이내혐오시설수":0,
            "초등학교학업성취도":86.27,
            "중학교학업성취도":71.5,
            "용적률":300,
            "건폐율":20,
            "Y":37.645953,
            "X":127.035098,
            "rank":21.0,
            "area_info":"34평(113.91), 45평(150.3), 46평(153.31)",
            "last_sales":"2021-08-05,109500.0,45평(150.3)"
        },
        {
            "index":385,
            "아파트명":"주공17단지",
            "투자타입":"재건축",
            "전용면적(m2)":"52.55",
            "전용면적(평)":"15평",
            "법정동주소":"서울시 도봉구 창동 38",
            "도로명주소":"서울시 도봉구 덕릉로66길 17",
            "세대수":100,
            "입주년차":"--",
            "용적률점수":80,
            "건폐율점수":0,
            "세대당주차수":"--",
            "난방방식":"--",
            "공급면적":50,
            "전용률":40,
            "욕실수":"--",
            "현관타입":"--",
            "주거총점":66.5,
            "지역구공급총점":100.0,
            "역세권":80,
            "30분내 이동가능 거점":0,
            "1시간내 이동가능 거점":70,
            "교통총점":54.0,
            "백화점":100,
            "아울렛몰":0,
            "대형마트":0,
            "은행":0,
            "병원":10,
            "종합병원":100,
            "공원":100,
            "혐오시설":-50,
            "인프라총점":53.0,
            "초등학군":86.4,
            "중학군":57.78,
            "학군총점":63.504,
            "인구수":36.67,
            "인구증감":-16.38,
            "인구총점":20.755,
            "일자리":8.2,
            "소득수준":45.28,
            "일자리총점":19.324,
            "가치 총점":57.6256,
            "매매실거래년":20211108.0,
            "매매실거래가":54500.0,
            "전세실거래년":20220113.0,
            "전세실거래가":12600.0,
            "전세가율":23.12,
            "장기전세가율평균":66.53,
            "전세가율거품지수":43.41,
            "검색코드":314,
            "세대수":1980.0,
            "준공년월":"1989-07-31",
            "준공년차":34.0,
            "가까운역이름":"녹천",
            "가까운역거리":196.99,
            "역세권여부":"역세권",
            "30분이내주요거점역":0,
            "1시간이내주요거점역":7,
            "3km이내백화점수":1,
            "5km이내아울렛몰수":0,
            "1km이내대형먀트수":0,
            "500m이내은행수":0,
            "500m이내병원수":2,
            "5km이내대형병원수":5,
            "500m이내공원수":4,
            "3km이내혐오시설수":1,
            "초등학교학업성취도":86.4,
            "중학교학업성취도":92.7,
            "용적률":191,
            "건폐율":0,
            "Y":37.64419,
            "X":127.05337,
            "rank":22.0,
            "area_info":"15평(52.55), 15평(52.81), 17평(57.29), 20평(69.28)",
            "last_sales":"2021-11-08,54500.0,15평(52.55)"
        },
        {
            "index":182,
            "아파트명":"퍼스티안(도시형)",
            "투자타입":"일반",
            "전용면적(m2)":"22.7",
            "전용면적(평)":"6평",
            "법정동주소":"서울시 도봉구 방학동 705-17",
            "도로명주소":"서울시 도봉구 도봉로150가길 27",
            "세대수":0,
            "입주년차":60,
            "용적률점수":"--",
            "건폐율점수":"--",
            "세대당주차수":0,
            "난방방식":30,
            "공급면적":"--",
            "전용률":"--",
            "욕실수":50,
            "현관타입":10,
            "주거총점":21.0,
            "지역구공급총점":100.0,
            "역세권":100,
            "30분내 이동가능 거점":0,
            "1시간내 이동가능 거점":50,
            "교통총점":60.0,
            "백화점":100,
            "아울렛몰":0,
            "대형마트":80,
            "은행":100,
            "병원":80,
            "종합병원":100,
            "공원":100,
            "혐오시설":-50,
            "인프라총점":82.0,
            "초등학군":84.71,
            "중학군":41.06,
            "학군총점":49.79,
            "인구수":36.67,
            "인구증감":-16.38,
            "인구총점":20.755,
            "일자리":8.2,
            "소득수준":45.28,
            "일자리총점":19.324,
            "가치 총점":57.2685,
            "매매실거래년":20211022.0,
            "매매실거래가":10000.0,
            "전세실거래년":20210419.0,
            "전세실거래가":9000.0,
            "전세가율":90.0,
            "장기전세가율평균":66.53,
            "전세가율거품지수":-23.47,
            "검색코드":105995,
            "세대수":135.0,
            "준공년월":"2013-03-15",
            "준공년차":10.0,
            "가까운역이름":"방학",
            "가까운역거리":36.2,
            "역세권여부":"초역세권",
            "30분이내주요거점역":0,
            "1시간이내주요거점역":5,
            "3km이내백화점수":1,
            "5km이내아울렛몰수":0,
            "1km이내대형먀트수":1,
            "500m이내은행수":5,
            "500m이내병원수":43,
            "5km이내대형병원수":4,
            "500m이내공원수":5,
            "3km이내혐오시설수":1,
            "초등학교학업성취도":84.71,
            "중학교학업성취도":67.1,
            "용적률":358,
            "건폐율":41,
            "Y":37.667469,
            "X":127.043864,
            "rank":23.0,
            "area_info":"6평(22.7)",
            "last_sales":"2021-10-22,10000.0,6평(22.7)"
        },
        {
            "index":351,
            "아파트명":"상아1차",
            "투자타입":"재건축",
            "전용면적(m2)":"60.1",
            "전용면적(평)":"18평",
            "법정동주소":"서울시 도봉구 창동 299",
            "도로명주소":"서울시 도봉구 해등로 118",
            "세대수":50,
            "입주년차":"--",
            "용적률점수":20,
            "건폐율점수":0,
            "세대당주차수":"--",
            "난방방식":"--",
            "공급면적":50,
            "전용률":60,
            "욕실수":"--",
            "현관타입":"--",
            "주거총점":28.5,
            "지역구공급총점":100.0,
            "역세권":80,
            "30분내 이동가능 거점":0,
            "1시간내 이동가능 거점":70,
            "교통총점":54.0,
            "백화점":100,
            "아울렛몰":0,
            "대형마트":100,
            "은행":70,
            "병원":80,
            "종합병원":100,
            "공원":100,
            "혐오시설":0,
            "인프라총점":83.0,
            "초등학군":87.4,
            "중학군":41.1,
            "학군총점":50.36,
            "인구수":36.67,
            "인구증감":-16.38,
            "인구총점":20.755,
            "일자리":8.2,
            "소득수준":45.28,
            "일자리총점":19.324,
            "가치 총점":57.054,
            "매매실거래년":20211124.0,
            "매매실거래가":73500.0,
            "전세실거래년":20211204.0,
            "전세실거래가":18000.0,
            "전세가율":29.03,
            "장기전세가율평균":66.53,
            "전세가율거품지수":37.5,
            "검색코드":318,
            "세대수":694.0,
            "준공년월":"1987-11-27",
            "준공년차":36.0,
            "가까운역이름":"창동",
            "가까운역거리":478.02,
            "역세권여부":"역세권",
            "30분이내주요거점역":0,
            "1시간이내주요거점역":7,
            "3km이내백화점수":1,
            "5km이내아울렛몰수":0,
            "1km이내대형먀트수":3,
            "500m이내은행수":3,
            "500m이내병원수":50,
            "5km이내대형병원수":5,
            "500m이내공원수":3,
            "3km이내혐오시설수":0,
            "초등학교학업성취도":87.4,
            "중학교학업성취도":67.1,
            "용적률":262,
            "건폐율":0,
            "Y":37.654195,
            "X":127.042459,
            "rank":24.0,
            "area_info":"18평(60.1), 23평(78.16), 25평(84.16), 27평(89.49), 28평(93.51), 30평(101.91)",
            "last_sales":"2021-11-24,73500.0,23평(78.16)"
        },
        {
            "index":426,
            "아파트명":"창동주공1단지",
            "투자타입":"재건축",
            "전용면적(m2)":"57.15",
            "전용면적(평)":"17평",
            "법정동주소":"서울시 도봉구 창동 305",
            "도로명주소":"서울시 도봉구 해등로 113",
            "세대수":80,
            "입주년차":"--",
            "용적률점수":80,
            "건폐율점수":0,
            "세대당주차수":"--",
            "난방방식":"--",
            "공급면적":50,
            "전용률":60,
            "욕실수":"--",
            "현관타입":"--",
            "주거총점":61.5,
            "지역구공급총점":100.0,
            "역세권":50,
            "30분내 이동가능 거점":0,
            "1시간내 이동가능 거점":80,
            "교통총점":41.0,
            "백화점":100,
            "아울렛몰":0,
            "대형마트":100,
            "은행":20,
            "병원":60,
            "종합병원":100,
            "공원":100,
            "혐오시설":0,
            "인프라총점":76.0,
            "초등학군":87.4,
            "중학군":41.1,
            "학군총점":50.36,
            "인구수":36.67,
            "인구증감":-16.38,
            "인구총점":20.755,
            "일자리":8.2,
            "소득수준":45.28,
            "일자리총점":19.324,
            "가치 총점":57.004,
            "매매실거래년":20211231.0,
            "매매실거래가":67500.0,
            "전세실거래년":20211209.0,
            "전세실거래가":24000.0,
            "전세가율":37.5,
            "장기전세가율평균":66.53,
            "전세가율거품지수":29.03,
            "검색코드":323,
            "세대수":808.0,
            "준공년월":"1990-09-06",
            "준공년차":33.0,
            "가까운역이름":"쌍문",
            "가까운역거리":680.1,
            "역세권여부":"준역세권",
            "30분이내주요거점역":0,
            "1시간이내주요거점역":8,
            "3km이내백화점수":1,
            "5km이내아울렛몰수":0,
            "1km이내대형먀트수":2,
            "500m이내은행수":2,
            "500m이내병원수":21,
            "5km이내대형병원수":5,
            "500m이내공원수":5,
            "3km이내혐오시설수":0,
            "초등학교학업성취도":87.4,
            "중학교학업성취도":67.1,
            "용적률":167,
            "건폐율":0,
            "Y":37.653467,
            "X":127.039432,
            "rank":25.0,
            "area_info":"17평(57.15), 17평(59.04), 19평(63.6), 20평(69.1), 22평(72.95), 23평(77.89), 24평(80.17), 24평(82.53), 25평(82.91)",
            "last_sales":"2021-12-31,67500.0,24평(82.53)"
        },
        {
            "index":378,
            "아파트명":"월가타워(도시형)",
            "투자타입":"일반",
            "전용면적(m2)":"21.99",
            "전용면적(평)":"6평",
            "법정동주소":"서울시 도봉구 창동 7",
            "도로명주소":"서울시 도봉구 마들로11가길 6-25",
            "세대수":0,
            "입주년차":60,
            "용적률점수":"--",
            "건폐율점수":"--",
            "세대당주차수":0,
            "난방방식":30,
            "공급면적":"--",
            "전용률":"--",
            "욕실수":50,
            "현관타입":10,
            "주거총점":21.0,
            "지역구공급총점":100.0,
            "역세권":80,
            "30분내 이동가능 거점":0,
            "1시간내 이동가능 거점":70,
            "교통총점":54.0,
            "백화점":100,
            "아울렛몰":0,
            "대형마트":100,
            "은행":70,
            "병원":80,
            "종합병원":100,
            "공원":100,
            "혐오시설":0,
            "인프라총점":83.0,
            "초등학군":88.08,
            "중학군":50.98,
            "학군총점":58.4,
            "인구수":36.67,
            "인구증감":-16.38,
            "인구총점":20.755,
            "일자리":8.2,
            "소득수준":45.28,
            "일자리총점":19.324,
            "가치 총점":56.76,
            "매매실거래년":20210804.0,
            "매매실거래가":10500.0,
            "전세실거래년":20210312.0,
            "전세실거래가":7500.0,
            "전세가율":96.15,
            "장기전세가율평균":66.53,
            "전세가율거품지수":-29.62,
            "검색코드":104172,
            "세대수":120.0,
            "준공년월":"2013-11-12",
            "준공년차":10.0,
            "가까운역이름":"창동",
            "가까운역거리":155.63,
            "역세권여부":"역세권",
            "30분이내주요거점역":0,
            "1시간이내주요거점역":7,
            "3km이내백화점수":1,
            "5km이내아울렛몰수":0,
            "1km이내대형먀트수":2,
            "500m이내은행수":3,
            "500m이내병원수":48,
            "5km이내대형병원수":5,
            "500m이내공원수":3,
            "3km이내혐오시설수":0,
            "초등학교학업성취도":88.08,
            "중학교학업성취도":83.5,
            "용적률":688,
            "건폐율":59,
            "Y":37.652221,
            "X":127.049035,
            "rank":26.0,
            "area_info":"6평(21.99), 6평(22.11), 6평(23.0), 7평(25.33), 7평(26.16), 9평(30.63), 9평(32.91)",
            "last_sales":"2021-08-04,10500.0,7평(26.16)"
        },
        {
            "index":95,
            "아파트명":"방학브라운스톤",
            "투자타입":"일반",
            "전용면적(m2)":"109.76",
            "전용면적(평)":"33평",
            "법정동주소":"서울시 도봉구 방학동 713",
            "도로명주소":"서울시 도봉구 도봉로146길 36",
            "세대수":0,
            "입주년차":20,
            "용적률점수":"--",
            "건폐율점수":"--",
            "세대당주차수":30,
            "난방방식":30,
            "공급면적":"--",
            "전용률":"--",
            "욕실수":100,
            "현관타입":100,
            "주거총점":31.5,
            "지역구공급총점":100.0,
            "역세권":80,
            "30분내 이동가능 거점":0,
            "1시간내 이동가능 거점":50,
            "교통총점":50.0,
            "백화점":100,
            "아울렛몰":0,
            "대형마트":100,
            "은행":70,
            "병원":60,
            "종합병원":100,
            "공원":100,
            "혐오시설":-50,
            "인프라총점":80.0,
            "초등학군":88.08,
            "중학군":51.8,
            "학군총점":59.056,
            "인구수":36.67,
            "인구증감":-16.38,
            "인구총점":20.755,
            "일자리":8.2,
            "소득수준":45.28,
            "일자리총점":19.324,
            "가치 총점":56.6584,
            "매매실거래년":20210929.0,
            "매매실거래가":71600.0,
            "전세실거래년":20211212.0,
            "전세실거래가":37800.0,
            "전세가율":52.79,
            "장기전세가율평균":66.53,
            "전세가율거품지수":13.74,
            "검색코드":8824,
            "세대수":174.0,
            "준공년월":"2003-04-30",
            "준공년차":20.0,
            "가까운역이름":"방학",
            "가까운역거리":434.08,
            "역세권여부":"역세권",
            "30분이내주요거점역":0,
            "1시간이내주요거점역":5,
            "3km이내백화점수":1,
            "5km이내아울렛몰수":0,
            "1km이내대형먀트수":2,
            "500m이내은행수":3,
            "500m이내병원수":27,
            "5km이내대형병원수":4,
            "500m이내공원수":5,
            "3km이내혐오시설수":1,
            "초등학교학업성취도":88.08,
            "중학교학업성취도":84.4,
            "용적률":0,
            "건폐율":0,
            "Y":37.663649,
            "X":127.045058,
            "rank":27.0,
            "area_info":"33평(109.76), 33평(109.72)",
            "last_sales":"2021-09-29,71600.0,33평(109.76)"
        },
        {
            "index":357,
            "아파트명":"상아2차",
            "투자타입":"재건축",
            "전용면적(m2)":"63.29",
            "전용면적(평)":"19평",
            "법정동주소":"서울시 도봉구 창동 300",
            "도로명주소":"서울시 도봉구 노해로63가길 7",
            "세대수":50,
            "입주년차":"--",
            "용적률점수":20,
            "건폐율점수":0,
            "세대당주차수":"--",
            "난방방식":"--",
            "공급면적":50,
            "전용률":60,
            "욕실수":"--",
            "현관타입":"--",
            "주거총점":28.5,
            "지역구공급총점":100.0,
            "역세권":80,
            "30분내 이동가능 거점":0,
            "1시간내 이동가능 거점":70,
            "교통총점":54.0,
            "백화점":100,
            "아울렛몰":0,
            "대형마트":100,
            "은행":0,
            "병원":80,
            "종합병원":100,
            "공원":100,
            "혐오시설":0,
            "인프라총점":76.0,
            "초등학군":88.08,
            "중학군":50.98,
            "학군총점":58.4,
            "인구수":36.67,
            "인구증감":-16.38,
            "인구총점":20.755,
            "일자리":8.2,
            "소득수준":45.28,
            "일자리총점":19.324,
            "가치 총점":56.16,
            "매매실거래년":20210630.0,
            "매매실거래가":87000.0,
            "전세실거래년":20210928.0,
            "전세실거래가":14700.0,
            "전세가율":36.75,
            "장기전세가율평균":66.53,
            "전세가율거품지수":29.78,
            "검색코드":8564,
            "세대수":427.0,
            "준공년월":"1988-02-11",
            "준공년차":35.0,
            "가까운역이름":"창동",
            "가까운역거리":297.55,
            "역세권여부":"역세권",
            "30분이내주요거점역":0,
            "1시간이내주요거점역":7,
            "3km이내백화점수":1,
            "5km이내아울렛몰수":0,
            "1km이내대형먀트수":3,
            "500m이내은행수":1,
            "500m이내병원수":35,
            "5km이내대형병원수":5,
            "500m이내공원수":3,
            "3km이내혐오시설수":0,
            "초등학교학업성취도":88.08,
            "중학교학업성취도":83.5,
            "용적률":254,
            "건폐율":0,
            "Y":37.653255,
            "X":127.044353,
            "rank":28.0,
            "area_info":"19평(63.29), 19평(64.54), 24평(80.86), 31평(104.1)",
            "last_sales":"2021-06-30,87000.0,31평(104.1)"
        },
        {
            "index":323,
            "아파트명":"대우그린",
            "투자타입":"일반",
            "전용면적(m2)":"81.34",
            "전용면적(평)":"24평",
            "법정동주소":"서울시 도봉구 창동 814",
            "도로명주소":"서울시 도봉구 덕릉로 371",
            "세대수":30,
            "입주년차":20,
            "용적률점수":"--",
            "건폐율점수":"--",
            "세대당주차수":30,
            "난방방식":30,
            "공급면적":"--",
            "전용률":"--",
            "욕실수":50,
            "현관타입":100,
            "주거총점":37.0,
            "지역구공급총점":100.0,
            "역세권":80,
            "30분내 이동가능 거점":0,
            "1시간내 이동가능 거점":70,
            "교통총점":54.0,
            "백화점":100,
            "아울렛몰":0,
            "대형마트":80,
            "은행":0,
            "병원":30,
            "종합병원":100,
            "공원":100,
            "혐오시설":0,
            "인프라총점":68.0,
            "초등학군":88.69,
            "중학군":50.98,
            "학군총점":58.522,
            "인구수":36.67,
            "인구증감":-16.38,
            "인구총점":20.755,
            "일자리":8.2,
            "소득수준":45.28,
            "일자리총점":19.324,
            "가치 총점":55.4783,
            "매매실거래년":20211201.0,
            "매매실거래가":75500.0,
            "전세실거래년":20211217.0,
            "전세실거래가":31500.0,
            "전세가율":41.72,
            "장기전세가율평균":66.53,
            "전세가율거품지수":24.81,
            "검색코드":3265,
            "세대수":366.0,
            "준공년월":"2000-11-30",
            "준공년차":23.0,
            "가까운역이름":"녹천",
            "가까운역거리":227.64,
            "역세권여부":"역세권",
            "30분이내주요거점역":0,
            "1시간이내주요거점역":7,
            "3km이내백화점수":1,
            "5km이내아울렛몰수":0,
            "1km이내대형먀트수":1,
            "500m이내은행수":0,
            "500m이내병원수":5,
            "5km이내대형병원수":5,
            "500m이내공원수":7,
            "3km이내혐오시설수":0,
            "초등학교학업성취도":88.69,
            "중학교학업성취도":83.5,
            "용적률":288,
            "건폐율":21,
            "Y":37.646314,
            "X":127.04953,
            "rank":29.0,
            "area_info":"24평(81.34), 32평(108.43)",
            "last_sales":"2021-12-01,75500.0,24평(81.34)"
        },
        {
            "index":40,
            "아파트명":"서원",
            "투자타입":"일반",
            "전용면적(m2)":"56.2",
            "전용면적(평)":"17평",
            "법정동주소":"서울시 도봉구 도봉동 641",
            "도로명주소":"서울시 도봉구 마들로 684-20",
            "세대수":100,
            "입주년차":0,
            "용적률점수":"--",
            "건폐율점수":"--",
            "세대당주차수":0,
            "난방방식":100,
            "공급면적":"--",
            "전용률":"--",
            "욕실수":50,
            "현관타입":10,
            "주거총점":51.0,
            "지역구공급총점":100.0,
            "역세권":80,
            "30분내 이동가능 거점":0,
            "1시간내 이동가능 거점":40,
            "교통총점":48.0,
            "백화점":100,
            "아울렛몰":0,
            "대형마트":80,
            "은행":0,
            "병원":60,
            "종합병원":100,
            "공원":100,
            "혐오시설":-50,
            "인프라총점":70.0,
            "초등학군":79.7,
            "중학군":41.06,
            "학군총점":48.788,
            "인구수":36.67,
            "인구증감":-16.38,
            "인구총점":20.755,
            "일자리":8.2,
            "소득수준":45.28,
            "일자리총점":19.324,
            "가치 총점":55.3182,
            "매매실거래년":20211218.0,
            "매매실거래가":49200.0,
            "전세실거래년":20210726.0,
            "전세실거래가":13500.0,
            "전세가율":33.75,
            "장기전세가율평균":66.53,
            "전세가율거품지수":32.78,
            "검색코드":1120,
            "세대수":2450.0,
            "준공년월":"1996-10-12",
            "준공년차":27.0,
            "가까운역이름":"방학",
            "가까운역거리":476.2,
            "역세권여부":"역세권",
            "30분이내주요거점역":0,
            "1시간이내주요거점역":4,
            "3km이내백화점수":1,
            "5km이내아울렛몰수":0,
            "1km이내대형먀트수":1,
            "500m이내은행수":1,
            "500m이내병원수":27,
            "5km이내대형병원수":4,
            "500m이내공원수":2,
            "3km이내혐오시설수":1,
            "초등학교학업성취도":79.7,
            "중학교학업성취도":67.1,
            "용적률":246,
            "건폐율":20,
            "Y":37.670869,
            "X":127.047618,
            "rank":30.0,
            "area_info":"17평(56.2), 17평(56.2), 22평(72.73), 22평(72.73), 22평(72.73), 22평(72.73), 25평(85.95), 25평(85.95), 25평(85.95)",
            "last_sales":"2021-12-18,49200.0,22평(72.73)"
        },
        {
            "index":228,
            "아파트명":"삼익세라믹",
            "투자타입":"재건축",
            "전용면적(m2)":"55.23",
            "전용면적(평)":"16평",
            "법정동주소":"서울시 도봉구 쌍문동 56",
            "도로명주소":"서울시 도봉구 해등로 195",
            "세대수":100,
            "입주년차":"--",
            "용적률점수":60,
            "건폐율점수":0,
            "세대당주차수":"--",
            "난방방식":"--",
            "공급면적":50,
            "전용률":60,
            "욕실수":"--",
            "현관타입":"--",
            "주거총점":59.5,
            "지역구공급총점":100.0,
            "역세권":50,
            "30분내 이동가능 거점":0,
            "1시간내 이동가능 거점":60,
            "교통총점":37.0,
            "백화점":100,
            "아울렛몰":0,
            "대형마트":80,
            "은행":20,
            "병원":80,
            "종합병원":100,
            "공원":100,
            "혐오시설":0,
            "인프라총점":75.0,
            "초등학군":88.68,
            "중학군":41.1,
            "학군총점":50.616,
            "인구수":36.67,
            "인구증감":-16.38,
            "인구총점":20.755,
            "일자리":8.2,
            "소득수준":45.28,
            "일자리총점":19.324,
            "가치 총점":54.9424,
            "매매실거래년":20211025.0,
            "매매실거래가":74000.0,
            "전세실거래년":20211210.0,
            "전세실거래가":18000.0,
            "전세가율":41.47,
            "장기전세가율평균":66.53,
            "전세가율거품지수":25.06,
            "검색코드":292,
            "세대수":1541.0,
            "준공년월":"1988-12-19",
            "준공년차":35.0,
            "가까운역이름":"쌍문",
            "가까운역거리":958.41,
            "역세권여부":"준역세권",
            "30분이내주요거점역":0,
            "1시간이내주요거점역":6,
            "3km이내백화점수":1,
            "5km이내아울렛몰수":0,
            "1km이내대형먀트수":1,
            "500m이내은행수":2,
            "500m이내병원수":30,
            "5km이내대형병원수":4,
            "500m이내공원수":3,
            "3km이내혐오시설수":0,
            "초등학교학업성취도":88.68,
            "중학교학업성취도":67.1,
            "용적률":240,
            "건폐율":0,
            "Y":37.657228,
            "X":127.035416,
            "rank":31.0,
            "area_info":"16평(55.23), 18평(61.62), 24평(80.38), 29평(95.9)",
            "last_sales":"2021-10-25,74000.0,29평(95.9)"
        },
        {
            "index":473,
            "아파트명":"창동현대2차",
            "투자타입":"일반",
            "전용면적(m2)":"88.43",
            "전용면적(평)":"26평",
            "법정동주소":"서울시 도봉구 창동 815",
            "도로명주소":"서울시 도봉구 도봉로136길 111",
            "세대수":80,
            "입주년차":20,
            "용적률점수":"--",
            "건폐율점수":"--",
            "세대당주차수":30,
            "난방방식":30,
            "공급면적":"--",
            "전용률":"--",
            "욕실수":100,
            "현관타입":100,
            "주거총점":59.5,
            "지역구공급총점":100.0,
            "역세권":50,
            "30분내 이동가능 거점":0,
            "1시간내 이동가능 거점":40,
            "교통총점":33.0,
            "백화점":100,
            "아울렛몰":0,
            "대형마트":100,
            "은행":0,
            "병원":60,
            "종합병원":100,
            "공원":100,
            "혐오시설":0,
            "인프라총점":74.0,
            "초등학군":87.2,
            "중학군":51.8,
            "학군총점":58.88,
            "인구수":36.67,
            "인구증감":-16.38,
            "인구총점":20.755,
            "일자리":8.2,
            "소득수준":45.28,
            "일자리총점":19.324,
            "가치 총점":54.482,
            "매매실거래년":20210904.0,
            "매매실거래가":98000.0,
            "전세실거래년":20211120.0,
            "전세실거래가":44000.0,
            "전세가율":58.12,
            "장기전세가율평균":66.53,
            "전세가율거품지수":8.41,
            "검색코드":2978,
            "세대수":705.0,
            "준공년월":"2001-06-14",
            "준공년차":22.0,
            "가까운역이름":"방학",
            "가까운역거리":703.59,
            "역세권여부":"준역세권",
            "30분이내주요거점역":0,
            "1시간이내주요거점역":4,
            "3km이내백화점수":1,
            "5km이내아울렛몰수":0,
            "1km이내대형먀트수":3,
            "500m이내은행수":0,
            "500m이내병원수":10,
            "5km이내대형병원수":5,
            "500m이내공원수":4,
            "3km이내혐오시설수":0,
            "초등학교학업성취도":87.2,
            "중학교학업성취도":84.4,
            "용적률":299,
            "건폐율":20,
            "Y":37.661399,
            "X":127.046379,
            "rank":32.0,
            "area_info":"26평(88.43), 35평(116.64), 38평(126.76)",
            "last_sales":"2021-09-04,98000.0,35평(116.64)"
        },
        {
            "index":330,
            "아파트명":"동아청솔",
            "투자타입":"일반",
            "전용면적(m2)":"80.71",
            "전용면적(평)":"24평",
            "법정동주소":"서울시 도봉구 창동 808",
            "도로명주소":"서울시 도봉구 노해로69길 103",
            "세대수":100,
            "입주년차":0,
            "용적률점수":"--",
            "건폐율점수":"--",
            "세대당주차수":30,
            "난방방식":100,
            "공급면적":"--",
            "전용률":"--",
            "욕실수":50,
            "현관타입":10,
            "주거총점":55.5,
            "지역구공급총점":100.0,
            "역세권":50,
            "30분내 이동가능 거점":0,
            "1시간내 이동가능 거점":50,
            "교통총점":35.0,
            "백화점":100,
            "아울렛몰":0,
            "대형마트":100,
            "은행":20,
            "병원":30,
            "종합병원":100,
            "공원":100,
            "혐오시설":0,
            "인프라총점":73.0,
            "초등학군":89.47,
            "중학군":51.8,
            "학군총점":59.334,
            "인구수":36.67,
            "인구증감":-16.38,
            "인구총점":20.755,
            "일자리":8.2,
            "소득수준":45.28,
            "일자리총점":19.324,
            "가치 총점":54.1501,
            "매매실거래년":20211120.0,
            "매매실거래가":141000.0,
            "전세실거래년":20220105.0,
            "전세실거래가":25000.0,
            "전세가율":31.65,
            "장기전세가율평균":66.53,
            "전세가율거품지수":34.88,
            "검색코드":312,
            "세대수":1981.0,
            "준공년월":"1997-03-24",
            "준공년차":26.0,
            "가까운역이름":"창동",
            "가까운역거리":506.25,
            "역세권여부":"준역세권",
            "30분이내주요거점역":0,
            "1시간이내주요거점역":5,
            "3km이내백화점수":1,
            "5km이내아울렛몰수":0,
            "1km이내대형먀트수":4,
            "500m이내은행수":2,
            "500m이내병원수":8,
            "5km이내대형병원수":5,
            "500m이내공원수":2,
            "3km이내혐오시설수":0,
            "초등학교학업성취도":89.47,
            "중학교학업성취도":84.4,
            "용적률":249,
            "건폐율":16,
            "Y":37.657693,
            "X":127.048342,
            "rank":33.0,
            "area_info":"24평(80.71), 24평(81.14), 24평(81.41), 32평(108.85), 49평(164.0)",
            "last_sales":"2021-11-20,141000.0,49평(164.0)"
        },
        {
            "index":478,
            "아파트명":"창동현대타운",
            "투자타입":"일반",
            "전용면적(m2)":"67.18",
            "전용면적(평)":"20평",
            "법정동주소":"서울시 도봉구 창동 812",
            "도로명주소":"서울시 도봉구 도봉로114길 22-8",
            "세대수":0,
            "입주년차":20,
            "용적률점수":"--",
            "건폐율점수":"--",
            "세대당주차수":0,
            "난방방식":30,
            "공급면적":"--",
            "전용률":"--",
            "욕실수":50,
            "현관타입":10,
            "주거총점":13.0,
            "지역구공급총점":100.0,
            "역세권":80,
            "30분내 이동가능 거점":20,
            "1시간내 이동가능 거점":100,
            "교통총점":66.0,
            "백화점":100,
            "아울렛몰":0,
            "대형마트":0,
            "은행":70,
            "병원":80,
            "종합병원":100,
            "공원":100,
            "혐오시설":0,
            "인프라총점":68.0,
            "초등학군":86.27,
            "중학군":44.22,
            "학군총점":52.63,
            "인구수":36.67,
            "인구증감":-16.38,
            "인구총점":20.755,
            "일자리":8.2,
            "소득수준":45.28,
            "일자리총점":19.324,
            "가치 총점":53.9945,
            "매매실거래년":20210228.0,
            "매매실거래가":44500.0,
            "전세실거래년":20210510.0,
            "전세실거래가":27000.0,
            "전세가율":93.91,
            "장기전세가율평균":66.53,
            "전세가율거품지수":-27.38,
            "검색코드":3268,
            "세대수":158.0,
            "준공년월":"1999-09-22",
            "준공년차":24.0,
            "가까운역이름":"쌍문",
            "가까운역거리":178.49,
            "역세권여부":"역세권",
            "30분이내주요거점역":1,
            "1시간이내주요거점역":11,
            "3km이내백화점수":1,
            "5km이내아울렛몰수":0,
            "1km이내대형먀트수":0,
            "500m이내은행수":3,
            "500m이내병원수":44,
            "5km이내대형병원수":5,
            "500m이내공원수":4,
            "3km이내혐오시설수":0,
            "초등학교학업성취도":86.27,
            "중학교학업성취도":71.5,
            "용적률":383,
            "건폐율":59,
            "Y":37.64708,
            "X":127.03525,
            "rank":34.0,
            "area_info":"20평(67.18), 24평(81.44), 28평(93.37)",
            "last_sales":"2021-02-28,44500.0,28평(93.37)"
        },
        {
            "index":487,
            "아파트명":"태영창동데시앙",
            "투자타입":"일반",
            "전용면적(m2)":"105.42",
            "전용면적(평)":"31평",
            "법정동주소":"서울시 도봉구 창동 819",
            "도로명주소":"서울시 도봉구 도봉로110다길 51",
            "세대수":90,
            "입주년차":20,
            "용적률점수":"--",
            "건폐율점수":"--",
            "세대당주차수":30,
            "난방방식":30,
            "공급면적":"--",
            "전용률":"--",
            "욕실수":100,
            "현관타입":100,
            "주거총점":63.0,
            "지역구공급총점":100.0,
            "역세권":50,
            "30분내 이동가능 거점":0,
            "1시간내 이동가능 거점":80,
            "교통총점":41.0,
            "백화점":100,
            "아울렛몰":0,
            "대형마트":0,
            "은행":20,
            "병원":60,
            "종합병원":100,
            "공원":100,
            "혐오시설":0,
            "인프라총점":61.0,
            "초등학군":87.19,
            "중학군":45.92,
            "학군총점":54.174,
            "인구수":36.67,
            "인구증감":-16.38,
            "인구총점":20.755,
            "일자리":8.2,
            "소득수준":45.28,
            "일자리총점":19.324,
            "가치 총점":53.3761,
            "매매실거래년":20211116.0,
            "매매실거래가":59000.0,
            "전세실거래년":20211229.0,
            "전세실거래가":39900.0,
            "전세가율":67.63,
            "장기전세가율평균":66.53,
            "전세가율거품지수":-1.1,
            "검색코드":3003,
            "세대수":958.0,
            "준공년월":"2003-07-14",
            "준공년차":20.0,
            "가까운역이름":"쌍문",
            "가까운역거리":628.16,
            "역세권여부":"준역세권",
            "30분이내주요거점역":0,
            "1시간이내주요거점역":8,
            "3km이내백화점수":1,
            "5km이내아울렛몰수":0,
            "1km이내대형먀트수":0,
            "500m이내은행수":2,
            "500m이내병원수":18,
            "5km이내대형병원수":5,
            "500m이내공원수":3,
            "3km이내혐오시설수":0,
            "초등학교학업성취도":87.19,
            "중학교학업성취도":75.2,
            "용적률":318,
            "건폐율":23,
            "Y":37.643091,
            "X":127.033288,
            "rank":35.0,
            "area_info":"31평(105.42)",
            "last_sales":"2021-11-16,59000.0,31평(105.42)"
        },
        {
            "index":375,
            "아파트명":"쌍용",
            "투자타입":"일반",
            "전용면적(m2)":"79.43",
            "전용면적(평)":"24평",
            "법정동주소":"서울시 도봉구 창동 807",
            "도로명주소":"서울시 도봉구 마들로 551",
            "세대수":90,
            "입주년차":0,
            "용적률점수":"--",
            "건폐율점수":"--",
            "세대당주차수":0,
            "난방방식":100,
            "공급면적":"--",
            "전용률":"--",
            "욕실수":50,
            "현관타입":100,
            "주거총점":56.5,
            "지역구공급총점":100.0,
            "역세권":50,
            "30분내 이동가능 거점":0,
            "1시간내 이동가능 거점":50,
            "교통총점":35.0,
            "백화점":100,
            "아울렛몰":0,
            "대형마트":100,
            "은행":0,
            "병원":10,
            "종합병원":100,
            "공원":100,
            "혐오시설":0,
            "인프라총점":69.0,
            "초등학군":89.47,
            "중학군":51.8,
            "학군총점":59.334,
            "인구수":36.67,
            "인구증감":-16.38,
            "인구총점":20.755,
            "일자리":8.2,
            "소득수준":45.28,
            "일자리총점":19.324,
            "가치 총점":53.1501,
            "매매실거래년":20211222.0,
            "매매실거래가":81000.0,
            "전세실거래년":20211218.0,
            "전세실거래가":28350.0,
            "전세가율":35.0,
            "장기전세가율평균":66.53,
            "전세가율거품지수":31.53,
            "검색코드":322,
            "세대수":1352.0,
            "준공년월":"1997-02-28",
            "준공년차":26.0,
            "가까운역이름":"창동",
            "가까운역거리":718.27,
            "역세권여부":"준역세권",
            "30분이내주요거점역":0,
            "1시간이내주요거점역":5,
            "3km이내백화점수":1,
            "5km이내아울렛몰수":0,
            "1km이내대형먀트수":4,
            "500m이내은행수":1,
            "500m이내병원수":4,
            "5km이내대형병원수":5,
            "500m이내공원수":2,
            "3km이내혐오시설수":0,
            "초등학교학업성취도":89.47,
            "중학교학업성취도":84.4,
            "용적률":292,
            "건폐율":20,
            "Y":37.659596,
            "X":127.04851,
            "rank":36.0,
            "area_info":"24평(79.43), 32평(107.95), 47평(157.42)",
            "last_sales":"2021-12-22,81000.0,24평(79.43)"
        },
        {
            "index":60,
            "아파트명":"거성학마을",
            "투자타입":"일반",
            "전용면적(m2)":"76.26",
            "전용면적(평)":"23평",
            "법정동주소":"서울시 도봉구 방학동 701-15",
            "도로명주소":"서울시 도봉구 도당로 116",
            "세대수":30,
            "입주년차":0,
            "용적률점수":"--",
            "건폐율점수":"--",
            "세대당주차수":0,
            "난방방식":30,
            "공급면적":"--",
            "전용률":"--",
            "욕실수":50,
            "현관타입":100,
            "주거총점":28.5,
            "지역구공급총점":100.0,
            "역세권":80,
            "30분내 이동가능 거점":0,
            "1시간내 이동가능 거점":30,
            "교통총점":46.0,
            "백화점":100,
            "아울렛몰":0,
            "대형마트":80,
            "은행":70,
            "병원":80,
            "종합병원":100,
            "공원":100,
            "혐오시설":-50,
            "인프라총점":79.0,
            "초등학군":84.71,
            "중학군":41.06,
            "학군총점":49.79,
            "인구수":36.67,
            "인구증감":-16.38,
            "인구총점":20.755,
            "일자리":8.2,
            "소득수준":45.28,
            "일자리총점":19.324,
            "가치 총점":52.9685,
            "매매실거래년":20211101.0,
            "매매실거래가":78500.0,
            "전세실거래년":20210130.0,
            "전세실거래가":22000.0,
            "전세가율":37.29,
            "장기전세가율평균":66.53,
            "전세가율거품지수":29.24,
            "검색코드":268,
            "세대수":347.0,
            "준공년월":"1994-12-13",
            "준공년차":29.0,
            "가까운역이름":"방학",
            "가까운역거리":437.52,
            "역세권여부":"역세권",
            "30분이내주요거점역":0,
            "1시간이내주요거점역":3,
            "3km이내백화점수":1,
            "5km이내아울렛몰수":0,
            "1km이내대형먀트수":1,
            "500m이내은행수":4,
            "500m이내병원수":34,
            "5km이내대형병원수":4,
            "500m이내공원수":7,
            "3km이내혐오시설수":1,
            "초등학교학업성취도":84.71,
            "중학교학업성취도":67.1,
            "용적률":339,
            "건폐율":29,
            "Y":37.666532,
            "X":127.039456,
            "rank":37.0,
            "area_info":"23평(76.26), 29평(97.94), 32평(107.95), 51평(170.69)",
            "last_sales":"2021-11-01,78500.0,51평(170.69)"
        },
        {
            "index":342,
            "아파트명":"북한산한신休플러스",
            "투자타입":"일반",
            "전용면적(m2)":"105.0",
            "전용면적(평)":"31평",
            "법정동주소":"서울시 도봉구 창동 826",
            "도로명주소":"서울시 도봉구 도봉로136가길 73",
            "세대수":0,
            "입주년차":40,
            "용적률점수":"--",
            "건폐율점수":"--",
            "세대당주차수":60,
            "난방방식":30,
            "공급면적":"--",
            "전용률":"--",
            "욕실수":100,
            "현관타입":100,
            "주거총점":40.0,
            "지역구공급총점":100.0,
            "역세권":50,
            "30분내 이동가능 거점":0,
            "1시간내 이동가능 거점":70,
            "교통총점":39.0,
            "백화점":100,
            "아울렛몰":0,
            "대형마트":100,
            "은행":20,
            "병원":60,
            "종합병원":100,
            "공원":100,
            "혐오시설":0,
            "인프라총점":76.0,
            "초등학군":88.08,
            "중학군":41.1,
            "학군총점":50.496,
            "인구수":36.67,
            "인구증감":-16.38,
            "인구총점":20.755,
            "일자리":8.2,
            "소득수준":45.28,
            "일자리총점":19.324,
            "가치 총점":52.0244,
            "매매실거래년":20210806.0,
            "매매실거래가":70000.0,
            "전세실거래년":20210902.0,
            "전세실거래가":60000.0,
            "전세가율":60.61,
            "장기전세가율평균":66.53,
            "전세가율거품지수":5.92,
            "검색코드":24759,
            "세대수":194.0,
            "준공년월":"2007-07-31",
            "준공년차":16.0,
            "가까운역이름":"창동",
            "가까운역거리":576.22,
            "역세권여부":"준역세권",
            "30분이내주요거점역":0,
            "1시간이내주요거점역":7,
            "3km이내백화점수":1,
            "5km이내아울렛몰수":0,
            "1km이내대형먀트수":4,
            "500m이내은행수":2,
            "500m이내병원수":28,
            "5km이내대형병원수":5,
            "500m이내공원수":2,
            "3km이내혐오시설수":0,
            "초등학교학업성취도":88.08,
            "중학교학업성취도":67.1,
            "용적률":309,
            "건폐율":35,
            "Y":37.656122,
            "X":127.042355,
            "rank":38.0,
            "area_info":"31평(105.0), 41평(137.4), 42평(140.41)",
            "last_sales":"2021-08-06,70000.0,42평(140.41)"
        },
        {
            "index":75,
            "아파트명":"동부센트레빌",
            "투자타입":"일반",
            "전용면적(m2)":"100.83",
            "전용면적(평)":"30평",
            "법정동주소":"서울시 도봉구 방학동 689",
            "도로명주소":"서울시 도봉구 방학로 120",
            "세대수":0,
            "입주년차":40,
            "용적률점수":"--",
            "건폐율점수":"--",
            "세대당주차수":60,
            "난방방식":30,
            "공급면적":"--",
            "전용률":"--",
            "욕실수":100,
            "현관타입":100,
            "주거총점":40.0,
            "지역구공급총점":100.0,
            "역세권":50,
            "30분내 이동가능 거점":0,
            "1시간내 이동가능 거점":40,
            "교통총점":33.0,
            "백화점":100,
            "아울렛몰":0,
            "대형마트":100,
            "은행":100,
            "병원":80,
            "종합병원":100,
            "공원":100,
            "혐오시설":-50,
            "인프라총점":85.0,
            "초등학군":87.48,
            "중학군":34.34,
            "학군총점":44.968,
            "인구수":36.67,
            "인구증감":-16.38,
            "인구총점":20.755,
            "일자리":8.2,
            "소득수준":45.28,
            "일자리총점":19.324,
            "가치 총점":51.7952,
            "매매실거래년":20200915.0,
            "매매실거래가":74500.0,
            "전세실거래년":20220106.0,
            "전세실거래가":48000.0,
            "전세가율":89.3,
            "장기전세가율평균":66.53,
            "전세가율거품지수":-22.77,
            "검색코드":17711,
            "세대수":258.0,
            "준공년월":"2005-11-21",
            "준공년차":18.0,
            "가까운역이름":"방학",
            "가까운역거리":625.76,
            "역세권여부":"준역세권",
            "30분이내주요거점역":0,
            "1시간이내주요거점역":4,
            "3km이내백화점수":1,
            "5km이내아울렛몰수":0,
            "1km이내대형먀트수":2,
            "500m이내은행수":5,
            "500m이내병원수":39,
            "5km이내대형병원수":4,
            "500m이내공원수":8,
            "3km이내혐오시설수":1,
            "초등학교학업성취도":87.48,
            "중학교학업성취도":56.1,
            "용적률":242,
            "건폐율":23,
            "Y":37.664003,
            "X":127.038706,
            "rank":39.0,
            "area_info":"30평(100.83), 30평(101.09), 31평(105.37), 31평(105.74), 32평(108.99), 33평(110.74), 42평(139.18), 43평(145.18), 49평(162.45), 49평(163.64), 49평(163.16), 51평(170.52), 57평(189.9)",
            "last_sales":"2020-09-15,74500.0,57평(189.9)"
        },
        {
            "index":410,
            "아파트명":"창동금호어울림",
            "투자타입":"일반",
            "전용면적(m2)":"113.33",
            "전용면적(평)":"34평",
            "법정동주소":"서울시 도봉구 창동 823",
            "도로명주소":"서울시 도봉구 도봉로136가길 68",
            "세대수":0,
            "입주년차":40,
            "용적률점수":"--",
            "건폐율점수":"--",
            "세대당주차수":60,
            "난방방식":30,
            "공급면적":"--",
            "전용률":"--",
            "욕실수":100,
            "현관타입":100,
            "주거총점":40.0,
            "지역구공급총점":100.0,
            "역세권":50,
            "30분내 이동가능 거점":0,
            "1시간내 이동가능 거점":60,
            "교통총점":37.0,
            "백화점":100,
            "아울렛몰":0,
            "대형마트":100,
            "은행":20,
            "병원":60,
            "종합병원":100,
            "공원":100,
            "혐오시설":0,
            "인프라총점":76.0,
            "초등학군":88.08,
            "중학군":41.1,
            "학군총점":50.496,
            "인구수":36.67,
            "인구증감":-16.38,
            "인구총점":20.755,
            "일자리":8.2,
            "소득수준":45.28,
            "일자리총점":19.324,
            "가치 총점":51.3244,
            "매매실거래년":20210313.0,
            "매매실거래가":85000.0,
            "전세실거래년":20210810.0,
            "전세실거래가":58000.0,
            "전세가율":68.24,
            "장기전세가율평균":66.53,
            "전세가율거품지수":-1.71,
            "검색코드":8653,
            "세대수":299.0,
            "준공년월":"2004-01-05",
            "준공년차":19.0,
            "가까운역이름":"창동",
            "가까운역거리":648.85,
            "역세권여부":"준역세권",
            "30분이내주요거점역":0,
            "1시간이내주요거점역":6,
            "3km이내백화점수":1,
            "5km이내아울렛몰수":0,
            "1km이내대형먀트수":4,
            "500m이내은행수":2,
            "500m이내병원수":25,
            "5km이내대형병원수":5,
            "500m이내공원수":2,
            "3km이내혐오시설수":0,
            "초등학교학업성취도":88.08,
            "중학교학업성취도":67.1,
            "용적률":271,
            "건폐율":21,
            "Y":37.65644,
            "X":127.04163,
            "rank":40.0,
            "area_info":"34평(113.33), 45평(151.02), 55평(182.02)",
            "last_sales":"2021-03-13,85000.0,34평(113.33)"
        },
        {
            "index":296,
            "아파트명":"한양6차",
            "투자타입":"일반",
            "전용면적(m2)":"95.92",
            "전용면적(평)":"29평",
            "법정동주소":"서울시 도봉구 쌍문동 59-5",
            "도로명주소":"서울시 도봉구 시루봉로 58",
            "세대수":50,
            "입주년차":20,
            "용적률점수":"--",
            "건폐율점수":"--",
            "세대당주차수":0,
            "난방방식":30,
            "공급면적":"--",
            "전용률":"--",
            "욕실수":100,
            "현관타입":100,
            "주거총점":44.5,
            "지역구공급총점":100.0,
            "역세권":50,
            "30분내 이동가능 거점":0,
            "1시간내 이동가능 거점":50,
            "교통총점":35.0,
            "백화점":100,
            "아울렛몰":0,
            "대형마트":80,
            "은행":0,
            "병원":30,
            "종합병원":100,
            "공원":100,
            "혐오시설":0,
            "인프라총점":68.0,
            "초등학군":89.58,
            "중학군":55.28,
            "학군총점":62.14,
            "인구수":36.67,
            "인구증감":-16.38,
            "인구총점":20.755,
            "일자리":8.2,
            "소득수준":45.28,
            "일자리총점":19.324,
            "가치 총점":50.871,
            "매매실거래년":20210712.0,
            "매매실거래가":61900.0,
            "전세실거래년":20211229.0,
            "전세실거래가":45000.0,
            "전세가율":72.7,
            "장기전세가율평균":66.53,
            "전세가율거품지수":-6.17,
            "검색코드":305,
            "세대수":582.0,
            "준공년월":"2002-03-26",
            "준공년차":21.0,
            "가까운역이름":"쌍문",
            "가까운역거리":931.69,
            "역세권여부":"준역세권",
            "30분이내주요거점역":0,
            "1시간이내주요거점역":5,
            "3km이내백화점수":1,
            "5km이내아울렛몰수":0,
            "1km이내대형먀트수":1,
            "500m이내은행수":0,
            "500m이내병원수":9,
            "5km이내대형병원수":4,
            "500m이내공원수":5,
            "3km이내혐오시설수":0,
            "초등학교학업성취도":89.58,
            "중학교학업성취도":91.0,
            "용적률":221,
            "건폐율":20,
            "Y":37.655771,
            "X":127.029179,
            "rank":41.0,
            "area_info":"29평(95.92), 29평(97.32)",
            "last_sales":"2021-07-12,61900.0,29평(95.92)"
        },
        {
            "index":361,
            "아파트명":"서울가든",
            "투자타입":"재건축",
            "전용면적(m2)":"135.56",
            "전용면적(평)":"41평",
            "법정동주소":"서울시 도봉구 창동 366",
            "도로명주소":"서울시 도봉구 해등로 32",
            "세대수":0,
            "입주년차":"--",
            "용적률점수":80,
            "건폐율점수":0,
            "세대당주차수":"--",
            "난방방식":"--",
            "공급면적":100,
            "전용률":80,
            "욕실수":"--",
            "현관타입":"--",
            "주거총점":41.0,
            "지역구공급총점":100.0,
            "역세권":50,
            "30분내 이동가능 거점":0,
            "1시간내 이동가능 거점":70,
            "교통총점":39.0,
            "백화점":100,
            "아울렛몰":0,
            "대형마트":80,
            "은행":0,
            "병원":10,
            "종합병원":100,
            "공원":100,
            "혐오시설":0,
            "인프라총점":66.0,
            "초등학군":88.69,
            "중학군":50.98,
            "학군총점":58.522,
            "인구수":36.67,
            "인구증감":-16.38,
            "인구총점":20.755,
            "일자리":8.2,
            "소득수준":45.28,
            "일자리총점":19.324,
            "가치 총점":50.4283,
            "매매실거래년":20210209.0,
            "매매실거래가":80000.0,
            "전세실거래년":20211102.0,
            "전세실거래가":40000.0,
            "전세가율":50.0,
            "장기전세가율평균":66.53,
            "전세가율거품지수":16.53,
            "검색코드":320,
            "세대수":160.0,
            "준공년월":"1992-08-06",
            "준공년차":31.0,
            "가까운역이름":"녹천",
            "가까운역거리":642.72,
            "역세권여부":"준역세권",
            "30분이내주요거점역":0,
            "1시간이내주요거점역":7,
            "3km이내백화점수":1,
            "5km이내아울렛몰수":0,
            "1km이내대형먀트수":1,
            "500m이내은행수":1,
            "500m이내병원수":2,
            "5km이내대형병원수":5,
            "500m이내공원수":5,
            "3km이내혐오시설수":0,
            "초등학교학업성취도":88.69,
            "중학교학업성취도":83.5,
            "용적률":162,
            "건폐율":0,
            "Y":37.64704,
            "X":127.04454,
            "rank":42.0,
            "area_info":"41평(135.56), 52평(172.42), 53평(177.1), 62평(207.52), 66평(220.94)",
            "last_sales":"2021-02-09,80000.0,41평(135.56)"
        },
        {
            "index":476,
            "아파트명":"창동현대4차",
            "투자타입":"일반",
            "전용면적(m2)":"129.23",
            "전용면적(평)":"39평",
            "법정동주소":"서울시 도봉구 창동 818",
            "도로명주소":"서울시 도봉구 노해로69가길 54",
            "세대수":0,
            "입주년차":20,
            "용적률점수":"--",
            "건폐율점수":"--",
            "세대당주차수":60,
            "난방방식":30,
            "공급면적":"--",
            "전용률":"--",
            "욕실수":100,
            "현관타입":100,
            "주거총점":36.0,
            "지역구공급총점":100.0,
            "역세권":50,
            "30분내 이동가능 거점":0,
            "1시간내 이동가능 거점":40,
            "교통총점":33.0,
            "백화점":100,
            "아울렛몰":0,
            "대형마트":100,
            "은행":0,
            "병원":60,
            "종합병원":100,
            "공원":100,
            "혐오시설":0,
            "인프라총점":74.0,
            "초등학군":89.47,
            "중학군":51.8,
            "학군총점":59.334,
            "인구수":36.67,
            "인구증감":-16.38,
            "인구총점":20.755,
            "일자리":8.2,
            "소득수준":45.28,
            "일자리총점":19.324,
            "가치 총점":49.8501,
            "매매실거래년":20211016.0,
            "매매실거래가":110000.0,
            "전세실거래년":20210916.0,
            "전세실거래가":65000.0,
            "전세가율":59.09,
            "장기전세가율평균":66.53,
            "전세가율거품지수":7.44,
            "검색코드":7979,
            "세대수":202.0,
            "준공년월":"2003-05-29",
            "준공년차":20.0,
            "가까운역이름":"창동",
            "가까운역거리":681.37,
            "역세권여부":"준역세권",
            "30분이내주요거점역":0,
            "1시간이내주요거점역":4,
            "3km이내백화점수":1,
            "5km이내아울렛몰수":0,
            "1km이내대형먀트수":4,
            "500m이내은행수":1,
            "500m이내병원수":10,
            "5km이내대형병원수":5,
            "500m이내공원수":2,
            "3km이내혐오시설수":0,
            "초등학교학업성취도":89.47,
            "중학교학업성취도":84.4,
            "용적률":249,
            "건폐율":21,
            "Y":37.659106,
            "X":127.04583,
            "rank":43.0,
            "area_info":"39평(129.23), 45평(150.96)",
            "last_sales":"2021-10-16,110000.0,39평(129.23)"
        },
        {
            "index":188,
            "아파트명":"경남",
            "투자타입":"재건축",
            "전용면적(m2)":"62.54",
            "전용면적(평)":"18평",
            "법정동주소":"서울시 도봉구 쌍문동 73",
            "도로명주소":"서울시 도봉구 도봉로129길 45-12",
            "세대수":0,
            "입주년차":"--",
            "용적률점수":60,
            "건폐율점수":0,
            "세대당주차수":"--",
            "난방방식":"--",
            "공급면적":50,
            "전용률":60,
            "욕실수":"--",
            "현관타입":"--",
            "주거총점":29.5,
            "지역구공급총점":100.0,
            "역세권":50,
            "30분내 이동가능 거점":0,
            "1시간내 이동가능 거점":70,
            "교통총점":39.0,
            "백화점":100,
            "아울렛몰":0,
            "대형마트":80,
            "은행":20,
            "병원":80,
            "종합병원":100,
            "공원":100,
            "혐오시설":0,
            "인프라총점":75.0,
            "초등학군":88.68,
            "중학군":41.1,
            "학군총점":50.616,
            "인구수":36.67,
            "인구증감":-16.38,
            "인구총점":20.755,
            "일자리":8.2,
            "소득수준":45.28,
            "일자리총점":19.324,
            "가치 총점":49.6424,
            "매매실거래년":20210715.0,
            "매매실거래가":35900.0,
            "전세실거래년":20211222.0,
            "전세실거래가":19000.0,
            "전세가율":54.29,
            "장기전세가율평균":66.53,
            "전세가율거품지수":12.24,
            "검색코드":283,
            "세대수":264.0,
            "준공년월":"1988-03-15",
            "준공년차":35.0,
            "가까운역이름":"쌍문",
            "가까운역거리":689.36,
            "역세권여부":"준역세권",
            "30분이내주요거점역":0,
            "1시간이내주요거점역":7,
            "3km이내백화점수":1,
            "5km이내아울렛몰수":0,
            "1km이내대형먀트수":1,
            "500m이내은행수":2,
            "500m이내병원수":32,
            "5km이내대형병원수":4,
            "500m이내공원수":3,
            "3km이내혐오시설수":0,
            "초등학교학업성취도":88.68,
            "중학교학업성취도":67.1,
            "용적률":230,
            "건폐율":0,
            "Y":37.654819,
            "X":127.035096,
            "rank":44.0,
            "area_info":"18평(62.54), 20평(67.13), 32평(107.12)",
            "last_sales":"2021-07-15,35900.0,20평(67.13)"
        },
        {
            "index":36,
            "아파트명":"서광",
            "투자타입":"일반",
            "전용면적(m2)":"84.72",
            "전용면적(평)":"25평",
            "법정동주소":"서울시 도봉구 도봉동 643",
            "도로명주소":"서울시 도봉구 마들로 770",
            "세대수":0,
            "입주년차":20,
            "용적률점수":"--",
            "건폐율점수":"--",
            "세대당주차수":0,
            "난방방식":30,
            "공급면적":"--",
            "전용률":"--",
            "욕실수":100,
            "현관타입":100,
            "주거총점":27.0,
            "지역구공급총점":100.0,
            "역세권":80,
            "30분내 이동가능 거점":0,
            "1시간내 이동가능 거점":50,
            "교통총점":50.0,
            "백화점":100,
            "아울렛몰":0,
            "대형마트":0,
            "은행":20,
            "병원":30,
            "종합병원":100,
            "공원":100,
            "혐오시설":0,
            "인프라총점":58.0,
            "초등학군":90.2,
            "중학군":52.12,
            "학군총점":59.736,
            "인구수":36.67,
            "인구증감":-16.38,
            "인구총점":20.755,
            "일자리":8.2,
            "소득수준":45.28,
            "일자리총점":19.324,
            "가치 총점":49.2604,
            "매매실거래년":20211007.0,
            "매매실거래가":50800.0,
            "전세실거래년":20211118.0,
            "전세실거래가":19500.0,
            "전세가율":38.39,
            "장기전세가율평균":66.53,
            "전세가율거품지수":28.14,
            "검색코드":8568,
            "세대수":159.0,
            "준공년월":"1999-09-07",
            "준공년차":24.0,
            "가까운역이름":"도봉",
            "가까운역거리":405.52,
            "역세권여부":"역세권",
            "30분이내주요거점역":0,
            "1시간이내주요거점역":5,
            "3km이내백화점수":1,
            "5km이내아울렛몰수":0,
            "1km이내대형먀트수":0,
            "500m이내은행수":2,
            "500m이내병원수":5,
            "5km이내대형병원수":3,
            "500m이내공원수":3,
            "3km이내혐오시설수":0,
            "초등학교학업성취도":90.2,
            "중학교학업성취도":84.6,
            "용적률":201,
            "건폐율":35,
            "Y":37.678204,
            "X":127.049871,
            "rank":45.0,
            "area_info":"25평(84.72), 25평(84.23), 25평(85.2)",
            "last_sales":"2021-10-07,50800.0,25평(84.72)"
        },
        {
            "index":298,
            "아파트명":"한양7차",
            "투자타입":"일반",
            "전용면적(m2)":"82.4",
            "전용면적(평)":"24평",
            "법정동주소":"서울시 도봉구 쌍문동 158",
            "도로명주소":"서울시 도봉구 해등로25길 41",
            "세대수":50,
            "입주년차":0,
            "용적률점수":"--",
            "건폐율점수":"--",
            "세대당주차수":0,
            "난방방식":30,
            "공급면적":"--",
            "전용률":"--",
            "욕실수":50,
            "현관타입":100,
            "주거총점":35.5,
            "지역구공급총점":100.0,
            "역세권":50,
            "30분내 이동가능 거점":0,
            "1시간내 이동가능 거점":50,
            "교통총점":35.0,
            "백화점":100,
            "아울렛몰":0,
            "대형마트":80,
            "은행":0,
            "병원":80,
            "종합병원":100,
            "공원":100,
            "혐오시설":0,
            "인프라총점":73.0,
            "초등학군":88.68,
            "중학군":41.1,
            "학군총점":50.616,
            "인구수":36.67,
            "인구증감":-16.38,
            "인구총점":20.755,
            "일자리":8.2,
            "소득수준":45.28,
            "일자리총점":19.324,
            "가치 총점":48.8424,
            "매매실거래년":20211110.0,
            "매매실거래가":68000.0,
            "전세실거래년":20200602.0,
            "전세실거래가":25000.0,
            "전세가율":41.67,
            "장기전세가율평균":66.53,
            "전세가율거품지수":24.86,
            "검색코드":306,
            "세대수":408.0,
            "준공년월":"1993-09-17",
            "준공년차":30.0,
            "가까운역이름":"쌍문",
            "가까운역거리":833.38,
            "역세권여부":"준역세권",
            "30분이내주요거점역":0,
            "1시간이내주요거점역":5,
            "3km이내백화점수":1,
            "5km이내아울렛몰수":0,
            "1km이내대형먀트수":1,
            "500m이내은행수":1,
            "500m이내병원수":30,
            "5km이내대형병원수":4,
            "500m이내공원수":2,
            "3km이내혐오시설수":0,
            "초등학교학업성취도":88.68,
            "중학교학업성취도":67.1,
            "용적률":225,
            "건폐율":20,
            "Y":37.656088,
            "X":127.033811,
            "rank":46.0,
            "area_info":"24평(82.4), 29평(97.55), 29평(98.26), 29평(98.2), 29평(98.26)",
            "last_sales":"2021-11-10,68000.0,29평(98.26)"
        },
        {
            "index":204,
            "아파트명":"도봉금강아미움파크타운",
            "투자타입":"일반",
            "전용면적(m2)":"78.56",
            "전용면적(평)":"23평",
            "법정동주소":"서울시 도봉구 쌍문동 711",
            "도로명주소":"서울시 도봉구 방학로5길 33",
            "세대수":0,
            "입주년차":80,
            "용적률점수":"--",
            "건폐율점수":"--",
            "세대당주차수":0,
            "난방방식":30,
            "공급면적":"--",
            "전용률":"--",
            "욕실수":50,
            "현관타입":100,
            "주거총점":34.0,
            "지역구공급총점":100.0,
            "역세권":50,
            "30분내 이동가능 거점":0,
            "1시간내 이동가능 거점":40,
            "교통총점":33.0,
            "백화점":100,
            "아울렛몰":0,
            "대형마트":100,
            "은행":0,
            "병원":80,
            "종합병원":100,
            "공원":100,
            "혐오시설":0,
            "인프라총점":76.0,
            "초등학군":87.2,
            "중학군":41.1,
            "학군총점":50.32,
            "인구수":36.67,
            "인구증감":-16.38,
            "인구총점":20.755,
            "일자리":8.2,
            "소득수준":45.28,
            "일자리총점":19.324,
            "가치 총점":48.698,
            "매매실거래년":20210925.0,
            "매매실거래가":59000.0,
            "전세실거래년":20210420.0,
            "전세실거래가":24000.0,
            "전세가율":53.57,
            "장기전세가율평균":66.53,
            "전세가율거품지수":12.96,
            "검색코드":120641,
            "세대수":126.0,
            "준공년월":"2018-07-18",
            "준공년차":5.0,
            "가까운역이름":"방학",
            "가까운역거리":862.63,
            "역세권여부":"준역세권",
            "30분이내주요거점역":0,
            "1시간이내주요거점역":4,
            "3km이내백화점수":1,
            "5km이내아울렛몰수":0,
            "1km이내대형먀트수":2,
            "500m이내은행수":1,
            "500m이내병원수":37,
            "5km이내대형병원수":4,
            "500m이내공원수":7,
            "3km이내혐오시설수":0,
            "초등학교학업성취도":87.2,
            "중학교학업성취도":67.1,
            "용적률":393,
            "건폐율":59,
            "Y":37.661435,
            "X":127.038167,
            "rank":47.0,
            "area_info":"23평(78.56), 23평(78.83), 26평(86.97), 27평(89.27), 27평(89.61), 28평(95.39)",
            "last_sales":"2021-09-25,59000.0,27평(89.27)"
        },
        {
            "index":416,
            "아파트명":"창동대우",
            "투자타입":"일반",
            "전용면적(m2)":"76.26",
            "전용면적(평)":"23평",
            "법정동주소":"서울시 도봉구 창동 804",
            "도로명주소":"서울시 도봉구 덕릉로63가길 43",
            "세대수":90,
            "입주년차":0,
            "용적률점수":"--",
            "건폐율점수":"--",
            "세대당주차수":30,
            "난방방식":30,
            "공급면적":"--",
            "전용률":"--",
            "욕실수":50,
            "현관타입":100,
            "주거총점":54.0,
            "지역구공급총점":100.0,
            "역세권":50,
            "30분내 이동가능 거점":0,
            "1시간내 이동가능 거점":60,
            "교통총점":37.0,
            "백화점":100,
            "아울렛몰":0,
            "대형마트":0,
            "은행":0,
            "병원":60,
            "종합병원":100,
            "공원":100,
            "혐오시설":0,
            "인프라총점":59.0,
            "초등학군":86.27,
            "중학군":36.72,
            "학군총점":46.63,
            "인구수":36.67,
            "인구증감":-16.38,
            "인구총점":20.755,
            "일자리":8.2,
            "소득수준":45.28,
            "일자리총점":19.324,
            "가치 총점":48.4445,
            "매매실거래년":20211223.0,
            "매매실거래가":66500.0,
            "전세실거래년":20220110.0,
            "전세실거래가":26700.0,
            "전세가율":40.15,
            "장기전세가율평균":66.53,
            "전세가율거품지수":26.38,
            "검색코드":309,
            "세대수":952.0,
            "준공년월":"1995-11-24",
            "준공년차":28.0,
            "가까운역이름":"쌍문",
            "가까운역거리":747.71,
            "역세권여부":"준역세권",
            "30분이내주요거점역":0,
            "1시간이내주요거점역":6,
            "3km이내백화점수":1,
            "5km이내아울렛몰수":0,
            "1km이내대형먀트수":0,
            "500m이내은행수":0,
            "500m이내병원수":24,
            "5km이내대형병원수":5,
            "500m이내공원수":6,
            "3km이내혐오시설수":0,
            "초등학교학업성취도":86.27,
            "중학교학업성취도":60.2,
            "용적률":284,
            "건폐율":26,
            "Y":37.642223,
            "X":127.037299,
            "rank":48.0,
            "area_info":"23평(76.26), 23평(76.06), 32평(108.13)",
            "last_sales":"2021-12-23,66500.0,23평(76.26)"
        },
        {
            "index":282,
            "아파트명":"한양2,3,4차",
            "투자타입":"재건축",
            "전용면적(m2)":"38.09",
            "전용면적(평)":"11평",
            "법정동주소":"서울시 도봉구 쌍문동 59",
            "도로명주소":"서울시 도봉구 해등로 231",
            "세대수":100,
            "입주년차":"--",
            "용적률점수":20,
            "건폐율점수":0,
            "세대당주차수":"--",
            "난방방식":"--",
            "공급면적":50,
            "전용률":60,
            "욕실수":"--",
            "현관타입":"--",
            "주거총점":43.5,
            "지역구공급총점":100.0,
            "역세권":50,
            "30분내 이동가능 거점":0,
            "1시간내 이동가능 거점":30,
            "교통총점":31.0,
            "백화점":100,
            "아울렛몰":0,
            "대형마트":80,
            "은행":0,
            "병원":60,
            "종합병원":100,
            "공원":100,
            "혐오시설":0,
            "인프라총점":71.0,
            "초등학군":88.68,
            "중학군":41.1,
            "학군총점":50.616,
            "인구수":36.67,
            "인구증감":-16.38,
            "인구총점":20.755,
            "일자리":8.2,
            "소득수준":45.28,
            "일자리총점":19.324,
            "가치 총점":48.4424,
            "매매실거래년":20211126.0,
            "매매실거래가":68500.0,
            "전세실거래년":20220115.0,
            "전세실거래가":16000.0,
            "전세가율":53.87,
            "장기전세가율평균":66.53,
            "전세가율거품지수":12.66,
            "검색코드":301,
            "세대수":1635.0,
            "준공년월":"1988-11-30",
            "준공년차":35.0,
            "가까운역이름":"쌍문",
            "가까운역거리":978.8,
            "역세권여부":"준역세권",
            "30분이내주요거점역":0,
            "1시간이내주요거점역":3,
            "3km이내백화점수":1,
            "5km이내아울렛몰수":0,
            "1km이내대형먀트수":1,
            "500m이내은행수":0,
            "500m이내병원수":16,
            "5km이내대형병원수":4,
            "500m이내공원수":5,
            "3km이내혐오시설수":0,
            "초등학교학업성취도":88.68,
            "중학교학업성취도":67.1,
            "용적률":256,
            "건폐율":0,
            "Y":37.657183,
            "X":127.032096,
            "rank":49.0,
            "area_info":"11평(38.09), 14평(46.57), 19평(64.88), 23평(77.27), 23평(78.25), 28평(93.4), 28평(93.56), 30평(102.1), 30평(102.1)",
            "last_sales":"2021-11-26,68500.0,30평(102.1)"
        },
        {
            "index":335,
            "아파트명":"미소애",
            "투자타입":"일반",
            "전용면적(m2)":"64.8",
            "전용면적(평)":"19평",
            "법정동주소":"서울시 도봉구 창동 715-3",
            "도로명주소":"서울시 도봉구 해등로 139",
            "세대수":0,
            "입주년차":40,
            "용적률점수":"--",
            "건폐율점수":"--",
            "세대당주차수":30,
            "난방방식":30,
            "공급면적":"--",
            "전용률":"--",
            "욕실수":50,
            "현관타입":10,
            "주거총점":21.5,
            "지역구공급총점":100.0,
            "역세권":50,
            "30분내 이동가능 거점":0,
            "1시간내 이동가능 거점":70,
            "교통총점":39.0,
            "백화점":100,
            "아울렛몰":0,
            "대형마트":100,
            "은행":20,
            "병원":60,
            "종합병원":100,
            "공원":100,
            "혐오시설":0,
            "인프라총점":76.0,
            "초등학군":87.4,
            "중학군":41.1,
            "학군총점":50.36,
            "인구수":36.67,
            "인구증감":-16.38,
            "인구총점":20.755,
            "일자리":8.2,
            "소득수준":45.28,
            "일자리총점":19.324,
            "가치 총점":48.304,
            "매매실거래년":20211120.0,
            "매매실거래가":41800.0,
            "전세실거래년":20211229.0,
            "전세실거래가":22050.0,
            "전세가율":52.75,
            "장기전세가율평균":66.53,
            "전세가율거품지수":13.78,
            "검색코드":17602,
            "세대수":123.0,
            "준공년월":"2005-11-02",
            "준공년차":18.0,
            "가까운역이름":"창동",
            "가까운역거리":721.45,
            "역세권여부":"준역세권",
            "30분이내주요거점역":0,
            "1시간이내주요거점역":7,
            "3km이내백화점수":1,
            "5km이내아울렛몰수":0,
            "1km이내대형먀트수":2,
            "500m이내은행수":2,
            "500m이내병원수":27,
            "5km이내대형병원수":5,
            "500m이내공원수":4,
            "3km이내혐오시설수":0,
            "초등학교학업성취도":87.4,
            "중학교학업성취도":67.1,
            "용적률":399,
            "건폐율":58,
            "Y":37.65585,
            "X":127.04027,
            "rank":50.0,
            "area_info":"19평(64.8)",
            "last_sales":"2021-11-20,41800.0,19평(64.8)"
        },
        {
            "index":291,
            "아파트명":"한양5차",
            "투자타입":"재건축",
            "전용면적(m2)":"87.91",
            "전용면적(평)":"26평",
            "법정동주소":"서울시 도봉구 쌍문동 59-3",
            "도로명주소":"서울시 도봉구 해등로25길 36",
            "세대수":50,
            "입주년차":"--",
            "용적률점수":20,
            "건폐율점수":0,
            "세대당주차수":"--",
            "난방방식":"--",
            "공급면적":70,
            "전용률":60,
            "욕실수":"--",
            "현관타입":"--",
            "주거총점":29.5,
            "지역구공급총점":100.0,
            "역세권":50,
            "30분내 이동가능 거점":0,
            "1시간내 이동가능 거점":50,
            "교통총점":35.0,
            "백화점":100,
            "아울렛몰":0,
            "대형마트":80,
            "은행":0,
            "병원":60,
            "종합병원":100,
            "공원":100,
            "혐오시설":0,
            "인프라총점":71.0,
            "초등학군":88.68,
            "중학군":51.6,
            "학군총점":59.016,
            "인구수":36.67,
            "인구증감":-16.38,
            "인구총점":20.755,
            "일자리":8.2,
            "소득수준":45.28,
            "일자리총점":19.324,
            "가치 총점":48.3024,
            "매매실거래년":20211215.0,
            "매매실거래가":58000.0,
            "전세실거래년":20211231.0,
            "전세실거래가":23100.0,
            "전세가율":38.5,
            "장기전세가율평균":66.53,
            "전세가율거품지수":28.03,
            "검색코드":302,
            "세대수":414.0,
            "준공년월":"1991-05-28",
            "준공년차":32.0,
            "가까운역이름":"쌍문",
            "가까운역거리":868.55,
            "역세권여부":"준역세권",
            "30분이내주요거점역":0,
            "1시간이내주요거점역":5,
            "3km이내백화점수":1,
            "5km이내아울렛몰수":0,
            "1km이내대형먀트수":1,
            "500m이내은행수":0,
            "500m이내병원수":16,
            "5km이내대형병원수":4,
            "500m이내공원수":5,
            "3km이내혐오시설수":0,
            "초등학교학업성취도":88.68,
            "중학교학업성취도":83.8,
            "용적률":261,
            "건폐율":0,
            "Y":37.65611,
            "X":127.03188,
            "rank":51.0,
            "area_info":"26평(87.91), 29평(97.59), 32평(106.5), 46평(154.93), 50평(166.51)",
            "last_sales":"2021-12-15,58000.0,29평(97.59)"
        },
        {
            "index":132,
            "아파트명":"신동아1단지",
            "투자타입":"재건축",
            "전용면적(m2)":"58.14",
            "전용면적(평)":"17평",
            "법정동주소":"서울시 도봉구 방학동 272",
            "도로명주소":"서울시 도봉구 방학로 193",
            "세대수":100,
            "입주년차":"--",
            "용적률점수":80,
            "건폐율점수":0,
            "세대당주차수":"--",
            "난방방식":"--",
            "공급면적":50,
            "전용률":60,
            "욕실수":"--",
            "현관타입":"--",
            "주거총점":67.5,
            "지역구공급총점":100.0,
            "역세권":0,
            "30분내 이동가능 거점":0,
            "1시간내 이동가능 거점":40,
            "교통총점":8.0,
            "백화점":100,
            "아울렛몰":0,
            "대형마트":80,
            "은행":70,
            "병원":60,
            "종합병원":100,
            "공원":100,
            "혐오시설":0,
            "인프라총점":78.0,
            "초등학군":88.13,
            "중학군":49.62,
            "학군총점":57.322,
            "인구수":36.67,
            "인구증감":-16.38,
            "인구총점":20.755,
            "일자리":8.2,
            "소득수준":45.28,
            "일자리총점":19.324,
            "가치 총점":48.2983,
            "매매실거래년":20211220.0,
            "매매실거래가":44000.0,
            "전세실거래년":20211222.0,
            "전세실거래가":16000.0,
            "전세가율":36.36,
            "장기전세가율평균":66.53,
            "전세가율거품지수":30.17,
            "검색코드":274,
            "세대수":3169.0,
            "준공년월":"1986-12-31",
            "준공년차":37.0,
            "가까운역이름":"북한산우이",
            "가까운역거리":1422.42,
            "역세권여부":"비역세권",
            "30분이내주요거점역":0,
            "1시간이내주요거점역":4,
            "3km이내백화점수":1,
            "5km이내아울렛몰수":0,
            "1km이내대형먀트수":1,
            "500m이내은행수":3,
            "500m이내병원수":24,
            "5km이내대형병원수":4,
            "500m이내공원수":6,
            "3km이내혐오시설수":0,
            "초등학교학업성취도":88.13,
            "중학교학업성취도":82.7,
            "용적률":201,
            "건폐율":0,
            "Y":37.660704,
            "X":127.028651,
            "rank":52.0,
            "area_info":"17평(58.14), 21평(71.02), 22평(73.43), 25평(83.53), 29평(97.67), 33평(112.32), 39평(131.7), 44평(146.76)",
            "last_sales":"2021-12-20,44000.0,17평(58.14)"
        },
        {
            "index":35,
            "아파트명":"럭키",
            "투자타입":"재건축",
            "전용면적(m2)":"100.71",
            "전용면적(평)":"30평",
            "법정동주소":"서울시 도봉구 도봉동 595",
            "도로명주소":"서울시 도봉구 도봉로169길 31",
            "세대수":50,
            "입주년차":"--",
            "용적률점수":80,
            "건폐율점수":100,
            "세대당주차수":"--",
            "난방방식":"--",
            "공급면적":90,
            "전용률":80,
            "욕실수":"--",
            "현관타입":"--",
            "주거총점":75.5,
            "지역구공급총점":100.0,
            "역세권":80,
            "30분내 이동가능 거점":0,
            "1시간내 이동가능 거점":40,
            "교통총점":48.0,
            "백화점":0,
            "아울렛몰":0,
            "대형마트":0,
            "은행":20,
            "병원":30,
            "종합병원":100,
            "공원":100,
            "혐오시설":0,
            "인프라총점":28.0,
            "초등학군":84.98,
            "중학군":43.38,
            "학군총점":51.7,
            "인구수":36.67,
            "인구증감":-16.38,
            "인구총점":20.755,
            "일자리":8.2,
            "소득수준":45.28,
            "일자리총점":19.324,
            "가치 총점":48.055,
            "매매실거래년":20211030.0,
            "매매실거래가":68300.0,
            "전세실거래년":20220118.0,
            "전세실거래가":34500.0,
            "전세가율":50.51,
            "장기전세가율평균":66.53,
            "전세가율거품지수":16.02,
            "검색코드":3259,
            "세대수":630.0,
            "준공년월":"1992-09-05",
            "준공년차":31.0,
            "가까운역이름":"도봉",
            "가까운역거리":139.14,
            "역세권여부":"역세권",
            "30분이내주요거점역":0,
            "1시간이내주요거점역":4,
            "3km이내백화점수":0,
            "5km이내아울렛몰수":0,
            "1km이내대형먀트수":0,
            "500m이내은행수":2,
            "500m이내병원수":8,
            "5km이내대형병원수":2,
            "500m이내공원수":4,
            "3km이내혐오시설수":0,
            "초등학교학업성취도":84.98,
            "중학교학업성취도":71.1,
            "용적률":219,
            "건폐율":19,
            "Y":37.679499,
            "X":127.044016,
            "rank":53.0,
            "area_info":"30평(100.71)",
            "last_sales":"2021-10-30,68300.0,30평(100.71)"
        },
        {
            "index":319,
            "아파트명":"대동",
            "투자타입":"일반",
            "전용면적(m2)":"79.26",
            "전용면적(평)":"23평",
            "법정동주소":"서울시 도봉구 창동 811",
            "도로명주소":"서울시 도봉구 도봉로 642-30",
            "세대수":0,
            "입주년차":20,
            "용적률점수":"--",
            "건폐율점수":"--",
            "세대당주차수":30,
            "난방방식":30,
            "공급면적":"--",
            "전용률":"--",
            "욕실수":50,
            "현관타입":10,
            "주거총점":17.5,
            "지역구공급총점":100.0,
            "역세권":50,
            "30분내 이동가능 거점":0,
            "1시간내 이동가능 거점":60,
            "교통총점":37.0,
            "백화점":100,
            "아울렛몰":0,
            "대형마트":100,
            "은행":20,
            "병원":60,
            "종합병원":100,
            "공원":100,
            "혐오시설":-50,
            "인프라총점":75.0,
            "초등학군":87.2,
            "중학군":51.8,
            "학군총점":58.88,
            "인구수":36.67,
            "인구증감":-16.38,
            "인구총점":20.755,
            "일자리":8.2,
            "소득수준":45.28,
            "일자리총점":19.324,
            "가치 총점":47.782,
            "매매실거래년":20211101.0,
            "매매실거래가":57000.0,
            "전세실거래년":20210327.0,
            "전세실거래가":25000.0,
            "전세가율":43.86,
            "장기전세가율평균":66.53,
            "전세가율거품지수":22.67,
            "검색코드":3264,
            "세대수":188.0,
            "준공년월":"1999-06-19",
            "준공년차":24.0,
            "가까운역이름":"방학",
            "가까운역거리":637.06,
            "역세권여부":"준역세권",
            "30분이내주요거점역":0,
            "1시간이내주요거점역":6,
            "3km이내백화점수":1,
            "5km이내아울렛몰수":0,
            "1km이내대형먀트수":2,
            "500m이내은행수":2,
            "500m이내병원수":24,
            "5km이내대형병원수":5,
            "500m이내공원수":5,
            "3km이내혐오시설수":1,
            "초등학교학업성취도":87.2,
            "중학교학업성취도":84.4,
            "용적률":348,
            "건폐율":24,
            "Y":37.661776,
            "X":127.044073,
            "rank":54.0,
            "area_info":"23평(79.26), 31평(105.68), 34평(112.68), 46평(152.37)",
            "last_sales":"2021-11-01,57000.0,23평(79.26)"
        },
        {
            "index":56,
            "아파트명":"현대성우",
            "투자타입":"일반",
            "전용면적(m2)":"81.74",
            "전용면적(평)":"24평",
            "법정동주소":"서울시 도봉구 도봉동 642",
            "도로명주소":"서울시 도봉구 마들로 735-8",
            "세대수":0,
            "입주년차":0,
            "용적률점수":"--",
            "건폐율점수":"--",
            "세대당주차수":30,
            "난방방식":30,
            "공급면적":"--",
            "전용률":"--",
            "욕실수":50,
            "현관타입":100,
            "주거총점":22.5,
            "지역구공급총점":100.0,
            "역세권":80,
            "30분내 이동가능 거점":0,
            "1시간내 이동가능 거점":50,
            "교통총점":50.0,
            "백화점":100,
            "아울렛몰":0,
            "대형마트":0,
            "은행":0,
            "병원":30,
            "종합병원":100,
            "공원":100,
            "혐오시설":-50,
            "인프라총점":55.0,
            "초등학군":90.2,
            "중학군":52.12,
            "학군총점":59.736,
            "인구수":36.67,
            "인구증감":-16.38,
            "인구총점":20.755,
            "일자리":8.2,
            "소득수준":45.28,
            "일자리총점":19.324,
            "가치 총점":47.4604,
            "매매실거래년":20210714.0,
            "매매실거래가":55000.0,
            "전세실거래년":20210512.0,
            "전세실거래가":18000.0,
            "전세가율":43.37,
            "장기전세가율평균":66.53,
            "전세가율거품지수":23.16,
            "검색코드":3258,
            "세대수":190.0,
            "준공년월":"1998-12-01",
            "준공년차":25.0,
            "가까운역이름":"도봉",
            "가까운역거리":418.34,
            "역세권여부":"역세권",
            "30분이내주요거점역":0,
            "1시간이내주요거점역":5,
            "3km이내백화점수":1,
            "5km이내아울렛몰수":0,
            "1km이내대형먀트수":0,
            "500m이내은행수":1,
            "500m이내병원수":6,
            "5km이내대형병원수":3,
            "500m이내공원수":3,
            "3km이내혐오시설수":1,
            "초등학교학업성취도":90.2,
            "중학교학업성취도":84.6,
            "용적률":391,
            "건폐율":32,
            "Y":37.67623,
            "X":127.0478,
            "rank":55.0,
            "area_info":"24평(81.74), 25평(82.96), 34평(113.01), 44평(146.74)",
            "last_sales":"2021-07-14,55000.0,34평(113.01)"
        },
        {
            "index":419,
            "아파트명":"창동성원",
            "투자타입":"일반",
            "전용면적(m2)":"80.73",
            "전용면적(평)":"24평",
            "법정동주소":"서울시 도봉구 창동 743-15",
            "도로명주소":"서울시 도봉구 마들로16길 56",
            "세대수":0,
            "입주년차":20,
            "용적률점수":"--",
            "건폐율점수":"--",
            "세대당주차수":30,
            "난방방식":30,
            "공급면적":"--",
            "전용률":"--",
            "욕실수":50,
            "현관타입":100,
            "주거총점":26.5,
            "지역구공급총점":100.0,
            "역세권":50,
            "30분내 이동가능 거점":0,
            "1시간내 이동가능 거점":50,
            "교통총점":35.0,
            "백화점":100,
            "아울렛몰":0,
            "대형마트":100,
            "은행":0,
            "병원":10,
            "종합병원":100,
            "공원":100,
            "혐오시설":0,
            "인프라총점":69.0,
            "초등학군":88.08,
            "중학군":51.8,
            "학군총점":59.056,
            "인구수":36.67,
            "인구증감":-16.38,
            "인구총점":20.755,
            "일자리":8.2,
            "소득수준":45.28,
            "일자리총점":19.324,
            "가치 총점":47.1084,
            "매매실거래년":20210412.0,
            "매매실거래가":78000.0,
            "전세실거래년":20211201.0,
            "전세실거래가":27300.0,
            "전세가율":41.36,
            "장기전세가율평균":66.53,
            "전세가율거품지수":25.17,
            "검색코드":3370,
            "세대수":194.0,
            "준공년월":"2001-06-02",
            "준공년차":22.0,
            "가까운역이름":"마들",
            "가까운역거리":849.42,
            "역세권여부":"준역세권",
            "30분이내주요거점역":0,
            "1시간이내주요거점역":5,
            "3km이내백화점수":1,
            "5km이내아울렛몰수":0,
            "1km이내대형먀트수":3,
            "500m이내은행수":1,
            "500m이내병원수":4,
            "5km이내대형병원수":5,
            "500m이내공원수":2,
            "3km이내혐오시설수":0,
            "초등학교학업성취도":88.08,
            "중학교학업성취도":84.4,
            "용적률":349,
            "건폐율":26,
            "Y":37.66082,
            "X":127.049549,
            "rank":56.0,
            "area_info":"24평(80.73), 32평(108.11), 39평(131.71)",
            "last_sales":"2021-04-12,78000.0,39평(131.71)"
        },
        {
            "index":488,
            "아파트명":"현대",
            "투자타입":"일반",
            "전용면적(m2)":"79.48",
            "전용면적(평)":"24평",
            "법정동주소":"서울시 도봉구 창동 813",
            "도로명주소":"서울시 도봉구 해등로16길 12",
            "세대수":0,
            "입주년차":20,
            "용적률점수":"--",
            "건폐율점수":"--",
            "세대당주차수":30,
            "난방방식":30,
            "공급면적":"--",
            "전용률":"--",
            "욕실수":50,
            "현관타입":10,
            "주거총점":17.5,
            "지역구공급총점":100.0,
            "역세권":50,
            "30분내 이동가능 거점":0,
            "1시간내 이동가능 거점":60,
            "교통총점":37.0,
            "백화점":100,
            "아울렛몰":0,
            "대형마트":100,
            "은행":20,
            "병원":60,
            "종합병원":100,
            "공원":100,
            "혐오시설":0,
            "인프라총점":76.0,
            "초등학군":87.4,
            "중학군":41.1,
            "학군총점":50.36,
            "인구수":36.67,
            "인구증감":-16.38,
            "인구총점":20.755,
            "일자리":8.2,
            "소득수준":45.28,
            "일자리총점":19.324,
            "가치 총점":46.804,
            "매매실거래년":20211025.0,
            "매매실거래가":60000.0,
            "전세실거래년":20210501.0,
            "전세실거래가":25200.0,
            "전세가율":42.0,
            "장기전세가율평균":66.53,
            "전세가율거품지수":24.53,
            "검색코드":8601,
            "세대수":205.0,
            "준공년월":"2000-05-08",
            "준공년차":23.0,
            "가까운역이름":"창동",
            "가까운역거리":665.01,
            "역세권여부":"준역세권",
            "30분이내주요거점역":0,
            "1시간이내주요거점역":6,
            "3km이내백화점수":1,
            "5km이내아울렛몰수":0,
            "1km이내대형먀트수":3,
            "500m이내은행수":2,
            "500m이내병원수":24,
            "5km이내대형병원수":5,
            "500m이내공원수":3,
            "3km이내혐오시설수":0,
            "초등학교학업성취도":87.4,
            "중학교학업성취도":67.1,
            "용적률":399,
            "건폐율":30,
            "Y":37.655913,
            "X":127.041021,
            "rank":57.0,
            "area_info":"24평(79.48), 33평(111.74)",
            "last_sales":"2021-10-25,60000.0,24평(79.48)"
        },
        {
            "index":257,
            "아파트명":"쌍문미라보",
            "투자타입":"일반",
            "전용면적(m2)":"77.75",
            "전용면적(평)":"23평",
            "법정동주소":"서울시 도봉구 쌍문동 160",
            "도로명주소":"서울시 도봉구 시루봉로2길 62",
            "세대수":0,
            "입주년차":0,
            "용적률점수":"--",
            "건폐율점수":"--",
            "세대당주차수":0,
            "난방방식":30,
            "공급면적":"--",
            "전용률":"--",
            "욕실수":50,
            "현관타입":100,
            "주거총점":18.0,
            "지역구공급총점":100.0,
            "역세권":50,
            "30분내 이동가능 거점":0,
            "1시간내 이동가능 거점":60,
            "교통총점":37.0,
            "백화점":100,
            "아울렛몰":0,
            "대형마트":80,
            "은행":0,
            "병원":60,
            "종합병원":100,
            "공원":100,
            "혐오시설":0,
            "인프라총점":71.0,
            "초등학군":89.24,
            "중학군":51.6,
            "학군총점":59.128,
            "인구수":36.67,
            "인구증감":-16.38,
            "인구총점":20.755,
            "일자리":8.2,
            "소득수준":45.28,
            "일자리총점":19.324,
            "가치 총점":46.7192,
            "매매실거래년":20211030.0,
            "매매실거래가":70000.0,
            "전세실거래년":20210520.0,
            "전세실거래가":23000.0,
            "전세가율":49.46,
            "장기전세가율평균":66.53,
            "전세가율거품지수":17.07,
            "검색코드":291,
            "세대수":142.0,
            "준공년월":"1995-02-20",
            "준공년차":28.0,
            "가까운역이름":"쌍문",
            "가까운역거리":778.65,
            "역세권여부":"준역세권",
            "30분이내주요거점역":0,
            "1시간이내주요거점역":6,
            "3km이내백화점수":1,
            "5km이내아울렛몰수":0,
            "1km이내대형먀트수":1,
            "500m이내은행수":0,
            "500m이내병원수":11,
            "5km이내대형병원수":4,
            "500m이내공원수":4,
            "3km이내혐오시설수":0,
            "초등학교학업성취도":89.24,
            "중학교학업성취도":83.8,
            "용적률":280,
            "건폐율":27,
            "Y":37.65514,
            "X":127.03146,
            "rank":58.0,
            "area_info":"23평(77.75), 31평(103.56)",
            "last_sales":"2021-10-30,70000.0,31평(103.56)"
        },
        {
            "index":259,
            "아파트명":"쌍문브라운스톤",
            "투자타입":"일반",
            "전용면적(m2)":"76.42",
            "전용면적(평)":"23평",
            "법정동주소":"서울시 도봉구 쌍문동 729",
            "도로명주소":"서울시 도봉구 노해로40길 71",
            "세대수":0,
            "입주년차":40,
            "용적률점수":"--",
            "건폐율점수":"--",
            "세대당주차수":30,
            "난방방식":30,
            "공급면적":"--",
            "전용률":"--",
            "욕실수":50,
            "현관타입":100,
            "주거총점":30.5,
            "지역구공급총점":100.0,
            "역세권":50,
            "30분내 이동가능 거점":0,
            "1시간내 이동가능 거점":80,
            "교통총점":41.0,
            "백화점":100,
            "아울렛몰":0,
            "대형마트":0,
            "은행":20,
            "병원":60,
            "종합병원":100,
            "공원":100,
            "혐오시설":0,
            "인프라총점":61.0,
            "초등학군":88.12,
            "중학군":44.22,
            "학군총점":53.0,
            "인구수":36.67,
            "인구증감":-16.38,
            "인구총점":20.755,
            "일자리":8.2,
            "소득수준":45.28,
            "일자리총점":19.324,
            "가치 총점":46.7,
            "매매실거래년":20201205.0,
            "매매실거래가":75000.0,
            "전세실거래년":20211011.0,
            "전세실거래가":40000.0,
            "전세가율":100.5,
            "장기전세가율평균":66.53,
            "전세가율거품지수":-33.97,
            "검색코드":19502,
            "세대수":155.0,
            "준공년월":"2006-12-26",
            "준공년차":17.0,
            "가까운역이름":"쌍문",
            "가까운역거리":509.52,
            "역세권여부":"준역세권",
            "30분이내주요거점역":0,
            "1시간이내주요거점역":8,
            "3km이내백화점수":1,
            "5km이내아울렛몰수":0,
            "1km이내대형먀트수":0,
            "500m이내은행수":2,
            "500m이내병원수":24,
            "5km이내대형병원수":4,
            "500m이내공원수":3,
            "3km이내혐오시설수":0,
            "초등학교학업성취도":88.12,
            "중학교학업성취도":71.5,
            "용적률":230,
            "건폐율":26,
            "Y":37.647409,
            "X":127.02913,
            "rank":59.0,
            "area_info":"23평(76.42), 28평(94.58), 28평(94.58), 32평(106.85), 32평(106.85), 32평(107.23), 32평(107.28), 36평(121.2)",
            "last_sales":"2020-12-05,75000.0,36평(121.2)"
        },
        {
            "index":199,
            "아파트명":"대우파크힐",
            "투자타입":"일반",
            "전용면적(m2)":"109.16",
            "전용면적(평)":"33평",
            "법정동주소":"서울시 도봉구 쌍문동 730",
            "도로명주소":"서울시 도봉구 시루봉로 8",
            "세대수":0,
            "입주년차":40,
            "용적률점수":"--",
            "건폐율점수":"--",
            "세대당주차수":60,
            "난방방식":30,
            "공급면적":"--",
            "전용률":"--",
            "욕실수":100,
            "현관타입":100,
            "주거총점":40.0,
            "지역구공급총점":100.0,
            "역세권":50,
            "30분내 이동가능 거점":0,
            "1시간내 이동가능 거점":60,
            "교통총점":37.0,
            "백화점":100,
            "아울렛몰":0,
            "대형마트":0,
            "은행":0,
            "병원":10,
            "종합병원":100,
            "공원":100,
            "혐오시설":0,
            "인프라총점":54.0,
            "초등학군":87.85,
            "중학군":51.6,
            "학군총점":58.85,
            "인구수":36.67,
            "인구증감":-16.38,
            "인구총점":20.755,
            "일자리":8.2,
            "소득수준":45.28,
            "일자리총점":19.324,
            "가치 총점":45.9775,
            "매매실거래년":20210517.0,
            "매매실거래가":82000.0,
            "전세실거래년":20220110.0,
            "전세실거래가":49000.0,
            "전세가율":59.76,
            "장기전세가율평균":66.53,
            "전세가율거품지수":6.77,
            "검색코드":9978,
            "세대수":190.0,
            "준공년월":"2004-04-01",
            "준공년차":19.0,
            "가까운역이름":"쌍문",
            "가까운역거리":615.38,
            "역세권여부":"준역세권",
            "30분이내주요거점역":0,
            "1시간이내주요거점역":6,
            "3km이내백화점수":1,
            "5km이내아울렛몰수":0,
            "1km이내대형먀트수":0,
            "500m이내은행수":0,
            "500m이내병원수":3,
            "5km이내대형병원수":4,
            "500m이내공원수":4,
            "3km이내혐오시설수":0,
            "초등학교학업성취도":87.85,
            "중학교학업성취도":83.8,
            "용적률":234,
            "건폐율":20,
            "Y":37.651587,
            "X":127.028803,
            "rank":60.0,
            "area_info":"33평(109.16), 44평(146.37)",
            "last_sales":"2021-05-17,82000.0,33평(109.16)"
        },
        {
            "index":315,
            "아파트명":"건영캐스빌",
            "투자타입":"일반",
            "전용면적(m2)":"75.51",
            "전용면적(평)":"22평",
            "법정동주소":"서울시 도봉구 창동 635-42",
            "도로명주소":"서울시 도봉구 우이천로20길 7",
            "세대수":30,
            "입주년차":20,
            "용적률점수":"--",
            "건폐율점수":"--",
            "세대당주차수":30,
            "난방방식":30,
            "공급면적":"--",
            "전용률":"--",
            "욕실수":50,
            "현관타입":100,
            "주거총점":37.0,
            "지역구공급총점":100.0,
            "역세권":50,
            "30분내 이동가능 거점":0,
            "1시간내 이동가능 거점":70,
            "교통총점":39.0,
            "백화점":100,
            "아울렛몰":0,
            "대형마트":0,
            "은행":0,
            "병원":60,
            "종합병원":100,
            "공원":100,
            "혐오시설":0,
            "인프라총점":59.0,
            "초등학군":87.19,
            "중학군":36.72,
            "학군총점":46.814,
            "인구수":36.67,
            "인구증감":-16.38,
            "인구총점":20.755,
            "일자리":8.2,
            "소득수준":45.28,
            "일자리총점":19.324,
            "가치 총점":45.7721,
            "매매실거래년":20210720.0,
            "매매실거래가":73500.0,
            "전세실거래년":20210828.0,
            "전세실거래가":28000.0,
            "전세가율":46.67,
            "장기전세가율평균":66.53,
            "전세가율거품지수":19.86,
            "검색코드":3369,
            "세대수":300.0,
            "준공년월":"2002-08-19",
            "준공년차":21.0,
            "가까운역이름":"쌍문",
            "가까운역거리":781.27,
            "역세권여부":"준역세권",
            "30분이내주요거점역":0,
            "1시간이내주요거점역":7,
            "3km이내백화점수":1,
            "5km이내아울렛몰수":0,
            "1km이내대형먀트수":0,
            "500m이내은행수":1,
            "500m이내병원수":10,
            "5km이내대형병원수":5,
            "500m이내공원수":4,
            "3km이내혐오시설수":0,
            "초등학교학업성취도":87.19,
            "중학교학업성취도":60.2,
            "용적률":322,
            "건폐율":26,
            "Y":37.641628,
            "X":127.03393,
            "rank":61.0,
            "area_info":"22평(75.51), 23평(76.34), 32평(107.46), 49평(163.04)",
            "last_sales":"2021-07-20,73500.0,32평(107.46)"
        },
        {
            "index":366,
            "아파트명":"수산트리플",
            "투자타입":"일반",
            "전용면적(m2)":"79.49",
            "전용면적(평)":"24평",
            "법정동주소":"서울시 도봉구 창동 817",
            "도로명주소":"서울시 도봉구 우이천로20길 6",
            "세대수":0,
            "입주년차":40,
            "용적률점수":"--",
            "건폐율점수":"--",
            "세대당주차수":30,
            "난방방식":30,
            "공급면적":"--",
            "전용률":"--",
            "욕실수":100,
            "현관타입":100,
            "주거총점":35.5,
            "지역구공급총점":100.0,
            "역세권":50,
            "30분내 이동가능 거점":0,
            "1시간내 이동가능 거점":70,
            "교통총점":39.0,
            "백화점":100,
            "아울렛몰":0,
            "대형마트":0,
            "은행":0,
            "병원":60,
            "종합병원":100,
            "공원":100,
            "혐오시설":0,
            "인프라총점":59.0,
            "초등학군":87.19,
            "중학군":36.72,
            "학군총점":46.814,
            "인구수":36.67,
            "인구증감":-16.38,
            "인구총점":20.755,
            "일자리":8.2,
            "소득수준":45.28,
            "일자리총점":19.324,
            "가치 총점":45.4721,
            "매매실거래년":20210505.0,
            "매매실거래가":56500.0,
            "전세실거래년":20210623.0,
            "전세실거래가":41000.0,
            "전세가율":72.57,
            "장기전세가율평균":66.53,
            "전세가율거품지수":-6.04,
            "검색코드":14249,
            "세대수":111.0,
            "준공년월":"2004-06-30",
            "준공년차":19.0,
            "가까운역이름":"수유",
            "가까운역거리":771.33,
            "역세권여부":"준역세권",
            "30분이내주요거점역":0,
            "1시간이내주요거점역":7,
            "3km이내백화점수":2,
            "5km이내아울렛몰수":0,
            "1km이내대형먀트수":0,
            "500m이내은행수":1,
            "500m이내병원수":21,
            "5km이내대형병원수":5,
            "500m이내공원수":3,
            "3km이내혐오시설수":0,
            "초등학교학업성취도":87.19,
            "중학교학업성취도":60.2,
            "용적률":0,
            "건폐율":0,
            "Y":37.640439,
            "X":127.033957,
            "rank":62.0,
            "area_info":"24평(79.49), 32평(105.85)",
            "last_sales":"2021-05-05,56500.0,24평(79.49)"
        },
        {
            "index":123,
            "아파트명":"송학휴스테이",
            "투자타입":"일반",
            "전용면적(m2)":"49.84",
            "전용면적(평)":"15평",
            "법정동주소":"서울시 도봉구 방학동 636",
            "도로명주소":"서울시 도봉구 도당로15길 36",
            "세대수":0,
            "입주년차":80,
            "용적률점수":"--",
            "건폐율점수":"--",
            "세대당주차수":0,
            "난방방식":30,
            "공급면적":"--",
            "전용률":"--",
            "욕실수":50,
            "현관타입":50,
            "주거총점":29.0,
            "지역구공급총점":100.0,
            "역세권":50,
            "30분내 이동가능 거점":0,
            "1시간내 이동가능 거점":40,
            "교통총점":33.0,
            "백화점":100,
            "아울렛몰":0,
            "대형마트":80,
            "은행":0,
            "병원":60,
            "종합병원":100,
            "공원":100,
            "혐오시설":-50,
            "인프라총점":70.0,
            "초등학군":87.48,
            "중학군":34.34,
            "학군총점":44.968,
            "인구수":36.67,
            "인구증감":-16.38,
            "인구총점":20.755,
            "일자리":8.2,
            "소득수준":45.28,
            "일자리총점":19.324,
            "가치 총점":45.0952,
            "매매실거래년":20211211.0,
            "매매실거래가":42000.0,
            "전세실거래년":20201119.0,
            "전세실거래가":20000.0,
            "전세가율":null,
            "장기전세가율평균":66.53,
            "전세가율거품지수":null,
            "검색코드":113161,
            "세대수":134.0,
            "준공년월":"2016-12-01",
            "준공년차":7.0,
            "가까운역이름":"방학",
            "가까운역거리":720.95,
            "역세권여부":"준역세권",
            "30분이내주요거점역":0,
            "1시간이내주요거점역":4,
            "3km이내백화점수":1,
            "5km이내아울렛몰수":0,
            "1km이내대형먀트수":1,
            "500m이내은행수":0,
            "500m이내병원수":13,
            "5km이내대형병원수":4,
            "500m이내공원수":6,
            "3km이내혐오시설수":1,
            "초등학교학업성취도":87.48,
            "중학교학업성취도":56.1,
            "용적률":199,
            "건폐율":38,
            "Y":37.667052,
            "X":127.036102,
            "rank":63.0,
            "area_info":"15평(49.84), 19평(64.22), 19평(64.29), 20평(66.79), 20평(66.67), 20평(67.35), 20평(67.07), 21평(70.7), 22평(73.04)",
            "last_sales":"2021-12-11,42000.0,22평(73.04)"
        },
        {
            "index":191,
            "아파트명":"금호1차",
            "투자타입":"재건축",
            "전용면적(m2)":"48.02",
            "전용면적(평)":"14평",
            "법정동주소":"서울시 도봉구 쌍문동 199-1",
            "도로명주소":"서울시 도봉구 해등로26길 20",
            "세대수":50,
            "입주년차":"--",
            "용적률점수":60,
            "건폐율점수":80,
            "세대당주차수":"--",
            "난방방식":"--",
            "공급면적":50,
            "전용률":60,
            "욕실수":"--",
            "현관타입":"--",
            "주거총점":60.5,
            "지역구공급총점":100.0,
            "역세권":0,
            "30분내 이동가능 거점":0,
            "1시간내 이동가능 거점":50,
            "교통총점":10.0,
            "백화점":100,
            "아울렛몰":0,
            "대형마트":80,
            "은행":0,
            "병원":80,
            "종합병원":100,
            "공원":100,
            "혐오시설":0,
            "인프라총점":73.0,
            "초등학군":88.68,
            "중학군":41.1,
            "학군총점":50.616,
            "인구수":36.67,
            "인구증감":-16.38,
            "인구총점":20.755,
            "일자리":8.2,
            "소득수준":45.28,
            "일자리총점":19.324,
            "가치 총점":45.0924,
            "매매실거래년":20210908.0,
            "매매실거래가":57800.0,
            "전세실거래년":20211030.0,
            "전세실거래가":19500.0,
            "전세가율":55.71,
            "장기전세가율평균":66.53,
            "전세가율거품지수":10.82,
            "검색코드":286,
            "세대수":690.0,
            "준공년월":"1990-09-24",
            "준공년차":33.0,
            "가까운역이름":"쌍문",
            "가까운역거리":1170.6,
            "역세권여부":"비역세권",
            "30분이내주요거점역":0,
            "1시간이내주요거점역":5,
            "3km이내백화점수":1,
            "5km이내아울렛몰수":0,
            "1km이내대형먀트수":1,
            "500m이내은행수":1,
            "500m이내병원수":31,
            "5km이내대형병원수":4,
            "500m이내공원수":5,
            "3km이내혐오시설수":0,
            "초등학교학업성취도":88.68,
            "중학교학업성취도":67.1,
            "용적률":228,
            "건폐율":20,
            "Y":37.659114,
            "X":127.033545,
            "rank":64.0,
            "area_info":"14평(48.02), 20평(68.38), 21평(71.2), 25평(84.94), 30평(101.28)",
            "last_sales":"2021-09-08,57800.0,25평(84.94)"
        },
        {
            "index":121,
            "아파트명":"성원",
            "투자타입":"일반",
            "전용면적(m2)":"76.44",
            "전용면적(평)":"23평",
            "법정동주소":"서울시 도봉구 방학동 735",
            "도로명주소":"서울시 도봉구 방학로7길 16",
            "세대수":0,
            "입주년차":0,
            "용적률점수":"--",
            "건폐율점수":"--",
            "세대당주차수":0,
            "난방방식":30,
            "공급면적":"--",
            "전용률":"--",
            "욕실수":50,
            "현관타입":100,
            "주거총점":18.0,
            "지역구공급총점":100.0,
            "역세권":50,
            "30분내 이동가능 거점":0,
            "1시간내 이동가능 거점":40,
            "교통총점":33.0,
            "백화점":100,
            "아울렛몰":0,
            "대형마트":100,
            "은행":0,
            "병원":80,
            "종합병원":100,
            "공원":100,
            "혐오시설":0,
            "인프라총점":76.0,
            "초등학군":87.48,
            "중학군":34.34,
            "학군총점":44.968,
            "인구수":36.67,
            "인구증감":-16.38,
            "인구총점":20.755,
            "일자리":8.2,
            "소득수준":45.28,
            "일자리총점":19.324,
            "가치 총점":44.6952,
            "매매실거래년":20211005.0,
            "매매실거래가":51300.0,
            "전세실거래년":20210515.0,
            "전세실거래가":25000.0,
            "전세가율":48.73,
            "장기전세가율평균":66.53,
            "전세가율거품지수":17.8,
            "검색코드":273,
            "세대수":258.0,
            "준공년월":"1996-06-12",
            "준공년차":27.0,
            "가까운역이름":"방학",
            "가까운역거리":941.6,
            "역세권여부":"준역세권",
            "30분이내주요거점역":0,
            "1시간이내주요거점역":4,
            "3km이내백화점수":1,
            "5km이내아울렛몰수":0,
            "1km이내대형먀트수":2,
            "500m이내은행수":1,
            "500m이내병원수":36,
            "5km이내대형병원수":4,
            "500m이내공원수":7,
            "3km이내혐오시설수":0,
            "초등학교학업성취도":87.48,
            "중학교학업성취도":56.1,
            "용적률":251,
            "건폐율":25,
            "Y":37.661911,
            "X":127.03624,
            "rank":65.0,
            "area_info":"23평(76.44), 32평(107.8)",
            "last_sales":"2021-10-05,51300.0,23평(76.44)"
        },
        {
            "index":107,
            "아파트명":"벽산1차",
            "투자타입":"재건축",
            "전용면적(m2)":"63.89",
            "전용면적(평)":"19평",
            "법정동주소":"서울시 도봉구 방학동 275",
            "도로명주소":"서울시 도봉구 방학로11길 36",
            "세대수":50,
            "입주년차":"--",
            "용적률점수":80,
            "건폐율점수":0,
            "세대당주차수":"--",
            "난방방식":"--",
            "공급면적":50,
            "전용률":80,
            "욕실수":"--",
            "현관타입":"--",
            "주거총점":53.5,
            "지역구공급총점":100.0,
            "역세권":0,
            "30분내 이동가능 거점":0,
            "1시간내 이동가능 거점":20,
            "교통총점":4.0,
            "백화점":100,
            "아울렛몰":0,
            "대형마트":80,
            "은행":70,
            "병원":80,
            "종합병원":100,
            "공원":100,
            "혐오시설":0,
            "인프라총점":80.0,
            "초등학군":87.48,
            "중학군":49.62,
            "학군총점":57.192,
            "인구수":36.67,
            "인구증감":-16.38,
            "인구총점":20.755,
            "일자리":8.2,
            "소득수준":45.28,
            "일자리총점":19.324,
            "가치 총점":44.6788,
            "매매실거래년":20211215.0,
            "매매실거래가":52000.0,
            "전세실거래년":20220115.0,
            "전세실거래가":27500.0,
            "전세가율":52.88,
            "장기전세가율평균":66.53,
            "전세가율거품지수":13.65,
            "검색코드":270,
            "세대수":489.0,
            "준공년월":"1991-09-02",
            "준공년차":32.0,
            "가까운역이름":"방학",
            "가까운역거리":1308.27,
            "역세권여부":"비역세권",
            "30분이내주요거점역":0,
            "1시간이내주요거점역":2,
            "3km이내백화점수":1,
            "5km이내아울렛몰수":0,
            "1km이내대형먀트수":1,
            "500m이내은행수":3,
            "500m이내병원수":36,
            "5km이내대형병원수":4,
            "500m이내공원수":6,
            "3km이내혐오시설수":0,
            "초등학교학업성취도":87.48,
            "중학교학업성취도":82.7,
            "용적률":213,
            "건폐율":0,
            "Y":37.660456,
            "X":127.032371,
            "rank":66.0,
            "area_info":"19평(63.89), 22평(73.13), 23평(76.28), 23평(77.34), 26평(86.92), 31평(102.54), 31평(102.48)",
            "last_sales":"2021-12-15,52000.0,19평(63.89)"
        },
        {
            "index":369,
            "아파트명":"신창",
            "투자타입":"일반",
            "전용면적(m2)":"54.41",
            "전용면적(평)":"16평",
            "법정동주소":"서울시 도봉구 창동 810",
            "도로명주소":"서울시 도봉구 덕릉로62길 13",
            "세대수":50,
            "입주년차":0,
            "용적률점수":"--",
            "건폐율점수":"--",
            "세대당주차수":0,
            "난방방식":80,
            "공급면적":"--",
            "전용률":"--",
            "욕실수":50,
            "현관타입":10,
            "주거총점":31.5,
            "지역구공급총점":100.0,
            "역세권":50,
            "30분내 이동가능 거점":0,
            "1시간내 이동가능 거점":60,
            "교통총점":37.0,
            "백화점":100,
            "아울렛몰":0,
            "대형마트":0,
            "은행":0,
            "병원":60,
            "종합병원":100,
            "공원":100,
            "혐오시설":0,
            "인프라총점":59.0,
            "초등학군":86.27,
            "중학군":36.72,
            "학군총점":46.63,
            "인구수":36.67,
            "인구증감":-16.38,
            "인구총점":20.755,
            "일자리":8.2,
            "소득수준":45.28,
            "일자리총점":19.324,
            "가치 총점":43.9445,
            "매매실거래년":20210601.0,
            "매매실거래가":45000.0,
            "전세실거래년":20130320.0,
            "전세실거래가":6500.0,
            "전세가율":38.69,
            "장기전세가율평균":66.53,
            "전세가율거품지수":27.84,
            "검색코드":930,
            "세대수":609.0,
            "준공년월":"1998-07-07",
            "준공년차":25.0,
            "가까운역이름":"녹천",
            "가까운역거리":931.02,
            "역세권여부":"준역세권",
            "30분이내주요거점역":0,
            "1시간이내주요거점역":6,
            "3km이내백화점수":1,
            "5km이내아울렛몰수":0,
            "1km이내대형먀트수":0,
            "500m이내은행수":0,
            "500m이내병원수":23,
            "5km이내대형병원수":5,
            "500m이내공원수":4,
            "3km이내혐오시설수":0,
            "초등학교학업성취도":86.27,
            "중학교학업성취도":60.2,
            "용적률":207,
            "건폐율":21,
            "Y":37.640963,
            "X":127.04187,
            "rank":67.0,
            "area_info":"16평(54.41), 16평(55.38), 20평(68.73), 21평(69.62), 24평(82.09), 25평(83.09)",
            "last_sales":"2021-06-01,45000.0,25평(83.09)"
        },
        {
            "index":28,
            "아파트명":"도봉한신",
            "투자타입":"일반",
            "전용면적(m2)":"95.38",
            "전용면적(평)":"28평",
            "법정동주소":"서울시 도봉구 도봉동 30-1",
            "도로명주소":"서울시 도봉구 마들로 859-19",
            "세대수":100,
            "입주년차":0,
            "용적률점수":"--",
            "건폐율점수":"--",
            "세대당주차수":0,
            "난방방식":30,
            "공급면적":"--",
            "전용률":"--",
            "욕실수":50,
            "현관타입":100,
            "주거총점":53.0,
            "지역구공급총점":100.0,
            "역세권":80,
            "30분내 이동가능 거점":0,
            "1시간내 이동가능 거점":50,
            "교통총점":50.0,
            "백화점":0,
            "아울렛몰":0,
            "대형마트":0,
            "은행":0,
            "병원":30,
            "종합병원":100,
            "공원":100,
            "혐오시설":-50,
            "인프라총점":25.0,
            "초등학군":80.1,
            "중학군":49.28,
            "학군총점":55.444,
            "인구수":36.67,
            "인구증감":-16.38,
            "인구총점":20.755,
            "일자리":8.2,
            "소득수준":45.28,
            "일자리총점":19.324,
            "가치 총점":43.9166,
            "매매실거래년":20211115.0,
            "매매실거래가":73000.0,
            "전세실거래년":20211104.0,
            "전세실거래가":30000.0,
            "전세가율":57.69,
            "장기전세가율평균":66.53,
            "전세가율거품지수":8.84,
            "검색코드":267,
            "세대수":2678.0,
            "준공년월":"1995-09-30",
            "준공년차":28.0,
            "가까운역이름":"도봉산",
            "가까운역거리":375.09,
            "역세권여부":"역세권",
            "30분이내주요거점역":0,
            "1시간이내주요거점역":5,
            "3km이내백화점수":0,
            "5km이내아울렛몰수":0,
            "1km이내대형먀트수":0,
            "500m이내은행수":1,
            "500m이내병원수":8,
            "5km이내대형병원수":2,
            "500m이내공원수":6,
            "3km이내혐오시설수":1,
            "초등학교학업성취도":80.1,
            "중학교학업성취도":80.4,
            "용적률":283,
            "건폐율":20,
            "Y":37.686235,
            "X":127.047966,
            "rank":68.0,
            "area_info":"28평(95.38), 30평(102.02), 30평(102.02), 31평(104.62)",
            "last_sales":"2021-11-15,73000.0,30평(102.02)"
        },
        {
            "index":303,
            "아파트명":"현대1차",
            "투자타입":"재건축",
            "전용면적(m2)":"56.34",
            "전용면적(평)":"17평",
            "법정동주소":"서울시 도봉구 쌍문동 54",
            "도로명주소":"서울시 도봉구 해등로 242-12",
            "세대수":80,
            "입주년차":"--",
            "용적률점수":60,
            "건폐율점수":0,
            "세대당주차수":"--",
            "난방방식":"--",
            "공급면적":50,
            "전용률":60,
            "욕실수":"--",
            "현관타입":"--",
            "주거총점":53.5,
            "지역구공급총점":100.0,
            "역세권":0,
            "30분내 이동가능 거점":0,
            "1시간내 이동가능 거점":20,
            "교통총점":4.0,
            "백화점":100,
            "아울렛몰":0,
            "대형마트":80,
            "은행":70,
            "병원":80,
            "종합병원":100,
            "공원":100,
            "혐오시설":0,
            "인프라총점":80.0,
            "초등학군":88.68,
            "중학군":41.1,
            "학군총점":50.616,
            "인구수":36.67,
            "인구증감":-16.38,
            "인구총점":20.755,
            "일자리":8.2,
            "소득수준":45.28,
            "일자리총점":19.324,
            "가치 총점":43.6924,
            "매매실거래년":20211025.0,
            "매매실거래가":68700.0,
            "전세실거래년":20211112.0,
            "전세실거래가":20000.0,
            "전세가율":46.51,
            "장기전세가율평균":66.53,
            "전세가율거품지수":20.02,
            "검색코드":307,
            "세대수":783.0,
            "준공년월":"1990-10-19",
            "준공년차":33.0,
            "가까운역이름":"쌍문",
            "가까운역거리":1161.38,
            "역세권여부":"비역세권",
            "30분이내주요거점역":0,
            "1시간이내주요거점역":2,
            "3km이내백화점수":1,
            "5km이내아울렛몰수":0,
            "1km이내대형먀트수":1,
            "500m이내은행수":3,
            "500m이내병원수":35,
            "5km이내대형병원수":4,
            "500m이내공원수":5,
            "3km이내혐오시설수":0,
            "초등학교학업성취도":88.68,
            "중학교학업성취도":67.1,
            "용적률":242,
            "건폐율":0,
            "Y":37.658811,
            "X":127.031781,
            "rank":69.0,
            "area_info":"17평(56.34), 21평(71.71), 24평(80.14), 26평(89.22), 30평(101.99)",
            "last_sales":"2021-10-25,68700.0,30평(101.99)"
        },
        {
            "index":250,
            "아파트명":"쌍문극동",
            "투자타입":"일반",
            "전용면적(m2)":"75.77",
            "전용면적(평)":"22평",
            "법정동주소":"서울시 도봉구 쌍문동 721",
            "도로명주소":"서울시 도봉구 노해로45길 26",
            "세대수":30,
            "입주년차":0,
            "용적률점수":"--",
            "건폐율점수":"--",
            "세대당주차수":0,
            "난방방식":30,
            "공급면적":"--",
            "전용률":"--",
            "욕실수":50,
            "현관타입":100,
            "주거총점":28.5,
            "지역구공급총점":100.0,
            "역세권":50,
            "30분내 이동가능 거점":0,
            "1시간내 이동가능 거점":60,
            "교통총점":37.0,
            "백화점":100,
            "아울렛몰":0,
            "대형마트":0,
            "은행":0,
            "병원":10,
            "종합병원":100,
            "공원":100,
            "혐오시설":0,
            "인프라총점":54.0,
            "초등학군":87.85,
            "중학군":51.6,
            "학군총점":58.85,
            "인구수":36.67,
            "인구증감":-16.38,
            "인구총점":20.755,
            "일자리":8.2,
            "소득수준":45.28,
            "일자리총점":19.324,
            "가치 총점":43.6775,
            "매매실거래년":20210528.0,
            "매매실거래가":50000.0,
            "전세실거래년":20210526.0,
            "전세실거래가":30000.0,
            "전세가율":85.71,
            "장기전세가율평균":66.53,
            "전세가율거품지수":-19.18,
            "검색코드":284,
            "세대수":315.0,
            "준공년월":"1996-08-26",
            "준공년차":27.0,
            "가까운역이름":"쌍문",
            "가까운역거리":702.07,
            "역세권여부":"준역세권",
            "30분이내주요거점역":0,
            "1시간이내주요거점역":6,
            "3km이내백화점수":1,
            "5km이내아울렛몰수":0,
            "1km이내대형먀트수":0,
            "500m이내은행수":0,
            "500m이내병원수":3,
            "5km이내대형병원수":4,
            "500m이내공원수":5,
            "3km이내혐오시설수":0,
            "초등학교학업성취도":87.85,
            "중학교학업성취도":83.8,
            "용적률":255,
            "건폐율":29,
            "Y":37.651723,
            "X":127.027759,
            "rank":70.0,
            "area_info":"22평(75.77), 32평(106.86), 32평(106.58), 32평(107.34), 32평(107.3), 32평(107.41), 32평(107.21)",
            "last_sales":"2021-05-28,50000.0,32평(107.21)"
        },
        {
            "index":117,
            "아파트명":"삼익세라믹",
            "투자타입":"재건축",
            "전용면적(m2)":"62.97",
            "전용면적(평)":"19평",
            "법정동주소":"서울시 도봉구 방학동 274",
            "도로명주소":"서울시 도봉구 도당로 37",
            "세대수":50,
            "입주년차":"--",
            "용적률점수":60,
            "건폐율점수":0,
            "세대당주차수":"--",
            "난방방식":"--",
            "공급면적":50,
            "전용률":40,
            "욕실수":"--",
            "현관타입":"--",
            "주거총점":43.5,
            "지역구공급총점":100.0,
            "역세권":0,
            "30분내 이동가능 거점":0,
            "1시간내 이동가능 거점":40,
            "교통총점":8.0,
            "백화점":100,
            "아울렛몰":0,
            "대형마트":100,
            "은행":20,
            "병원":80,
            "종합병원":100,
            "공원":100,
            "혐오시설":0,
            "인프라총점":78.0,
            "초등학군":87.48,
            "중학군":49.62,
            "학군총점":57.192,
            "인구수":36.67,
            "인구증감":-16.38,
            "인구총점":20.755,
            "일자리":8.2,
            "소득수준":45.28,
            "일자리총점":19.324,
            "가치 총점":43.4788,
            "매매실거래년":20210728.0,
            "매매실거래가":68500.0,
            "전세실거래년":20211223.0,
            "전세실거래가":20000.0,
            "전세가율":50.01,
            "장기전세가율평균":66.53,
            "전세가율거품지수":16.52,
            "검색코드":272,
            "세대수":476.0,
            "준공년월":"1988-07-19",
            "준공년차":35.0,
            "가까운역이름":"방학",
            "가까운역거리":1127.58,
            "역세권여부":"비역세권",
            "30분이내주요거점역":0,
            "1시간이내주요거점역":4,
            "3km이내백화점수":1,
            "5km이내아울렛몰수":0,
            "1km이내대형먀트수":2,
            "500m이내은행수":2,
            "500m이내병원수":37,
            "5km이내대형병원수":4,
            "500m이내공원수":6,
            "3km이내혐오시설수":0,
            "초등학교학업성취도":87.48,
            "중학교학업성취도":82.7,
            "용적률":239,
            "건폐율":0,
            "Y":37.661505,
            "X":127.033944,
            "rank":71.0,
            "area_info":"19평(62.97), 24평(80.38), 27평(92.49), 31평(104.78)",
            "last_sales":"2021-07-28,68500.0,31평(104.78)"
        },
        {
            "index":32,
            "아파트명":"동아에코빌",
            "투자타입":"일반",
            "전용면적(m2)":"113.97",
            "전용면적(평)":"34평",
            "법정동주소":"서울시 도봉구 도봉동 654",
            "도로명주소":"서울시 도봉구 도봉로180길 6-23",
            "세대수":50,
            "입주년차":20,
            "용적률점수":"--",
            "건폐율점수":"--",
            "세대당주차수":60,
            "난방방식":30,
            "공급면적":"--",
            "전용률":"--",
            "욕실수":100,
            "현관타입":100,
            "주거총점":53.5,
            "지역구공급총점":100.0,
            "역세권":80,
            "30분내 이동가능 거점":0,
            "1시간내 이동가능 거점":40,
            "교통총점":48.0,
            "백화점":0,
            "아울렛몰":0,
            "대형마트":0,
            "은행":0,
            "병원":30,
            "종합병원":100,
            "공원":100,
            "혐오시설":0,
            "인프라총점":26.0,
            "초등학군":80.1,
            "중학군":43.38,
            "학군총점":50.724,
            "인구수":36.67,
            "인구증감":-16.38,
            "인구총점":20.755,
            "일자리":8.2,
            "소득수준":45.28,
            "일자리총점":19.324,
            "가치 총점":42.9086,
            "매매실거래년":20211207.0,
            "매매실거래가":78000.0,
            "전세실거래년":20211202.0,
            "전세실거래가":31000.0,
            "전세가율":39.74,
            "장기전세가율평균":66.53,
            "전세가율거품지수":26.79,
            "검색코드":3368,
            "세대수":526.0,
            "준공년월":"2003-03-15",
            "준공년차":20.0,
            "가까운역이름":"도봉",
            "가까운역거리":261.3,
            "역세권여부":"역세권",
            "30분이내주요거점역":0,
            "1시간이내주요거점역":4,
            "3km이내백화점수":0,
            "5km이내아울렛몰수":0,
            "1km이내대형먀트수":0,
            "500m이내은행수":1,
            "500m이내병원수":8,
            "5km이내대형병원수":2,
            "500m이내공원수":4,
            "3km이내혐오시설수":0,
            "초등학교학업성취도":80.1,
            "중학교학업성취도":71.1,
            "용적률":334,
            "건폐율":23,
            "Y":37.681662,
            "X":127.04693,
            "rank":72.0,
            "area_info":"34평(113.97), 42평(140.27), 49평(163.74)",
            "last_sales":"2021-12-07,78000.0,34평(113.97)"
        },
        {
            "index":201,
            "아파트명":"대웅",
            "투자타입":"재건축",
            "전용면적(m2)":"59.96",
            "전용면적(평)":"18평",
            "법정동주소":"서울시 도봉구 쌍문동 13-2",
            "도로명주소":"서울시 도봉구 도당로 18",
            "세대수":0,
            "입주년차":"--",
            "용적률점수":80,
            "건폐율점수":0,
            "세대당주차수":"--",
            "난방방식":"--",
            "공급면적":50,
            "전용률":60,
            "욕실수":"--",
            "현관타입":"--",
            "주거총점":37.5,
            "지역구공급총점":100.0,
            "역세권":0,
            "30분내 이동가능 거점":0,
            "1시간내 이동가능 거점":60,
            "교통총점":12.0,
            "백화점":100,
            "아울렛몰":0,
            "대형마트":100,
            "은행":20,
            "병원":80,
            "종합병원":100,
            "공원":100,
            "혐오시설":0,
            "인프라총점":78.0,
            "초등학군":88.68,
            "중학군":41.1,
            "학군총점":50.616,
            "인구수":36.67,
            "인구증감":-16.38,
            "인구총점":20.755,
            "일자리":8.2,
            "소득수준":45.28,
            "일자리총점":19.324,
            "가치 총점":42.6924,
            "매매실거래년":20210727.0,
            "매매실거래가":38500.0,
            "전세실거래년":20200617.0,
            "전세실거래가":11000.0,
            "전세가율":41.12,
            "장기전세가율평균":66.53,
            "전세가율거품지수":25.41,
            "검색코드":288,
            "세대수":160.0,
            "준공년월":"1989-08-11",
            "준공년차":34.0,
            "가까운역이름":"방학",
            "가까운역거리":1129.46,
            "역세권여부":"비역세권",
            "30분이내주요거점역":0,
            "1시간이내주요거점역":6,
            "3km이내백화점수":1,
            "5km이내아울렛몰수":0,
            "1km이내대형먀트수":2,
            "500m이내은행수":2,
            "500m이내병원수":38,
            "5km이내대형병원수":4,
            "500m이내공원수":6,
            "3km이내혐오시설수":0,
            "초등학교학업성취도":88.68,
            "중학교학업성취도":67.1,
            "용적률":162,
            "건폐율":0,
            "Y":37.66001,
            "X":127.03561,
            "rank":73.0,
            "area_info":"18평(59.96), 20평(68.6), 22평(72.78)",
            "last_sales":"2021-07-27,38500.0,22평(72.78)"
        },
        {
            "index":3,
            "아파트명":"도봉래미안",
            "투자타입":"일반",
            "전용면적(m2)":"79.06",
            "전용면적(평)":"23평",
            "법정동주소":"서울시 도봉구 도봉동 655",
            "도로명주소":"서울시 도봉구 도봉로170길 40",
            "세대수":50,
            "입주년차":40,
            "용적률점수":"--",
            "건폐율점수":"--",
            "세대당주차수":30,
            "난방방식":30,
            "공급면적":"--",
            "전용률":"--",
            "욕실수":50,
            "현관타입":100,
            "주거총점":48.0,
            "지역구공급총점":100.0,
            "역세권":80,
            "30분내 이동가능 거점":0,
            "1시간내 이동가능 거점":40,
            "교통총점":48.0,
            "백화점":0,
            "아울렛몰":0,
            "대형마트":0,
            "은행":20,
            "병원":30,
            "종합병원":100,
            "공원":100,
            "혐오시설":0,
            "인프라총점":28.0,
            "초등학군":84.98,
            "중학군":43.38,
            "학군총점":51.7,
            "인구수":36.67,
            "인구증감":-16.38,
            "인구총점":20.755,
            "일자리":8.2,
            "소득수준":45.28,
            "일자리총점":19.324,
            "가치 총점":42.555,
            "매매실거래년":20211020.0,
            "매매실거래가":74000.0,
            "전세실거래년":20211109.0,
            "전세실거래가":27000.0,
            "전세가율":36.49,
            "장기전세가율평균":66.53,
            "전세가율거품지수":30.04,
            "검색코드":11791,
            "세대수":448.0,
            "준공년월":"2005-02-18",
            "준공년차":18.0,
            "가까운역이름":"도봉",
            "가까운역거리":138.09,
            "역세권여부":"역세권",
            "30분이내주요거점역":0,
            "1시간이내주요거점역":4,
            "3km이내백화점수":0,
            "5km이내아울렛몰수":0,
            "1km이내대형먀트수":0,
            "500m이내은행수":2,
            "500m이내병원수":9,
            "5km이내대형병원수":2,
            "500m이내공원수":4,
            "3km이내혐오시설수":0,
            "초등학교학업성취도":84.98,
            "중학교학업성취도":71.1,
            "용적률":244,
            "건폐율":18,
            "Y":37.68001,
            "X":127.047059,
            "rank":74.0,
            "area_info":"23평(79.06), 23평(79.18), 31평(104.32), 40평(134.79)",
            "last_sales":"2021-10-20,74000.0,23평(79.06)"
        },
        {
            "index":210,
            "아파트명":"동익파크(동익미라벨)",
            "투자타입":"재건축",
            "전용면적(m2)":"88.94",
            "전용면적(평)":"26평",
            "법정동주소":"서울시 도봉구 쌍문동 285-5",
            "도로명주소":"서울시 도봉구 우이천로32길 67",
            "세대수":50,
            "입주년차":"--",
            "용적률점수":60,
            "건폐율점수":100,
            "세대당주차수":"--",
            "난방방식":"--",
            "공급면적":70,
            "전용률":60,
            "욕실수":"--",
            "현관타입":"--",
            "주거총점":65.5,
            "지역구공급총점":100.0,
            "역세권":50,
            "30분내 이동가능 거점":0,
            "1시간내 이동가능 거점":40,
            "교통총점":33.0,
            "백화점":0,
            "아울렛몰":0,
            "대형마트":0,
            "은행":0,
            "병원":10,
            "종합병원":100,
            "공원":100,
            "혐오시설":0,
            "인프라총점":24.0,
            "초등학군":87.85,
            "중학군":55.28,
            "학군총점":61.794,
            "인구수":36.67,
            "인구증감":-16.38,
            "인구총점":20.755,
            "일자리":8.2,
            "소득수준":45.28,
            "일자리총점":19.324,
            "가치 총점":41.1191,
            "매매실거래년":20211213.0,
            "매매실거래가":54000.0,
            "전세실거래년":20220113.0,
            "전세실거래가":27000.0,
            "전세가율":57.45,
            "장기전세가율평균":66.53,
            "전세가율거품지수":9.08,
            "검색코드":289,
            "세대수":495.0,
            "준공년월":"1987-05-22",
            "준공년차":36.0,
            "가까운역이름":"쌍문",
            "가까운역거리":928.66,
            "역세권여부":"준역세권",
            "30분이내주요거점역":0,
            "1시간이내주요거점역":4,
            "3km이내백화점수":0,
            "5km이내아울렛몰수":0,
            "1km이내대형먀트수":0,
            "500m이내은행수":0,
            "500m이내병원수":3,
            "5km이내대형병원수":4,
            "500m이내공원수":4,
            "3km이내혐오시설수":0,
            "초등학교학업성취도":87.85,
            "중학교학업성취도":91.0,
            "용적률":227,
            "건폐율":18,
            "Y":37.651835,
            "X":127.02497,
            "rank":75.0,
            "area_info":"26평(88.94), 29평(96.83), 30평(99.79), 30평(99.94), 30평(99.79)",
            "last_sales":"2021-12-13,54000.0,30평(99.94)"
        },
        {
            "index":267,
            "아파트명":"쌍문삼성래미안",
            "투자타입":"일반",
            "전용면적(m2)":"78.44",
            "전용면적(평)":"23평",
            "법정동주소":"서울시 도봉구 쌍문동 725",
            "도로명주소":"서울시 도봉구 우이천로 328",
            "세대수":50,
            "입주년차":20,
            "용적률점수":"--",
            "건폐율점수":"--",
            "세대당주차수":30,
            "난방방식":30,
            "공급면적":"--",
            "전용률":"--",
            "욕실수":100,
            "현관타입":100,
            "주거총점":49.0,
            "지역구공급총점":100.0,
            "역세권":50,
            "30분내 이동가능 거점":0,
            "1시간내 이동가능 거점":80,
            "교통총점":41.0,
            "백화점":0,
            "아울렛몰":0,
            "대형마트":0,
            "은행":0,
            "병원":60,
            "종합병원":100,
            "공원":100,
            "혐오시설":0,
            "인프라총점":29.0,
            "초등학군":88.12,
            "중학군":45.92,
            "학군총점":54.36,
            "인구수":36.67,
            "인구증감":-16.38,
            "인구총점":20.755,
            "일자리":8.2,
            "소득수준":45.28,
            "일자리총점":19.324,
            "가치 총점":41.004,
            "매매실거래년":20211025.0,
            "매매실거래가":64400.0,
            "전세실거래년":20220112.0,
            "전세실거래가":29000.0,
            "전세가율":45.03,
            "장기전세가율평균":66.53,
            "전세가율거품지수":21.5,
            "검색코드":8086,
            "세대수":407.0,
            "준공년월":"2002-07-26",
            "준공년차":21.0,
            "가까운역이름":"쌍문",
            "가까운역거리":630.75,
            "역세권여부":"준역세권",
            "30분이내주요거점역":0,
            "1시간이내주요거점역":8,
            "3km이내백화점수":0,
            "5km이내아울렛몰수":0,
            "1km이내대형먀트수":0,
            "500m이내은행수":1,
            "500m이내병원수":11,
            "5km이내대형병원수":4,
            "500m이내공원수":3,
            "3km이내혐오시설수":0,
            "초등학교학업성취도":88.12,
            "중학교학업성취도":75.2,
            "용적률":243,
            "건폐율":24,
            "Y":37.646724,
            "X":127.02796,
            "rank":76.0,
            "area_info":"23평(78.44), 31평(104.21), 40평(135.38)",
            "last_sales":"2021-10-25,64400.0,23평(78.44)"
        },
        {
            "index":406,
            "아파트명":"창동금용",
            "투자타입":"일반",
            "전용면적(m2)":"85.19",
            "전용면적(평)":"25평",
            "법정동주소":"서울시 도봉구 창동 809",
            "도로명주소":"서울시 도봉구 우이천로 200",
            "세대수":0,
            "입주년차":0,
            "용적률점수":"--",
            "건폐율점수":"--",
            "세대당주차수":30,
            "난방방식":30,
            "공급면적":"--",
            "전용률":"--",
            "욕실수":50,
            "현관타입":10,
            "주거총점":13.5,
            "지역구공급총점":100.0,
            "역세권":50,
            "30분내 이동가능 거점":0,
            "1시간내 이동가능 거점":60,
            "교통총점":37.0,
            "백화점":100,
            "아울렛몰":0,
            "대형마트":0,
            "은행":0,
            "병원":60,
            "종합병원":100,
            "공원":100,
            "혐오시설":0,
            "인프라총점":59.0,
            "초등학군":87.19,
            "중학군":36.72,
            "학군총점":46.814,
            "인구수":36.67,
            "인구증감":-16.38,
            "인구총점":20.755,
            "일자리":8.2,
            "소득수준":45.28,
            "일자리총점":19.324,
            "가치 총점":40.3721,
            "매매실거래년":20210821.0,
            "매매실거래가":49700.0,
            "전세실거래년":20210830.0,
            "전세실거래가":38000.0,
            "전세가율":76.46,
            "장기전세가율평균":66.53,
            "전세가율거품지수":-9.93,
            "검색코드":9368,
            "세대수":183.0,
            "준공년월":"1997-05-09",
            "준공년차":26.0,
            "가까운역이름":"수유",
            "가까운역거리":873.2,
            "역세권여부":"준역세권",
            "30분이내주요거점역":0,
            "1시간이내주요거점역":6,
            "3km이내백화점수":2,
            "5km이내아울렛몰수":0,
            "1km이내대형먀트수":0,
            "500m이내은행수":0,
            "500m이내병원수":23,
            "5km이내대형병원수":5,
            "500m이내공원수":3,
            "3km이내혐오시설수":0,
            "초등학교학업성취도":87.19,
            "중학교학업성취도":60.2,
            "용적률":370,
            "건폐율":26,
            "Y":37.63784,
            "X":127.035645,
            "rank":77.0,
            "area_info":"25평(85.19), 32평(106.26), 46평(152.84), 60평(198.69)",
            "last_sales":"2021-08-21,49700.0,25평(85.19)"
        },
        {
            "index":185,
            "아파트명":"효성하이타운",
            "투자타입":"일반",
            "전용면적(m2)":"95.27",
            "전용면적(평)":"28평",
            "법정동주소":"서울시 도봉구 방학동 739",
            "도로명주소":"서울시 도봉구 방학로11길 33",
            "세대수":0,
            "입주년차":20,
            "용적률점수":"--",
            "건폐율점수":"--",
            "세대당주차수":30,
            "난방방식":30,
            "공급면적":"--",
            "전용률":"--",
            "욕실수":100,
            "현관타입":100,
            "주거총점":31.5,
            "지역구공급총점":100.0,
            "역세권":0,
            "30분내 이동가능 거점":0,
            "1시간내 이동가능 거점":40,
            "교통총점":8.0,
            "백화점":100,
            "아울렛몰":0,
            "대형마트":80,
            "은행":20,
            "병원":80,
            "종합병원":100,
            "공원":100,
            "혐오시설":0,
            "인프라총점":75.0,
            "초등학군":87.48,
            "중학군":49.62,
            "학군총점":57.192,
            "인구수":36.67,
            "인구증감":-16.38,
            "인구총점":20.755,
            "일자리":8.2,
            "소득수준":45.28,
            "일자리총점":19.324,
            "가치 총점":40.1788,
            "매매실거래년":20210428.0,
            "매매실거래가":59000.0,
            "전세실거래년":null,
            "전세실거래가":null,
            "전세가율":null,
            "장기전세가율평균":66.53,
            "전세가율거품지수":null,
            "검색코드":9263,
            "세대수":122.0,
            "준공년월":"2002-05-16",
            "준공년차":21.0,
            "가까운역이름":"방학",
            "가까운역거리":1196.94,
            "역세권여부":"비역세권",
            "30분이내주요거점역":0,
            "1시간이내주요거점역":4,
            "3km이내백화점수":1,
            "5km이내아울렛몰수":0,
            "1km이내대형먀트수":1,
            "500m이내은행수":2,
            "500m이내병원수":35,
            "5km이내대형병원수":4,
            "500m이내공원수":7,
            "3km이내혐오시설수":0,
            "초등학교학업성취도":87.48,
            "중학교학업성취도":82.7,
            "용적률":283,
            "건폐율":27,
            "Y":37.661425,
            "X":127.03305,
            "rank":78.0,
            "area_info":"28평(95.27), 32평(107.54), 32평(107.83)",
            "last_sales":"2021-04-28,59000.0,32평(107.83)"
        },
        {
            "index":166,
            "아파트명":"우성1차",
            "투자타입":"재건축",
            "전용면적(m2)":"73.15",
            "전용면적(평)":"22평",
            "법정동주소":"서울시 도봉구 방학동 507",
            "도로명주소":"서울시 도봉구 해등로 286-5",
            "세대수":50,
            "입주년차":"--",
            "용적률점수":60,
            "건폐율점수":80,
            "세대당주차수":"--",
            "난방방식":"--",
            "공급면적":50,
            "전용률":60,
            "욕실수":"--",
            "현관타입":"--",
            "주거총점":60.5,
            "지역구공급총점":100.0,
            "역세권":50,
            "30분내 이동가능 거점":0,
            "1시간내 이동가능 거점":30,
            "교통총점":31.0,
            "백화점":0,
            "아울렛몰":0,
            "대형마트":0,
            "은행":0,
            "병원":30,
            "종합병원":100,
            "공원":100,
            "혐오시설":0,
            "인프라총점":26.0,
            "초등학군":91.73,
            "중학군":55.28,
            "학군총점":62.57,
            "인구수":36.67,
            "인구증감":-16.38,
            "인구총점":20.755,
            "일자리":8.2,
            "소득수준":45.28,
            "일자리총점":19.324,
            "가치 총점":40.1355,
            "매매실거래년":20210730.0,
            "매매실거래가":60000.0,
            "전세실거래년":20210424.0,
            "전세실거래가":26000.0,
            "전세가율":63.41,
            "장기전세가율평균":66.53,
            "전세가율거품지수":3.12,
            "검색코드":279,
            "세대수":658.0,
            "준공년월":"1992-07-15",
            "준공년차":31.0,
            "가까운역이름":"솔밭공원",
            "가까운역거리":952.74,
            "역세권여부":"준역세권",
            "30분이내주요거점역":0,
            "1시간이내주요거점역":3,
            "3km이내백화점수":0,
            "5km이내아울렛몰수":0,
            "1km이내대형먀트수":0,
            "500m이내은행수":1,
            "500m이내병원수":9,
            "5km이내대형병원수":4,
            "500m이내공원수":4,
            "3km이내혐오시설수":0,
            "초등학교학업성취도":91.73,
            "중학교학업성취도":91.0,
            "용적률":247,
            "건폐율":23,
            "Y":37.657961,
            "X":127.023813,
            "rank":79.0,
            "area_info":"22평(73.15), 27평(89.39), 27평(91.59), 30평(101.68), 31평(103.27)",
            "last_sales":"2021-07-30,60000.0,31평(103.27)"
        },
        {
            "index":145,
            "아파트명":"신동아3단지",
            "투자타입":"재건축",
            "전용면적(m2)":"93.45",
            "전용면적(평)":"28평",
            "법정동주소":"서울시 도봉구 방학동 530",
            "도로명주소":"서울시 도봉구 방학로15길 26-7",
            "세대수":0,
            "입주년차":"--",
            "용적률점수":80,
            "건폐율점수":80,
            "세대당주차수":"--",
            "난방방식":"--",
            "공급면적":70,
            "전용률":100,
            "욕실수":"--",
            "현관타입":"--",
            "주거총점":56.5,
            "지역구공급총점":100.0,
            "역세권":50,
            "30분내 이동가능 거점":0,
            "1시간내 이동가능 거점":40,
            "교통총점":33.0,
            "백화점":0,
            "아울렛몰":0,
            "대형마트":0,
            "은행":0,
            "병원":30,
            "종합병원":100,
            "공원":100,
            "혐오시설":0,
            "인프라총점":26.0,
            "초등학군":91.73,
            "중학군":55.28,
            "학군총점":62.57,
            "인구수":36.67,
            "인구증감":-16.38,
            "인구총점":20.755,
            "일자리":8.2,
            "소득수준":45.28,
            "일자리총점":19.324,
            "가치 총점":40.0355,
            "매매실거래년":20211029.0,
            "매매실거래가":60000.0,
            "전세실거래년":20210819.0,
            "전세실거래가":38000.0,
            "전세가율":96.2,
            "장기전세가율평균":66.53,
            "전세가율거품지수":-29.67,
            "검색코드":277,
            "세대수":210.0,
            "준공년월":"1992-09-26",
            "준공년차":31.0,
            "가까운역이름":"북한산우이",
            "가까운역거리":954.82,
            "역세권여부":"준역세권",
            "30분이내주요거점역":0,
            "1시간이내주요거점역":4,
            "3km이내백화점수":0,
            "5km이내아울렛몰수":0,
            "1km이내대형먀트수":0,
            "500m이내은행수":1,
            "500m이내병원수":6,
            "5km이내대형병원수":4,
            "500m이내공원수":2,
            "3km이내혐오시설수":0,
            "초등학교학업성취도":91.73,
            "중학교학업성취도":91.0,
            "용적률":211,
            "건폐율":20,
            "Y":37.660325,
            "X":127.023034,
            "rank":80.0,
            "area_info":"28평(93.45), 29평(96.43)",
            "last_sales":"2021-10-29,60000.0,29평(96.43)"
        },
        {
            "index":219,
            "아파트명":"북한산월드메르디앙",
            "투자타입":"일반",
            "전용면적(m2)":"92.33",
            "전용면적(평)":"27평",
            "법정동주소":"서울시 도봉구 쌍문동 728",
            "도로명주소":"서울시 도봉구 삼양로 566",
            "세대수":0,
            "입주년차":40,
            "용적률점수":"--",
            "건폐율점수":"--",
            "세대당주차수":30,
            "난방방식":30,
            "공급면적":"--",
            "전용률":"--",
            "욕실수":100,
            "현관타입":100,
            "주거총점":35.5,
            "지역구공급총점":100.0,
            "역세권":80,
            "30분내 이동가능 거점":0,
            "1시간내 이동가능 거점":60,
            "교통총점":52.0,
            "백화점":0,
            "아울렛몰":0,
            "대형마트":0,
            "은행":0,
            "병원":10,
            "종합병원":100,
            "공원":80,
            "혐오시설":0,
            "인프라총점":23.4,
            "초등학군":87.92,
            "중학군":42.3,
            "학군총점":51.424,
            "인구수":36.67,
            "인구증감":-16.38,
            "인구총점":20.755,
            "일자리":8.2,
            "소득수준":45.28,
            "일자리총점":19.324,
            "가치 총점":40.0336,
            "매매실거래년":20211117.0,
            "매매실거래가":64500.0,
            "전세실거래년":20201106.0,
            "전세실거래가":40000.0,
            "전세가율":62.02,
            "장기전세가율평균":66.53,
            "전세가율거품지수":4.51,
            "검색코드":17517,
            "세대수":154.0,
            "준공년월":"2005-06-02",
            "준공년차":18.0,
            "가까운역이름":"솔밭공원",
            "가까운역거리":236.49,
            "역세권여부":"역세권",
            "30분이내주요거점역":0,
            "1시간이내주요거점역":6,
            "3km이내백화점수":0,
            "5km이내아울렛몰수":0,
            "1km이내대형먀트수":0,
            "500m이내은행수":0,
            "500m이내병원수":4,
            "5km이내대형병원수":3,
            "500m이내공원수":1,
            "3km이내혐오시설수":0,
            "초등학교학업성취도":87.92,
            "중학교학업성취도":70.5,
            "용적률":194,
            "건폐율":23,
            "Y":37.653962,
            "X":127.013178,
            "rank":81.0,
            "area_info":"27평(92.33), 32평(106.01), 32평(106.82), 44평(146.25)",
            "last_sales":"2021-11-17,64500.0,27평(92.33)"
        },
        {
            "index":7,
            "아파트명":"도봉숲아뜨리움(도시형)",
            "투자타입":"일반",
            "전용면적(m2)":"59.85",
            "전용면적(평)":"18평",
            "법정동주소":"서울시 도봉구 도봉동 593-37",
            "도로명주소":"서울시 도봉구 도봉로167길 38",
            "세대수":0,
            "입주년차":80,
            "용적률점수":"--",
            "건폐율점수":"--",
            "세대당주차수":0,
            "난방방식":30,
            "공급면적":"--",
            "전용률":"--",
            "욕실수":100,
            "현관타입":100,
            "주거총점":39.0,
            "지역구공급총점":100.0,
            "역세권":80,
            "30분내 이동가능 거점":0,
            "1시간내 이동가능 거점":40,
            "교통총점":48.0,
            "백화점":0,
            "아울렛몰":0,
            "대형마트":0,
            "은행":0,
            "병원":30,
            "종합병원":100,
            "공원":100,
            "혐오시설":-50,
            "인프라총점":25.0,
            "초등학군":84.98,
            "중학군":43.38,
            "학군총점":51.7,
            "인구수":36.67,
            "인구증감":-16.38,
            "인구총점":20.755,
            "일자리":8.2,
            "소득수준":45.28,
            "일자리총점":19.324,
            "가치 총점":39.855,
            "매매실거래년":"18000101",
            "매매실거래가":null,
            "전세실거래년":null,
            "전세실거래가":null,
            "전세가율":null,
            "장기전세가율평균":66.53,
            "전세가율거품지수":null,
            "검색코드":113452,
            "세대수":172.0,
            "준공년월":"2016-09-01",
            "준공년차":7.0,
            "가까운역이름":"도봉",
            "가까운역거리":314.02,
            "역세권여부":"역세권",
            "30분이내주요거점역":0,
            "1시간이내주요거점역":4,
            "3km이내백화점수":0,
            "5km이내아울렛몰수":0,
            "1km이내대형먀트수":0,
            "500m이내은행수":1,
            "500m이내병원수":6,
            "5km이내대형병원수":2,
            "500m이내공원수":3,
            "3km이내혐오시설수":1,
            "초등학교학업성취도":84.98,
            "중학교학업성취도":71.1,
            "용적률":149,
            "건폐율":40,
            "Y":37.678226,
            "X":127.042452,
            "rank":82.0,
            "area_info":"18평(59.85), 18평(60.44), 18평(62.29), 20평(67.93), 20평(68.77), 20평(68.72), 20평(68.99), 21평(70.11), 21평(71.15), 24평(81.9), 28평(93.87)",
            "last_sales":"1800-01-01,nan,18평(59.85)"
        },
        {
            "index":23,
            "아파트명":"도봉파크빌3단지",
            "투자타입":"일반",
            "전용면적(m2)":"106.78",
            "전용면적(평)":"32평",
            "법정동주소":"서울시 도봉구 도봉동 644",
            "도로명주소":"서울시 도봉구 마들로 891",
            "세대수":0,
            "입주년차":20,
            "용적률점수":"--",
            "건폐율점수":"--",
            "세대당주차수":30,
            "난방방식":30,
            "공급면적":"--",
            "전용률":"--",
            "욕실수":100,
            "현관타입":100,
            "주거총점":31.5,
            "지역구공급총점":100.0,
            "역세권":80,
            "30분내 이동가능 거점":0,
            "1시간내 이동가능 거점":50,
            "교통총점":50.0,
            "백화점":0,
            "아울렛몰":0,
            "대형마트":0,
            "은행":0,
            "병원":30,
            "종합병원":100,
            "공원":100,
            "혐오시설":-50,
            "인프라총점":25.0,
            "초등학군":80.1,
            "중학군":49.28,
            "학군총점":55.444,
            "인구수":36.67,
            "인구증감":-16.38,
            "인구총점":20.755,
            "일자리":8.2,
            "소득수준":45.28,
            "일자리총점":19.324,
            "가치 총점":39.6166,
            "매매실거래년":20210609.0,
            "매매실거래가":70500.0,
            "전세실거래년":20211217.0,
            "전세실거래가":33000.0,
            "전세가율":46.81,
            "장기전세가율평균":66.53,
            "전세가율거품지수":19.72,
            "검색코드":10858,
            "세대수":200.0,
            "준공년월":"2002-12-02",
            "준공년차":21.0,
            "가까운역이름":"도봉산",
            "가까운역거리":321.44,
            "역세권여부":"역세권",
            "30분이내주요거점역":0,
            "1시간이내주요거점역":5,
            "3km이내백화점수":0,
            "5km이내아울렛몰수":0,
            "1km이내대형먀트수":0,
            "500m이내은행수":0,
            "500m이내병원수":6,
            "5km이내대형병원수":2,
            "500m이내공원수":5,
            "3km이내혐오시설수":1,
            "초등학교학업성취도":80.1,
            "중학교학업성취도":80.4,
            "용적률":222,
            "건폐율":17,
            "Y":37.687341,
            "X":127.048893,
            "rank":83.0,
            "area_info":"32평(106.78), 32평(106.54), 32평(106.53), 32평(106.76), 32평(106.54)",
            "last_sales":"2021-06-09,70500.0,32평(106.78)"
        },
        {
            "index":18,
            "아파트명":"도봉유원",
            "투자타입":"재건축",
            "전용면적(m2)":"104.79",
            "전용면적(평)":"31평",
            "법정동주소":"서울시 도봉구 도봉동 83",
            "도로명주소":"서울시 도봉구 도봉로180길 50",
            "세대수":0,
            "입주년차":"--",
            "용적률점수":60,
            "건폐율점수":0,
            "세대당주차수":"--",
            "난방방식":"--",
            "공급면적":90,
            "전용률":80,
            "욕실수":"--",
            "현관타입":"--",
            "주거총점":32.5,
            "지역구공급총점":100.0,
            "역세권":80,
            "30분내 이동가능 거점":0,
            "1시간내 이동가능 거점":50,
            "교통총점":50.0,
            "백화점":0,
            "아울렛몰":0,
            "대형마트":0,
            "은행":0,
            "병원":30,
            "종합병원":100,
            "공원":100,
            "혐오시설":0,
            "인프라총점":26.0,
            "초등학군":80.1,
            "중학군":43.38,
            "학군총점":50.724,
            "인구수":36.67,
            "인구증감":-16.38,
            "인구총점":20.755,
            "일자리":8.2,
            "소득수준":45.28,
            "일자리총점":19.324,
            "가치 총점":39.4086,
            "매매실거래년":20211118.0,
            "매매실거래가":68000.0,
            "전세실거래년":20211025.0,
            "전세실거래가":41000.0,
            "전세가율":60.29,
            "장기전세가율평균":66.53,
            "전세가율거품지수":6.24,
            "검색코드":856,
            "세대수":286.0,
            "준공년월":"1990-11-05",
            "준공년차":33.0,
            "가까운역이름":"도봉",
            "가까운역거리":393.74,
            "역세권여부":"역세권",
            "30분이내주요거점역":0,
            "1시간이내주요거점역":5,
            "3km이내백화점수":0,
            "5km이내아울렛몰수":0,
            "1km이내대형먀트수":0,
            "500m이내은행수":1,
            "500m이내병원수":9,
            "5km이내대형병원수":2,
            "500m이내공원수":3,
            "3km이내혐오시설수":0,
            "초등학교학업성취도":80.1,
            "중학교학업성취도":71.1,
            "용적률":225,
            "건폐율":0,
            "Y":37.682328,
            "X":127.04839,
            "rank":84.0,
            "area_info":"31평(104.79)",
            "last_sales":"2021-11-18,68000.0,31평(104.79)"
        },
        {
            "index":147,
            "아파트명":"신동아4단지",
            "투자타입":"일반",
            "전용면적(m2)":"79.43",
            "전용면적(평)":"24평",
            "법정동주소":"서울시 도봉구 방학동 732",
            "도로명주소":"서울시 도봉구 방학로 200",
            "세대수":30,
            "입주년차":0,
            "용적률점수":"--",
            "건폐율점수":"--",
            "세대당주차수":0,
            "난방방식":30,
            "공급면적":"--",
            "전용률":"--",
            "욕실수":50,
            "현관타입":10,
            "주거총점":19.5,
            "지역구공급총점":100.0,
            "역세권":0,
            "30분내 이동가능 거점":0,
            "1시간내 이동가능 거점":40,
            "교통총점":8.0,
            "백화점":100,
            "아울렛몰":0,
            "대형마트":80,
            "은행":70,
            "병원":60,
            "종합병원":100,
            "공원":100,
            "혐오시설":0,
            "인프라총점":78.0,
            "초등학군":87.48,
            "중학군":49.62,
            "학군총점":57.192,
            "인구수":36.67,
            "인구증감":-16.38,
            "인구총점":20.755,
            "일자리":8.2,
            "소득수준":45.28,
            "일자리총점":19.324,
            "가치 총점":38.6788,
            "매매실거래년":20211005.0,
            "매매실거래가":43000.0,
            "전세실거래년":20211217.0,
            "전세실거래가":19500.0,
            "전세가율":45.35,
            "장기전세가율평균":66.53,
            "전세가율거품지수":21.18,
            "검색코드":278,
            "세대수":361.0,
            "준공년월":"1995-05-27",
            "준공년차":28.0,
            "가까운역이름":"방학",
            "가까운역거리":1393.33,
            "역세권여부":"비역세권",
            "30분이내주요거점역":0,
            "1시간이내주요거점역":4,
            "3km이내백화점수":1,
            "5km이내아울렛몰수":0,
            "1km이내대형먀트수":1,
            "500m이내은행수":3,
            "500m이내병원수":20,
            "5km이내대형병원수":4,
            "500m이내공원수":6,
            "3km이내혐오시설수":0,
            "초등학교학업성취도":87.48,
            "중학교학업성취도":82.7,
            "용적률":290,
            "건폐율":27,
            "Y":37.662542,
            "X":127.029737,
            "rank":85.0,
            "area_info":"24평(79.43), 31평(103.93), 31평(103.65), 31평(103.82)",
            "last_sales":"2021-10-05,43000.0,24평(79.43)"
        },
        {
            "index":183,
            "아파트명":"한화,성원",
            "투자타입":"일반",
            "전용면적(m2)":"84.58",
            "전용면적(평)":"25평",
            "법정동주소":"서울시 도봉구 방학동 731",
            "도로명주소":"서울시 도봉구 방학로11길 10",
            "세대수":30,
            "입주년차":0,
            "용적률점수":"--",
            "건폐율점수":"--",
            "세대당주차수":0,
            "난방방식":30,
            "공급면적":"--",
            "전용률":"--",
            "욕실수":50,
            "현관타입":10,
            "주거총점":19.5,
            "지역구공급총점":100.0,
            "역세권":0,
            "30분내 이동가능 거점":0,
            "1시간내 이동가능 거점":40,
            "교통총점":8.0,
            "백화점":100,
            "아울렛몰":0,
            "대형마트":80,
            "은행":70,
            "병원":60,
            "종합병원":100,
            "공원":100,
            "혐오시설":0,
            "인프라총점":78.0,
            "초등학군":87.48,
            "중학군":49.62,
            "학군총점":57.192,
            "인구수":36.67,
            "인구증감":-16.38,
            "인구총점":20.755,
            "일자리":8.2,
            "소득수준":45.28,
            "일자리총점":19.324,
            "가치 총점":38.6788,
            "매매실거래년":20211109.0,
            "매매실거래가":56000.0,
            "전세실거래년":20211227.0,
            "전세실거래가":26000.0,
            "전세가율":52.0,
            "장기전세가율평균":66.53,
            "전세가율거품지수":14.53,
            "검색코드":282,
            "세대수":336.0,
            "준공년월":"1996-04-02",
            "준공년차":27.0,
            "가까운역이름":"방학",
            "가까운역거리":1290.52,
            "역세권여부":"비역세권",
            "30분이내주요거점역":0,
            "1시간이내주요거점역":4,
            "3km이내백화점수":1,
            "5km이내아울렛몰수":0,
            "1km이내대형먀트수":1,
            "500m이내은행수":3,
            "500m이내병원수":29,
            "5km이내대형병원수":4,
            "500m이내공원수":7,
            "3km이내혐오시설수":0,
            "초등학교학업성취도":87.48,
            "중학교학업성취도":82.7,
            "용적률":236,
            "건폐율":22,
            "Y":37.661549,
            "X":127.031688,
            "rank":85.0,
            "area_info":"25평(84.58), 31평(102.99)",
            "last_sales":"2021-11-09,56000.0,31평(102.99)"
        },
        {
            "index":232,
            "아파트명":"성원",
            "투자타입":"재건축",
            "전용면적(m2)":"86.47",
            "전용면적(평)":"26평",
            "법정동주소":"서울시 도봉구 쌍문동 53",
            "도로명주소":"서울시 도봉구 해등로 242-11",
            "세대수":50,
            "입주년차":"--",
            "용적률점수":20,
            "건폐율점수":0,
            "세대당주차수":"--",
            "난방방식":"--",
            "공급면적":70,
            "전용률":80,
            "욕실수":"--",
            "현관타입":"--",
            "주거총점":30.5,
            "지역구공급총점":100.0,
            "역세권":0,
            "30분내 이동가능 거점":0,
            "1시간내 이동가능 거점":20,
            "교통총점":4.0,
            "백화점":100,
            "아울렛몰":0,
            "대형마트":80,
            "은행":20,
            "병원":60,
            "종합병원":100,
            "공원":100,
            "혐오시설":0,
            "인프라총점":73.0,
            "초등학군":88.13,
            "중학군":55.28,
            "학군총점":61.85,
            "인구수":36.67,
            "인구증감":-16.38,
            "인구총점":20.755,
            "일자리":8.2,
            "소득수준":45.28,
            "일자리총점":19.324,
            "가치 총점":38.6775,
            "매매실거래년":20211030.0,
            "매매실거래가":61500.0,
            "전세실거래년":20211215.0,
            "전세실거래가":35000.0,
            "전세가율":56.91,
            "장기전세가율평균":66.53,
            "전세가율거품지수":9.62,
            "검색코드":293,
            "세대수":498.0,
            "준공년월":"1989-10-17",
            "준공년차":34.0,
            "가까운역이름":"쌍문",
            "가까운역거리":1200.93,
            "역세권여부":"비역세권",
            "30분이내주요거점역":0,
            "1시간이내주요거점역":2,
            "3km이내백화점수":1,
            "5km이내아울렛몰수":0,
            "1km이내대형먀트수":1,
            "500m이내은행수":2,
            "500m이내병원수":17,
            "5km이내대형병원수":4,
            "500m이내공원수":4,
            "3km이내혐오시설수":0,
            "초등학교학업성취도":88.13,
            "중학교학업성취도":91.0,
            "용적률":258,
            "건폐율":0,
            "Y":37.658372,
            "X":127.028828,
            "rank":86.0,
            "area_info":"26평(86.47), 30평(100.7)",
            "last_sales":"2021-10-30,61500.0,26평(86.47)"
        },
        {
            "index":273,
            "아파트명":"쌍문현대2차",
            "투자타입":"일반",
            "전용면적(m2)":"101.53",
            "전용면적(평)":"30평",
            "법정동주소":"서울시 도봉구 쌍문동 50",
            "도로명주소":"서울시 도봉구 시루봉로6길 53",
            "세대수":0,
            "입주년차":0,
            "용적률점수":"--",
            "건폐율점수":"--",
            "세대당주차수":0,
            "난방방식":30,
            "공급면적":"--",
            "전용률":"--",
            "욕실수":100,
            "현관타입":100,
            "주거총점":23.0,
            "지역구공급총점":100.0,
            "역세권":0,
            "30분내 이동가능 거점":0,
            "1시간내 이동가능 거점":20,
            "교통총점":4.0,
            "백화점":100,
            "아울렛몰":0,
            "대형마트":80,
            "은행":70,
            "병원":60,
            "종합병원":100,
            "공원":100,
            "혐오시설":0,
            "인프라총점":78.0,
            "초등학군":88.13,
            "중학군":49.62,
            "학군총점":57.322,
            "인구수":36.67,
            "인구증감":-16.38,
            "인구총점":20.755,
            "일자리":8.2,
            "소득수준":45.28,
            "일자리총점":19.324,
            "가치 총점":37.9983,
            "매매실거래년":20210807.0,
            "매매실거래가":62700.0,
            "전세실거래년":20210915.0,
            "전세실거래가":45000.0,
            "전세가율":71.77,
            "장기전세가율평균":66.53,
            "전세가율거품지수":-5.24,
            "검색코드":297,
            "세대수":192.0,
            "준공년월":"1993-11-30",
            "준공년차":30.0,
            "가까운역이름":"쌍문",
            "가까운역거리":1252.3,
            "역세권여부":"비역세권",
            "30분이내주요거점역":0,
            "1시간이내주요거점역":2,
            "3km이내백화점수":1,
            "5km이내아울렛몰수":0,
            "1km이내대형먀트수":1,
            "500m이내은행수":3,
            "500m이내병원수":27,
            "5km이내대형병원수":4,
            "500m이내공원수":5,
            "3km이내혐오시설수":0,
            "초등학교학업성취도":88.13,
            "중학교학업성취도":82.7,
            "용적률":259,
            "건폐율":0,
            "Y":37.659293,
            "X":127.030142,
            "rank":87.0,
            "area_info":"30평(101.53)",
            "last_sales":"2021-08-07,62700.0,30평(101.53)"
        },
        {
            "index":88,
            "아파트명":"동양크레오",
            "투자타입":"일반",
            "전용면적(m2)":"77.35",
            "전용면적(평)":"23평",
            "법정동주소":"서울시 도봉구 방학동 740",
            "도로명주소":"서울시 도봉구 시루봉로 166",
            "세대수":0,
            "입주년차":40,
            "용적률점수":"--",
            "건폐율점수":"--",
            "세대당주차수":30,
            "난방방식":30,
            "공급면적":"--",
            "전용률":"--",
            "욕실수":50,
            "현관타입":100,
            "주거총점":30.5,
            "지역구공급총점":100.0,
            "역세권":0,
            "30분내 이동가능 거점":0,
            "1시간내 이동가능 거점":40,
            "교통총점":8.0,
            "백화점":100,
            "아울렛몰":0,
            "대형마트":0,
            "은행":70,
            "병원":60,
            "종합병원":100,
            "공원":100,
            "혐오시설":0,
            "인프라총점":66.0,
            "초등학군":87.48,
            "중학군":49.62,
            "학군총점":57.192,
            "인구수":36.67,
            "인구증감":-16.38,
            "인구총점":20.755,
            "일자리":8.2,
            "소득수준":45.28,
            "일자리총점":19.324,
            "가치 총점":37.2788,
            "매매실거래년":20211108.0,
            "매매실거래가":60000.0,
            "전세실거래년":20200203.0,
            "전세실거래가":22000.0,
            "전세가율":65.28,
            "장기전세가율평균":66.53,
            "전세가율거품지수":1.25,
            "검색코드":17411,
            "세대수":212.0,
            "준공년월":"2004-12-15",
            "준공년차":19.0,
            "가까운역이름":"방학",
            "가까운역거리":1293.57,
            "역세권여부":"비역세권",
            "30분이내주요거점역":0,
            "1시간이내주요거점역":4,
            "3km이내백화점수":1,
            "5km이내아울렛몰수":0,
            "1km이내대형먀트수":0,
            "500m이내은행수":3,
            "500m이내병원수":19,
            "5km이내대형병원수":4,
            "500m이내공원수":5,
            "3km이내혐오시설수":0,
            "초등학교학업성취도":87.48,
            "중학교학업성취도":82.7,
            "용적률":241,
            "건폐율":29,
            "Y":37.66468,
            "X":127.030016,
            "rank":88.0,
            "area_info":"23평(77.35), 32평(108.57), 32평(108.95), 32평(108.58), 33평(109.25), 33평(109.25), 44평(146.64)",
            "last_sales":"2021-11-08,60000.0,33평(109.25)"
        },
        {
            "index":272,
            "아파트명":"쌍문청구",
            "투자타입":"일반",
            "전용면적(m2)":"105.67",
            "전용면적(평)":"31평",
            "법정동주소":"서울시 도봉구 쌍문동 195",
            "도로명주소":"서울시 도봉구 도당로 13",
            "세대수":0,
            "입주년차":0,
            "용적률점수":"--",
            "건폐율점수":"--",
            "세대당주차수":0,
            "난방방식":30,
            "공급면적":"--",
            "전용률":"--",
            "욕실수":100,
            "현관타입":100,
            "주거총점":23.0,
            "지역구공급총점":100.0,
            "역세권":0,
            "30분내 이동가능 거점":0,
            "1시간내 이동가능 거점":40,
            "교통총점":8.0,
            "백화점":100,
            "아울렛몰":0,
            "대형마트":100,
            "은행":0,
            "병원":60,
            "종합병원":100,
            "공원":100,
            "혐오시설":0,
            "인프라총점":74.0,
            "초등학군":88.68,
            "중학군":41.1,
            "학군총점":50.616,
            "인구수":36.67,
            "인구증감":-16.38,
            "인구총점":20.755,
            "일자리":8.2,
            "소득수준":45.28,
            "일자리총점":19.324,
            "가치 총점":37.1924,
            "매매실거래년":20211006.0,
            "매매실거래가":69000.0,
            "전세실거래년":20211215.0,
            "전세실거래가":43000.0,
            "전세가율":62.32,
            "장기전세가율평균":66.53,
            "전세가율거품지수":4.21,
            "검색코드":298,
            "세대수":236.0,
            "준공년월":"1996-07-18",
            "준공년차":27.0,
            "가까운역이름":"방학",
            "가까운역거리":1224.23,
            "역세권여부":"비역세권",
            "30분이내주요거점역":0,
            "1시간이내주요거점역":4,
            "3km이내백화점수":1,
            "5km이내아울렛몰수":0,
            "1km이내대형먀트수":2,
            "500m이내은행수":1,
            "500m이내병원수":27,
            "5km이내대형병원수":4,
            "500m이내공원수":7,
            "3km이내혐오시설수":0,
            "초등학교학업성취도":88.68,
            "중학교학업성취도":67.1,
            "용적률":302,
            "건폐율":23,
            "Y":37.659787,
            "X":127.034352,
            "rank":89.0,
            "area_info":"31평(105.67)",
            "last_sales":"2021-10-06,69000.0,31평(105.67)"
        },
        {
            "index":223,
            "아파트명":"북한산코오롱하늘채",
            "투자타입":"일반",
            "전용면적(m2)":"77.83",
            "전용면적(평)":"23평",
            "법정동주소":"서울시 도봉구 쌍문동 732",
            "도로명주소":"서울시 도봉구 우이천로 367",
            "세대수":0,
            "입주년차":80,
            "용적률점수":"--",
            "건폐율점수":"--",
            "세대당주차수":30,
            "난방방식":30,
            "공급면적":"--",
            "전용률":"--",
            "욕실수":100,
            "현관타입":100,
            "주거총점":43.5,
            "지역구공급총점":100.0,
            "역세권":50,
            "30분내 이동가능 거점":0,
            "1시간내 이동가능 거점":60,
            "교통총점":37.0,
            "백화점":0,
            "아울렛몰":0,
            "대형마트":0,
            "은행":0,
            "병원":10,
            "종합병원":100,
            "공원":100,
            "혐오시설":0,
            "인프라총점":24.0,
            "초등학군":88.12,
            "중학군":45.92,
            "학군총점":54.36,
            "인구수":36.67,
            "인구증감":-16.38,
            "인구총점":20.755,
            "일자리":8.2,
            "소득수준":45.28,
            "일자리총점":19.324,
            "가치 총점":37.004,
            "매매실거래년":20210116.0,
            "매매실거래가":86500.0,
            "전세실거래년":20211011.0,
            "전세실거래가":32550.0,
            "전세가율":55.17,
            "장기전세가율평균":66.53,
            "전세가율거품지수":11.36,
            "검색코드":103501,
            "세대수":293.0,
            "준공년월":"2014-04-01",
            "준공년차":9.0,
            "가까운역이름":"가오리",
            "가까운역거리":935.51,
            "역세권여부":"준역세권",
            "30분이내주요거점역":0,
            "1시간이내주요거점역":6,
            "3km이내백화점수":0,
            "5km이내아울렛몰수":0,
            "1km이내대형먀트수":0,
            "500m이내은행수":0,
            "500m이내병원수":4,
            "5km이내대형병원수":4,
            "500m이내공원수":3,
            "3km이내혐오시설수":0,
            "초등학교학업성취도":88.12,
            "중학교학업성취도":75.2,
            "용적률":235,
            "건폐율":24,
            "Y":37.648583,
            "X":127.022904,
            "rank":90.0,
            "area_info":"23평(77.83), 33평(109.66), 33평(109.66), 33평(109.66), 44평(146.86)",
            "last_sales":"2021-01-16,86500.0,44평(146.86)"
        },
        {
            "index":196,
            "아파트명":"금호2차",
            "투자타입":"재건축",
            "전용면적(m2)":"85.01",
            "전용면적(평)":"25평",
            "법정동주소":"서울시 도봉구 쌍문동 산69-1",
            "도로명주소":"서울시 도봉구 해등로 241-14",
            "세대수":30,
            "입주년차":"--",
            "용적률점수":20,
            "건폐율점수":0,
            "세대당주차수":"--",
            "난방방식":"--",
            "공급면적":70,
            "전용률":80,
            "욕실수":"--",
            "현관타입":"--",
            "주거총점":24.5,
            "지역구공급총점":100.0,
            "역세권":0,
            "30분내 이동가능 거점":0,
            "1시간내 이동가능 거점":20,
            "교통총점":4.0,
            "백화점":100,
            "아울렛몰":0,
            "대형마트":80,
            "은행":0,
            "병원":60,
            "종합병원":100,
            "공원":100,
            "혐오시설":0,
            "인프라총점":71.0,
            "초등학군":89.58,
            "중학군":55.28,
            "학군총점":62.14,
            "인구수":36.67,
            "인구증감":-16.38,
            "인구총점":20.755,
            "일자리":8.2,
            "소득수준":45.28,
            "일자리총점":19.324,
            "가치 총점":36.921,
            "매매실거래년":20210901.0,
            "매매실거래가":68000.0,
            "전세실거래년":20211208.0,
            "전세실거래가":25500.0,
            "전세가율":42.01,
            "장기전세가율평균":66.53,
            "전세가율거품지수":24.52,
            "검색코드":287,
            "세대수":386.0,
            "준공년월":"1991-12-27",
            "준공년차":32.0,
            "가까운역이름":"쌍문",
            "가까운역거리":1053.44,
            "역세권여부":"비역세권",
            "30분이내주요거점역":0,
            "1시간이내주요거점역":2,
            "3km이내백화점수":1,
            "5km이내아울렛몰수":0,
            "1km이내대형먀트수":1,
            "500m이내은행수":0,
            "500m이내병원수":12,
            "5km이내대형병원수":4,
            "500m이내공원수":4,
            "3km이내혐오시설수":0,
            "초등학교학업성취도":89.58,
            "중학교학업성취도":91.0,
            "용적률":250,
            "건폐율":0,
            "Y":37.656941,
            "X":127.028972,
            "rank":91.0,
            "area_info":"25평(85.01), 26평(87.32), 30평(101.43)",
            "last_sales":"2021-09-01,68000.0,30평(101.43)"
        },
        {
            "index":234,
            "아파트명":"시티프라디움",
            "투자타입":"일반",
            "전용면적(m2)":"63.18",
            "전용면적(평)":"19평",
            "법정동주소":"서울시 도봉구 쌍문동 734",
            "도로명주소":"서울시 도봉구 노해로 144",
            "세대수":0,
            "입주년차":100,
            "용적률점수":"--",
            "건폐율점수":"--",
            "세대당주차수":30,
            "난방방식":30,
            "공급면적":"--",
            "전용률":"--",
            "욕실수":50,
            "현관타입":100,
            "주거총점":42.5,
            "지역구공급총점":100.0,
            "역세권":50,
            "30분내 이동가능 거점":0,
            "1시간내 이동가능 거점":60,
            "교통총점":37.0,
            "백화점":0,
            "아울렛몰":0,
            "대형마트":0,
            "은행":0,
            "병원":10,
            "종합병원":100,
            "공원":100,
            "혐오시설":0,
            "인프라총점":24.0,
            "초등학군":88.12,
            "중학군":45.92,
            "학군총점":54.36,
            "인구수":36.67,
            "인구증감":-16.38,
            "인구총점":20.755,
            "일자리":8.2,
            "소득수준":45.28,
            "일자리총점":19.324,
            "가치 총점":36.804,
            "매매실거래년":"18000101",
            "매매실거래가":null,
            "전세실거래년":20211105.0,
            "전세실거래가":33000.0,
            "전세가율":null,
            "장기전세가율평균":66.53,
            "전세가율거품지수":null,
            "검색코드":141183,
            "세대수":112.0,
            "준공년월":"2021-10-21",
            "준공년차":2.0,
            "가까운역이름":"쌍문",
            "가까운역거리":736.42,
            "역세권여부":"준역세권",
            "30분이내주요거점역":0,
            "1시간이내주요거점역":6,
            "3km이내백화점수":0,
            "5km이내아울렛몰수":0,
            "1km이내대형먀트수":0,
            "500m이내은행수":0,
            "500m이내병원수":4,
            "5km이내대형병원수":4,
            "500m이내공원수":5,
            "3km이내혐오시설수":0,
            "초등학교학업성취도":88.12,
            "중학교학업성취도":75.2,
            "용적률":177,
            "건폐율":33,
            "Y":37.64744,
            "X":127.02648,
            "rank":92.0,
            "area_info":"19평(63.18), 19평(63.18), 25평(82.69), 26평(86.02), 26평(86.32), 26평(86.71), 26평(86.68), 26평(87.96), 27평(90.73)",
            "last_sales":"1800-01-01,nan,19평(63.18)"
        },
        {
            "index":243,
            "아파트명":"신원2차",
            "투자타입":"일반",
            "전용면적(m2)":"86.05",
            "전용면적(평)":"26평",
            "법정동주소":"서울시 도봉구 쌍문동 723",
            "도로명주소":"서울시 도봉구 해등로 190",
            "세대수":0,
            "입주년차":0,
            "용적률점수":"--",
            "건폐율점수":"--",
            "세대당주차수":60,
            "난방방식":30,
            "공급면적":"--",
            "전용률":"--",
            "욕실수":50,
            "현관타입":10,
            "주거총점":18.0,
            "지역구공급총점":100.0,
            "역세권":0,
            "30분내 이동가능 거점":0,
            "1시간내 이동가능 거점":20,
            "교통총점":4.0,
            "백화점":100,
            "아울렛몰":0,
            "대형마트":80,
            "은행":70,
            "병원":80,
            "종합병원":100,
            "공원":100,
            "혐오시설":0,
            "인프라총점":80.0,
            "초등학군":88.68,
            "중학군":41.1,
            "학군총점":50.616,
            "인구수":36.67,
            "인구증감":-16.38,
            "인구총점":20.755,
            "일자리":8.2,
            "소득수준":45.28,
            "일자리총점":19.324,
            "가치 총점":36.5924,
            "매매실거래년":20220107.0,
            "매매실거래가":64000.0,
            "전세실거래년":20201206.0,
            "전세실거래가":33000.0,
            "전세가율":62.86,
            "장기전세가율평균":66.53,
            "전세가율거품지수":3.67,
            "검색코드":296,
            "세대수":136.0,
            "준공년월":"1998-12-19",
            "준공년차":25.0,
            "가까운역이름":"쌍문",
            "가까운역거리":1064.37,
            "역세권여부":"비역세권",
            "30분이내주요거점역":0,
            "1시간이내주요거점역":2,
            "3km이내백화점수":1,
            "5km이내아울렛몰수":0,
            "1km이내대형먀트수":1,
            "500m이내은행수":3,
            "500m이내병원수":41,
            "5km이내대형병원수":4,
            "500m이내공원수":4,
            "3km이내혐오시설수":0,
            "초등학교학업성취도":88.68,
            "중학교학업성취도":67.1,
            "용적률":397,
            "건폐율":44,
            "Y":37.65816,
            "X":127.0358,
            "rank":93.0,
            "area_info":"26평(86.05), 36평(121.88)",
            "last_sales":"2022-01-07,64000.0,36평(121.88)"
        },
        {
            "index":245,
            "아파트명":"쌍문e-편한세상",
            "투자타입":"일반",
            "전용면적(m2)":"76.21",
            "전용면적(평)":"23평",
            "법정동주소":"서울시 도봉구 쌍문동 731",
            "도로명주소":"서울시 도봉구 노해로41가길 16",
            "세대수":0,
            "입주년차":40,
            "용적률점수":"--",
            "건폐율점수":"--",
            "세대당주차수":30,
            "난방방식":30,
            "공급면적":"--",
            "전용률":"--",
            "욕실수":100,
            "현관타입":100,
            "주거총점":35.5,
            "지역구공급총점":100.0,
            "역세권":50,
            "30분내 이동가능 거점":0,
            "1시간내 이동가능 거점":60,
            "교통총점":37.0,
            "백화점":0,
            "아울렛몰":0,
            "대형마트":0,
            "은행":0,
            "병원":10,
            "종합병원":100,
            "공원":100,
            "혐오시설":0,
            "인프라총점":24.0,
            "초등학군":87.85,
            "중학군":51.6,
            "학군총점":58.85,
            "인구수":36.67,
            "인구증감":-16.38,
            "인구총점":20.755,
            "일자리":8.2,
            "소득수준":45.28,
            "일자리총점":19.324,
            "가치 총점":36.0775,
            "매매실거래년":20211208.0,
            "매매실거래가":70000.0,
            "전세실거래년":20200715.0,
            "전세실거래가":32000.0,
            "전세가율":45.58,
            "장기전세가율평균":66.53,
            "전세가율거품지수":20.95,
            "검색코드":22695,
            "세대수":141.0,
            "준공년월":"2007-04-26",
            "준공년차":16.0,
            "가까운역이름":"쌍문",
            "가까운역거리":681.67,
            "역세권여부":"준역세권",
            "30분이내주요거점역":0,
            "1시간이내주요거점역":6,
            "3km이내백화점수":0,
            "5km이내아울렛몰수":0,
            "1km이내대형먀트수":0,
            "500m이내은행수":0,
            "500m이내병원수":4,
            "5km이내대형병원수":4,
            "500m이내공원수":5,
            "3km이내혐오시설수":0,
            "초등학교학업성취도":87.85,
            "중학교학업성취도":83.8,
            "용적률":266,
            "건폐율":24,
            "Y":37.649907,
            "X":127.027137,
            "rank":94.0,
            "area_info":"23평(76.21), 32평(106.13), 32평(106.35), 32평(106.92), 45평(149.57)",
            "last_sales":"2021-12-08,70000.0,32평(106.92)"
        },
        {
            "index":39,
            "아파트명":"서울가든",
            "투자타입":"재건축",
            "전용면적(m2)":"99.46",
            "전용면적(평)":"30평",
            "법정동주소":"서울시 도봉구 도봉동 555",
            "도로명주소":"서울시 도봉구 도봉산길 35",
            "세대수":30,
            "입주년차":"--",
            "용적률점수":20,
            "건폐율점수":0,
            "세대당주차수":"--",
            "난방방식":"--",
            "공급면적":90,
            "전용률":60,
            "욕실수":"--",
            "현관타입":"--",
            "주거총점":24.5,
            "지역구공급총점":100.0,
            "역세권":80,
            "30분내 이동가능 거점":0,
            "1시간내 이동가능 거점":30,
            "교통총점":46.0,
            "백화점":0,
            "아울렛몰":0,
            "대형마트":0,
            "은행":0,
            "병원":10,
            "종합병원":100,
            "공원":100,
            "혐오시설":-50,
            "인프라총점":23.0,
            "초등학군":80.1,
            "중학군":43.38,
            "학군총점":50.724,
            "인구수":36.67,
            "인구증감":-16.38,
            "인구총점":20.755,
            "일자리":8.2,
            "소득수준":45.28,
            "일자리총점":19.324,
            "가치 총점":35.5086,
            "매매실거래년":20211019.0,
            "매매실거래가":51000.0,
            "전세실거래년":20211017.0,
            "전세실거래가":29000.0,
            "전세가율":56.86,
            "장기전세가율평균":66.53,
            "전세가율거품지수":9.67,
            "검색코드":266,
            "세대수":348.0,
            "준공년월":"1987-07-18",
            "준공년차":36.0,
            "가까운역이름":"도봉산",
            "가까운역거리":491.92,
            "역세권여부":"역세권",
            "30분이내주요거점역":0,
            "1시간이내주요거점역":3,
            "3km이내백화점수":0,
            "5km이내아울렛몰수":0,
            "1km이내대형먀트수":0,
            "500m이내은행수":0,
            "500m이내병원수":3,
            "5km이내대형병원수":2,
            "500m이내공원수":7,
            "3km이내혐오시설수":1,
            "초등학교학업성취도":80.1,
            "중학교학업성취도":71.1,
            "용적률":270,
            "건폐율":0,
            "Y":37.686868,
            "X":127.041563,
            "rank":95.0,
            "area_info":"30평(99.46)",
            "last_sales":"2021-10-19,51000.0,30평(99.46)"
        },
        {
            "index":49,
            "아파트명":"양우내안애",
            "투자타입":"일반",
            "전용면적(m2)":"106.85",
            "전용면적(평)":"32평",
            "법정동주소":"서울시 도봉구 도봉동 656",
            "도로명주소":"서울시 도봉구 도봉로180나길 20",
            "세대수":0,
            "입주년차":40,
            "용적률점수":"--",
            "건폐율점수":"--",
            "세대당주차수":30,
            "난방방식":30,
            "공급면적":"--",
            "전용률":"--",
            "욕실수":100,
            "현관타입":100,
            "주거총점":35.5,
            "지역구공급총점":100.0,
            "역세권":50,
            "30분내 이동가능 거점":0,
            "1시간내 이동가능 거점":50,
            "교통총점":35.0,
            "백화점":0,
            "아울렛몰":0,
            "대형마트":0,
            "은행":0,
            "병원":30,
            "종합병원":100,
            "공원":100,
            "혐오시설":-50,
            "인프라총점":25.0,
            "초등학군":80.1,
            "중학군":49.28,
            "학군총점":55.444,
            "인구수":36.67,
            "인구증감":-16.38,
            "인구총점":20.755,
            "일자리":8.2,
            "소득수준":45.28,
            "일자리총점":19.324,
            "가치 총점":35.1666,
            "매매실거래년":20210104.0,
            "매매실거래가":63000.0,
            "전세실거래년":20211025.0,
            "전세실거래가":30000.0,
            "전세가율":47.62,
            "장기전세가율평균":66.53,
            "전세가율거품지수":18.91,
            "검색코드":13340,
            "세대수":147.0,
            "준공년월":"2005-06-29",
            "준공년차":18.0,
            "가까운역이름":"도봉",
            "가까운역거리":554.89,
            "역세권여부":"준역세권",
            "30분이내주요거점역":0,
            "1시간이내주요거점역":5,
            "3km이내백화점수":0,
            "5km이내아울렛몰수":0,
            "1km이내대형먀트수":0,
            "500m이내은행수":1,
            "500m이내병원수":8,
            "5km이내대형병원수":2,
            "500m이내공원수":2,
            "3km이내혐오시설수":1,
            "초등학교학업성취도":80.1,
            "중학교학업성취도":80.4,
            "용적률":223,
            "건폐율":23,
            "Y":37.683454,
            "X":127.049543,
            "rank":96.0,
            "area_info":"32평(106.85)",
            "last_sales":"2021-01-04,63000.0,32평(106.85)"
        },
        {
            "index":215,
            "아파트명":"백조",
            "투자타입":"재건축",
            "전용면적(m2)":"72.66",
            "전용면적(평)":"21평",
            "법정동주소":"서울시 도봉구 쌍문동 724",
            "도로명주소":"서울시 도봉구 노해로38길 15",
            "세대수":0,
            "입주년차":"--",
            "용적률점수":80,
            "건폐율점수":0,
            "세대당주차수":"--",
            "난방방식":"--",
            "공급면적":50,
            "전용률":60,
            "욕실수":"--",
            "현관타입":"--",
            "주거총점":37.5,
            "지역구공급총점":100.0,
            "역세권":50,
            "30분내 이동가능 거점":0,
            "1시간내 이동가능 거점":50,
            "교통총점":35.0,
            "백화점":0,
            "아울렛몰":0,
            "대형마트":0,
            "은행":0,
            "병원":10,
            "종합병원":100,
            "공원":100,
            "혐오시설":0,
            "인프라총점":24.0,
            "초등학군":88.12,
            "중학군":45.92,
            "학군총점":54.36,
            "인구수":36.67,
            "인구증감":-16.38,
            "인구총점":20.755,
            "일자리":8.2,
            "소득수준":45.28,
            "일자리총점":19.324,
            "가치 총점":35.104,
            "매매실거래년":20211007.0,
            "매매실거래가":47900.0,
            "전세실거래년":20211021.0,
            "전세실거래가":12600.0,
            "전세가율":32.31,
            "장기전세가율평균":66.53,
            "전세가율거품지수":34.22,
            "검색코드":9274,
            "세대수":104.0,
            "준공년월":"1981-12-19",
            "준공년차":42.0,
            "가까운역이름":"쌍문",
            "가까운역거리":802.94,
            "역세권여부":"준역세권",
            "30분이내주요거점역":0,
            "1시간이내주요거점역":5,
            "3km이내백화점수":0,
            "5km이내아울렛몰수":0,
            "1km이내대형먀트수":0,
            "500m이내은행수":0,
            "500m이내병원수":4,
            "5km이내대형병원수":4,
            "500m이내공원수":3,
            "3km이내혐오시설수":0,
            "초등학교학업성취도":88.12,
            "중학교학업성취도":75.2,
            "용적률":192,
            "건폐율":0,
            "Y":37.64607,
            "X":127.02618,
            "rank":97.0,
            "area_info":"21평(72.66), 24평(82.32), 26평(87.97), 29평(98.75)",
            "last_sales":"2021-10-07,47900.0,24평(82.32)"
        },
        {
            "index":19,
            "아파트명":"도봉파크빌2단지",
            "투자타입":"일반",
            "전용면적(m2)":"109.86",
            "전용면적(평)":"33평",
            "법정동주소":"서울시 도봉구 도봉동 647",
            "도로명주소":"서울시 도봉구 마들로 835",
            "세대수":0,
            "입주년차":20,
            "용적률점수":"--",
            "건폐율점수":"--",
            "세대당주차수":30,
            "난방방식":30,
            "공급면적":"--",
            "전용률":"--",
            "욕실수":100,
            "현관타입":100,
            "주거총점":31.5,
            "지역구공급총점":100.0,
            "역세권":50,
            "30분내 이동가능 거점":0,
            "1시간내 이동가능 거점":50,
            "교통총점":35.0,
            "백화점":0,
            "아울렛몰":0,
            "대형마트":0,
            "은행":0,
            "병원":30,
            "종합병원":100,
            "공원":80,
            "혐오시설":-50,
            "인프라총점":24.4,
            "초등학군":80.1,
            "중학군":49.28,
            "학군총점":55.444,
            "인구수":36.67,
            "인구증감":-16.38,
            "인구총점":20.755,
            "일자리":8.2,
            "소득수준":45.28,
            "일자리총점":19.324,
            "가치 총점":34.1866,
            "매매실거래년":20210624.0,
            "매매실거래가":64000.0,
            "전세실거래년":20211202.0,
            "전세실거래가":32550.0,
            "전세가율":46.83,
            "장기전세가율평균":66.53,
            "전세가율거품지수":19.7,
            "검색코드":100828,
            "세대수":139.0,
            "준공년월":"2002-12-02",
            "준공년차":21.0,
            "가까운역이름":"도봉",
            "가까운역거리":674.02,
            "역세권여부":"준역세권",
            "30분이내주요거점역":0,
            "1시간이내주요거점역":5,
            "3km이내백화점수":0,
            "5km이내아울렛몰수":0,
            "1km이내대형먀트수":0,
            "500m이내은행수":1,
            "500m이내병원수":6,
            "5km이내대형병원수":2,
            "500m이내공원수":1,
            "3km이내혐오시설수":1,
            "초등학교학업성취도":80.1,
            "중학교학업성취도":80.4,
            "용적률":224,
            "건폐율":17,
            "Y":37.684112,
            "X":127.050657,
            "rank":98.0,
            "area_info":"33평(109.86), 33평(109.59), 33평(109.61), 33평(109.61)",
            "last_sales":"2021-06-24,64000.0,33평(109.59)"
        },
        {
            "index":140,
            "아파트명":"신동아2단지",
            "투자타입":"재건축",
            "전용면적(m2)":"88.14",
            "전용면적(평)":"26평",
            "법정동주소":"서울시 도봉구 방학동 531",
            "도로명주소":"서울시 도봉구 방학로15길 40",
            "세대수":50,
            "입주년차":"--",
            "용적률점수":20,
            "건폐율점수":0,
            "세대당주차수":"--",
            "난방방식":"--",
            "공급면적":70,
            "전용률":80,
            "욕실수":"--",
            "현관타입":"--",
            "주거총점":30.5,
            "지역구공급총점":100.0,
            "역세권":50,
            "30분내 이동가능 거점":0,
            "1시간내 이동가능 거점":30,
            "교통총점":31.0,
            "백화점":0,
            "아울렛몰":0,
            "대형마트":0,
            "은행":0,
            "병원":30,
            "종합병원":100,
            "공원":100,
            "혐오시설":0,
            "인프라총점":26.0,
            "초등학군":91.73,
            "중학군":55.28,
            "학군총점":62.57,
            "인구수":36.67,
            "인구증감":-16.38,
            "인구총점":20.755,
            "일자리":8.2,
            "소득수준":45.28,
            "일자리총점":19.324,
            "가치 총점":34.1355,
            "매매실거래년":20211216.0,
            "매매실거래가":62500.0,
            "전세실거래년":20210405.0,
            "전세실거래가":23100.0,
            "전세가율":36.44,
            "장기전세가율평균":66.53,
            "전세가율거품지수":30.09,
            "검색코드":275,
            "세대수":660.0,
            "준공년월":"1992-09-26",
            "준공년차":31.0,
            "가까운역이름":"솔밭공원",
            "가까운역거리":983.29,
            "역세권여부":"준역세권",
            "30분이내주요거점역":0,
            "1시간이내주요거점역":3,
            "3km이내백화점수":0,
            "5km이내아울렛몰수":0,
            "1km이내대형먀트수":0,
            "500m이내은행수":1,
            "500m이내병원수":9,
            "5km이내대형병원수":4,
            "500m이내공원수":4,
            "3km이내혐오시설수":0,
            "초등학교학업성취도":91.73,
            "중학교학업성취도":91.0,
            "용적률":259,
            "건폐율":0,
            "Y":37.659392,
            "X":127.023613,
            "rank":99.0,
            "area_info":"26평(88.14), 30평(101.22), 30평(101.32), 42평(141.07), 50평(168.29)",
            "last_sales":"2021-12-16,62500.0,30평(101.32)"
        },
        {
            "index":154,
            "아파트명":"신동아타워",
            "투자타입":"일반",
            "전용면적(m2)":"83.24",
            "전용면적(평)":"25평",
            "법정동주소":"서울시 도봉구 방학동 736",
            "도로명주소":"서울시 도봉구 방학로 210",
            "세대수":0,
            "입주년차":0,
            "용적률점수":"--",
            "건폐율점수":"--",
            "세대당주차수":30,
            "난방방식":30,
            "공급면적":"--",
            "전용률":"--",
            "욕실수":50,
            "현관타입":10,
            "주거총점":13.5,
            "지역구공급총점":100.0,
            "역세권":0,
            "30분내 이동가능 거점":0,
            "1시간내 이동가능 거점":40,
            "교통총점":8.0,
            "백화점":100,
            "아울렛몰":0,
            "대형마트":0,
            "은행":70,
            "병원":60,
            "종합병원":100,
            "공원":100,
            "혐오시설":0,
            "인프라총점":66.0,
            "초등학군":88.13,
            "중학군":49.62,
            "학군총점":57.322,
            "인구수":36.67,
            "인구증감":-16.38,
            "인구총점":20.755,
            "일자리":8.2,
            "소득수준":45.28,
            "일자리총점":19.324,
            "가치 총점":33.8983,
            "매매실거래년":20210722.0,
            "매매실거래가":47500.0,
            "전세실거래년":20201126.0,
            "전세실거래가":29000.0,
            "전세가율":61.05,
            "장기전세가율평균":66.53,
            "전세가율거품지수":5.48,
            "검색코드":1121,
            "세대수":104.0,
            "준공년월":"1997-08-25",
            "준공년차":26.0,
            "가까운역이름":"북한산우이",
            "가까운역거리":1416.81,
            "역세권여부":"비역세권",
            "30분이내주요거점역":0,
            "1시간이내주요거점역":4,
            "3km이내백화점수":1,
            "5km이내아울렛몰수":0,
            "1km이내대형먀트수":0,
            "500m이내은행수":3,
            "500m이내병원수":19,
            "5km이내대형병원수":4,
            "500m이내공원수":6,
            "3km이내혐오시설수":0,
            "초등학교학업성취도":88.13,
            "중학교학업성취도":82.7,
            "용적률":397,
            "건폐율":43,
            "Y":37.662156,
            "X":127.028836,
            "rank":100.0,
            "area_info":"25평(83.24), 35평(117.58), 35평(117.87)",
            "last_sales":"2021-07-22,47500.0,25평(83.24)"
        },
        {
            "index":464,
            "아파트명":"창동한승미메이드",
            "투자타입":"일반",
            "전용면적(m2)":"75.16",
            "전용면적(평)":"22평",
            "법정동주소":"서울시 도봉구 창동 824",
            "도로명주소":"서울시 도봉구 덕릉로60길 164-13",
            "세대수":0,
            "입주년차":40,
            "용적률점수":"--",
            "건폐율점수":"--",
            "세대당주차수":30,
            "난방방식":30,
            "공급면적":"--",
            "전용률":"--",
            "욕실수":50,
            "현관타입":100,
            "주거총점":30.5,
            "지역구공급총점":100.0,
            "역세권":0,
            "30분내 이동가능 거점":0,
            "1시간내 이동가능 거점":60,
            "교통총점":12.0,
            "백화점":100,
            "아울렛몰":0,
            "대형마트":0,
            "은행":0,
            "병원":10,
            "종합병원":100,
            "공원":80,
            "혐오시설":0,
            "인프라총점":53.4,
            "초등학군":85.32,
            "중학군":41.52,
            "학군총점":50.28,
            "인구수":36.67,
            "인구증감":-16.38,
            "인구총점":20.755,
            "일자리":8.2,
            "소득수준":45.28,
            "일자리총점":19.324,
            "가치 총점":33.862,
            "매매실거래년":20210716.0,
            "매매실거래가":59000.0,
            "전세실거래년":20181002.0,
            "전세실거래가":22500.0,
            "전세가율":38.14,
            "장기전세가율평균":66.53,
            "전세가율거품지수":28.39,
            "검색코드":10304,
            "세대수":135.0,
            "준공년월":"2004-06-25",
            "준공년차":19.0,
            "가까운역이름":"월계",
            "가까운역거리":1395.99,
            "역세권여부":"비역세권",
            "30분이내주요거점역":0,
            "1시간이내주요거점역":6,
            "3km이내백화점수":2,
            "5km이내아울렛몰수":0,
            "1km이내대형먀트수":0,
            "500m이내은행수":0,
            "500m이내병원수":2,
            "5km이내대형병원수":6,
            "500m이내공원수":1,
            "3km이내혐오시설수":0,
            "초등학교학업성취도":85.32,
            "중학교학업성취도":67.8,
            "용적률":295,
            "건폐율":27,
            "Y":37.63302,
            "X":127.04298,
            "rank":101.0,
            "area_info":"22평(75.16), 31평(105.31), 42평(139.59)",
            "last_sales":"2021-07-16,59000.0,22평(75.16)"
        },
        {
            "index":274,
            "아파트명":"우이그린",
            "투자타입":"재건축",
            "전용면적(m2)":"65.76",
            "전용면적(평)":"19평",
            "법정동주소":"서울시 도봉구 쌍문동 486-18",
            "도로명주소":"서울시 도봉구 해등로 337-20",
            "세대수":0,
            "입주년차":"--",
            "용적률점수":100,
            "건폐율점수":0,
            "세대당주차수":"--",
            "난방방식":"--",
            "공급면적":50,
            "전용률":60,
            "욕실수":"--",
            "현관타입":"--",
            "주거총점":45.5,
            "지역구공급총점":100.0,
            "역세권":50,
            "30분내 이동가능 거점":0,
            "1시간내 이동가능 거점":20,
            "교통총점":29.0,
            "백화점":0,
            "아울렛몰":0,
            "대형마트":0,
            "은행":0,
            "병원":0,
            "종합병원":100,
            "공원":80,
            "혐오시설":0,
            "인프라총점":22.4,
            "초등학군":91.73,
            "중학군":42.44,
            "학군총점":52.298,
            "인구수":36.67,
            "인구증감":-16.38,
            "인구총점":20.755,
            "일자리":8.2,
            "소득수준":45.28,
            "일자리총점":19.324,
            "가치 총점":33.8147,
            "매매실거래년":"18000101",
            "매매실거래가":null,
            "전세실거래년":null,
            "전세실거래가":null,
            "전세가율":null,
            "장기전세가율평균":66.53,
            "전세가율거품지수":null,
            "검색코드":17159,
            "세대수":114.0,
            "준공년월":"1986-08-27",
            "준공년차":37.0,
            "가까운역이름":"솔밭공원",
            "가까운역거리":505.03,
            "역세권여부":"준역세권",
            "30분이내주요거점역":0,
            "1시간이내주요거점역":2,
            "3km이내백화점수":0,
            "5km이내아울렛몰수":0,
            "1km이내대형먀트수":0,
            "500m이내은행수":0,
            "500m이내병원수":1,
            "5km이내대형병원수":4,
            "500m이내공원수":1,
            "3km이내혐오시설수":0,
            "초등학교학업성취도":91.73,
            "중학교학업성취도":69.4,
            "용적률":115,
            "건폐율":0,
            "Y":37.656254,
            "X":127.018985,
            "rank":102.0,
            "area_info":"19평(65.76), 26평(86.4), 30평(100.32), 31평(104.16), 33평(111.84)",
            "last_sales":"1800-01-01,nan,19평(65.76)"
        },
        {
            "index":171,
            "아파트명":"우성2차",
            "투자타입":"일반",
            "전용면적(m2)":"104.31",
            "전용면적(평)":"31평",
            "법정동주소":"서울시 도봉구 방학동 508",
            "도로명주소":"서울시 도봉구 해등로 307",
            "세대수":50,
            "입주년차":0,
            "용적률점수":"--",
            "건폐율점수":"--",
            "세대당주차수":0,
            "난방방식":30,
            "공급면적":"--",
            "전용률":"--",
            "욕실수":100,
            "현관타입":100,
            "주거총점":40.5,
            "지역구공급총점":100.0,
            "역세권":50,
            "30분내 이동가능 거점":0,
            "1시간내 이동가능 거점":10,
            "교통총점":27.0,
            "백화점":0,
            "아울렛몰":0,
            "대형마트":0,
            "은행":0,
            "병원":0,
            "종합병원":100,
            "공원":80,
            "혐오시설":0,
            "인프라총점":22.4,
            "초등학군":91.73,
            "중학군":55.28,
            "학군총점":62.57,
            "인구수":36.67,
            "인구증감":-16.38,
            "인구총점":20.755,
            "일자리":8.2,
            "소득수준":45.28,
            "일자리총점":19.324,
            "가치 총점":33.6555,
            "매매실거래년":20211209.0,
            "매매실거래가":63500.0,
            "전세실거래년":20220110.0,
            "전세실거래가":43000.0,
            "전세가율":67.72,
            "장기전세가율평균":66.53,
            "전세가율거품지수":-1.19,
            "검색코드":280,
            "세대수":558.0,
            "준공년월":"1993-09-16",
            "준공년차":30.0,
            "가까운역이름":"솔밭공원",
            "가까운역거리":759.76,
            "역세권여부":"준역세권",
            "30분이내주요거점역":0,
            "1시간이내주요거점역":1,
            "3km이내백화점수":0,
            "5km이내아울렛몰수":0,
            "1km이내대형먀트수":0,
            "500m이내은행수":0,
            "500m이내병원수":0,
            "5km이내대형병원수":4,
            "500m이내공원수":1,
            "3km이내혐오시설수":0,
            "초등학교학업성취도":91.73,
            "중학교학업성취도":91.0,
            "용적률":281,
            "건폐율":24,
            "Y":37.657053,
            "X":127.021796,
            "rank":103.0,
            "area_info":"31평(104.31), 31평(104.21)",
            "last_sales":"2021-12-09,63500.0,31평(104.31)"
        },
        {
            "index":481,
            "아파트명":"초안산신도브래뉴",
            "투자타입":"일반",
            "전용면적(m2)":"80.99",
            "전용면적(평)":"24평",
            "법정동주소":"서울시 도봉구 창동 821",
            "도로명주소":"서울시 도봉구 우이천로4라길 11-14",
            "세대수":0,
            "입주년차":40,
            "용적률점수":"--",
            "건폐율점수":"--",
            "세대당주차수":30,
            "난방방식":30,
            "공급면적":"--",
            "전용률":"--",
            "욕실수":100,
            "현관타입":100,
            "주거총점":35.5,
            "지역구공급총점":100.0,
            "역세권":0,
            "30분내 이동가능 거점":0,
            "1시간내 이동가능 거점":40,
            "교통총점":8.0,
            "백화점":100,
            "아울렛몰":0,
            "대형마트":0,
            "은행":0,
            "병원":10,
            "종합병원":100,
            "공원":100,
            "혐오시설":0,
            "인프라총점":54.0,
            "초등학군":85.32,
            "중학군":41.52,
            "학군총점":50.28,
            "인구수":36.67,
            "인구증감":-16.38,
            "인구총점":20.755,
            "일자리":8.2,
            "소득수준":45.28,
            "일자리총점":19.324,
            "가치 총점":33.642,
            "매매실거래년":20210917.0,
            "매매실거래가":69900.0,
            "전세실거래년":20140213.0,
            "전세실거래가":17000.0,
            "전세가율":28.96,
            "장기전세가율평균":66.53,
            "전세가율거품지수":37.57,
            "검색코드":17249,
            "세대수":213.0,
            "준공년월":"2005-10-28",
            "준공년차":18.0,
            "가까운역이름":"월계",
            "가까운역거리":1437.94,
            "역세권여부":"비역세권",
            "30분이내주요거점역":0,
            "1시간이내주요거점역":4,
            "3km이내백화점수":2,
            "5km이내아울렛몰수":0,
            "1km이내대형먀트수":0,
            "500m이내은행수":0,
            "500m이내병원수":2,
            "5km이내대형병원수":6,
            "500m이내공원수":2,
            "3km이내혐오시설수":0,
            "초등학교학업성취도":85.32,
            "중학교학업성취도":67.8,
            "용적률":314,
            "건폐율":24,
            "Y":37.633541,
            "X":127.042507,
            "rank":104.0,
            "area_info":"24평(80.99), 24평(81.5), 24평(82.39), 31평(105.48), 34평(113.33), 34평(114.57)",
            "last_sales":"2021-09-17,69900.0,34평(113.33)"
        },
        {
            "index":157,
            "아파트명":"신우",
            "투자타입":"재건축",
            "전용면적(m2)":"76.52",
            "전용면적(평)":"23평",
            "법정동주소":"서울시 도봉구 방학동 318-2",
            "도로명주소":"서울시 도봉구 도당로13다길 45",
            "세대수":0,
            "입주년차":"--",
            "용적률점수":0,
            "건폐율점수":0,
            "세대당주차수":"--",
            "난방방식":"--",
            "공급면적":50,
            "전용률":40,
            "욕실수":"--",
            "현관타입":"--",
            "주거총점":4.5,
            "지역구공급총점":100.0,
            "역세권":0,
            "30분내 이동가능 거점":0,
            "1시간내 이동가능 거점":40,
            "교통총점":8.0,
            "백화점":100,
            "아울렛몰":0,
            "대형마트":100,
            "은행":20,
            "병원":60,
            "종합병원":100,
            "공원":100,
            "혐오시설":-50,
            "인프라총점":75.0,
            "초등학군":87.48,
            "중학군":34.34,
            "학군총점":44.968,
            "인구수":36.67,
            "인구증감":-16.38,
            "인구총점":20.755,
            "일자리":8.2,
            "소득수준":45.28,
            "일자리총점":19.324,
            "가치 총점":32.9452,
            "매매실거래년":"18000101",
            "매매실거래가":null,
            "전세실거래년":null,
            "전세실거래가":null,
            "전세가율":null,
            "장기전세가율평균":66.53,
            "전세가율거품지수":null,
            "검색코드":17156,
            "세대수":255.0,
            "준공년월":"1986-08-07",
            "준공년차":37.0,
            "가까운역이름":"방학",
            "가까운역거리":1041.16,
            "역세권여부":"비역세권",
            "30분이내주요거점역":0,
            "1시간이내주요거점역":4,
            "3km이내백화점수":1,
            "5km이내아울렛몰수":0,
            "1km이내대형먀트수":2,
            "500m이내은행수":2,
            "500m이내병원수":26,
            "5km이내대형병원수":4,
            "500m이내공원수":8,
            "3km이내혐오시설수":1,
            "초등학교학업성취도":87.48,
            "중학교학업성취도":56.1,
            "용적률":0,
            "건폐율":0,
            "Y":37.664735,
            "X":127.032973,
            "rank":105.0,
            "area_info":"23평(76.52), 24평(79.86), 25평(83.2), 26평(86.28), 26평(86.54), 26평(88.66), 27평(89.58), 27평(92.0), 30평(102.24)",
            "last_sales":"1800-01-01,nan,23평(76.52)"
        },
        {
            "index":50,
            "아파트명":"중흥S-클래스",
            "투자타입":"일반",
            "전용면적(m2)":"100.74",
            "전용면적(평)":"30평",
            "법정동주소":"서울시 도봉구 도봉동 51-12",
            "도로명주소":"서울시 도봉구 도봉로180가길 32",
            "세대수":0,
            "입주년차":40,
            "용적률점수":"--",
            "건폐율점수":"--",
            "세대당주차수":30,
            "난방방식":30,
            "공급면적":"--",
            "전용률":"--",
            "욕실수":100,
            "현관타입":100,
            "주거총점":35.5,
            "지역구공급총점":100.0,
            "역세권":50,
            "30분내 이동가능 거점":0,
            "1시간내 이동가능 거점":20,
            "교통총점":29.0,
            "백화점":0,
            "아울렛몰":0,
            "대형마트":0,
            "은행":0,
            "병원":30,
            "종합병원":100,
            "공원":100,
            "혐오시설":-50,
            "인프라총점":25.0,
            "초등학군":80.1,
            "중학군":43.38,
            "학군총점":50.724,
            "인구수":36.67,
            "인구증감":-16.38,
            "인구총점":20.755,
            "일자리":8.2,
            "소득수준":45.28,
            "일자리총점":19.324,
            "가치 총점":32.3586,
            "매매실거래년":20210624.0,
            "매매실거래가":68200.0,
            "전세실거래년":20210618.0,
            "전세실거래가":34500.0,
            "전세가율":84.15,
            "장기전세가율평균":66.53,
            "전세가율거품지수":-17.62,
            "검색코드":11425,
            "세대수":141.0,
            "준공년월":"2004-10-13",
            "준공년차":19.0,
            "가까운역이름":"도봉산",
            "가까운역거리":508.1,
            "역세권여부":"준역세권",
            "30분이내주요거점역":0,
            "1시간이내주요거점역":2,
            "3km이내백화점수":0,
            "5km이내아울렛몰수":0,
            "1km이내대형먀트수":0,
            "500m이내은행수":1,
            "500m이내병원수":9,
            "5km이내대형병원수":2,
            "500m이내공원수":5,
            "3km이내혐오시설수":1,
            "초등학교학업성취도":80.1,
            "중학교학업성취도":71.1,
            "용적률":249,
            "건폐율":27,
            "Y":37.684766,
            "X":127.046794,
            "rank":106.0,
            "area_info":"30평(100.74), 32평(105.83), 32평(105.87), 32평(105.83), 32평(105.83), 32평(106.02)",
            "last_sales":"2021-06-24,68200.0,32평(106.02)"
        },
        {
            "index":0,
            "아파트명":"극동",
            "투자타입":"재건축",
            "전용면적(m2)":"101.85",
            "전용면적(평)":"30평",
            "법정동주소":"서울시 도봉구 도봉동 81-1",
            "도로명주소":"서울시 도봉구 도봉로180길 77",
            "세대수":0,
            "입주년차":"--",
            "용적률점수":20,
            "건폐율점수":0,
            "세대당주차수":"--",
            "난방방식":"--",
            "공급면적":90,
            "전용률":80,
            "욕실수":"--",
            "현관타입":"--",
            "주거총점":16.5,
            "지역구공급총점":100.0,
            "역세권":50,
            "30분내 이동가능 거점":0,
            "1시간내 이동가능 거점":50,
            "교통총점":35.0,
            "백화점":0,
            "아울렛몰":0,
            "대형마트":0,
            "은행":0,
            "병원":30,
            "종합병원":100,
            "공원":80,
            "혐오시설":0,
            "인프라총점":25.4,
            "초등학군":85.92,
            "중학군":49.28,
            "학군총점":56.608,
            "인구수":36.67,
            "인구증감":-16.38,
            "인구총점":20.755,
            "일자리":8.2,
            "소득수준":45.28,
            "일자리총점":19.324,
            "가치 총점":31.6612,
            "매매실거래년":20210719.0,
            "매매실거래가":59900.0,
            "전세실거래년":20140404.0,
            "전세실거래가":16000.0,
            "전세가율":29.63,
            "장기전세가율평균":66.53,
            "전세가율거품지수":36.9,
            "검색코드":1119,
            "세대수":205.0,
            "준공년월":"1991-12-19",
            "준공년차":32.0,
            "가까운역이름":"도봉",
            "가까운역거리":503.88,
            "역세권여부":"준역세권",
            "30분이내주요거점역":0,
            "1시간이내주요거점역":5,
            "3km이내백화점수":0,
            "5km이내아울렛몰수":0,
            "1km이내대형먀트수":0,
            "500m이내은행수":1,
            "500m이내병원수":8,
            "5km이내대형병원수":2,
            "500m이내공원수":1,
            "3km이내혐오시설수":0,
            "초등학교학업성취도":85.92,
            "중학교학업성취도":80.4,
            "용적률":268,
            "건폐율":0,
            "Y":37.682636,
            "X":127.049803,
            "rank":107.0,
            "area_info":"30평(101.85), 31평(102.6), 31평(102.59)",
            "last_sales":"2021-07-19,59900.0,31평(102.59)"
        },
        {
            "index":467,
            "아파트명":"창동한신(451)",
            "투자타입":"일반",
            "전용면적(m2)":"82.79",
            "전용면적(평)":"25평",
            "법정동주소":"서울시 도봉구 창동 451",
            "도로명주소":"서울시 도봉구 덕릉로60바길 21",
            "세대수":0,
            "입주년차":20,
            "용적률점수":"--",
            "건폐율점수":"--",
            "세대당주차수":0,
            "난방방식":30,
            "공급면적":"--",
            "전용률":"--",
            "욕실수":50,
            "현관타입":10,
            "주거총점":13.0,
            "지역구공급총점":100.0,
            "역세권":0,
            "30분내 이동가능 거점":0,
            "1시간내 이동가능 거점":50,
            "교통총점":10.0,
            "백화점":100,
            "아울렛몰":0,
            "대형마트":0,
            "은행":0,
            "병원":60,
            "종합병원":100,
            "공원":100,
            "혐오시설":0,
            "인프라총점":59.0,
            "초등학군":88.29,
            "중학군":36.72,
            "학군총점":47.034,
            "인구수":36.67,
            "인구증감":-16.38,
            "인구총점":20.755,
            "일자리":8.2,
            "소득수준":45.28,
            "일자리총점":19.324,
            "가치 총점":30.8551,
            "매매실거래년":20211108.0,
            "매매실거래가":55500.0,
            "전세실거래년":20210716.0,
            "전세실거래가":29000.0,
            "전세가율":64.44,
            "장기전세가율평균":66.53,
            "전세가율거품지수":2.09,
            "검색코드":3267,
            "세대수":121.0,
            "준공년월":"1999-04-08",
            "준공년차":24.0,
            "가까운역이름":"녹천",
            "가까운역거리":1089.67,
            "역세권여부":"비역세권",
            "30분이내주요거점역":0,
            "1시간이내주요거점역":5,
            "3km이내백화점수":2,
            "5km이내아울렛몰수":0,
            "1km이내대형먀트수":0,
            "500m이내은행수":0,
            "500m이내병원수":23,
            "5km이내대형병원수":5,
            "500m이내공원수":4,
            "3km이내혐오시설수":0,
            "초등학교학업성취도":88.29,
            "중학교학업성취도":60.2,
            "용적률":0,
            "건폐율":0,
            "Y":37.639137,
            "X":127.041168,
            "rank":108.0,
            "area_info":"25평(82.79), 31평(104.48), 32평(107.81)",
            "last_sales":"2021-11-08,55500.0,32평(107.81)"
        },
        {
            "index":178,
            "아파트명":"청구",
            "투자타입":"일반",
            "전용면적(m2)":"86.53",
            "전용면적(평)":"26평",
            "법정동주소":"서울시 도봉구 방학동 734",
            "도로명주소":"서울시 도봉구 해등로 264",
            "세대수":90,
            "입주년차":0,
            "용적률점수":"--",
            "건폐율점수":"--",
            "세대당주차수":0,
            "난방방식":30,
            "공급면적":"--",
            "전용률":"--",
            "욕실수":50,
            "현관타입":100,
            "주거총점":49.5,
            "지역구공급총점":100.0,
            "역세권":0,
            "30분내 이동가능 거점":0,
            "1시간내 이동가능 거점":40,
            "교통총점":8.0,
            "백화점":0,
            "아울렛몰":0,
            "대형마트":0,
            "은행":0,
            "병원":60,
            "종합병원":100,
            "공원":100,
            "혐오시설":0,
            "인프라총점":29.0,
            "초등학군":89.58,
            "중학군":55.28,
            "학군총점":62.14,
            "인구수":36.67,
            "인구증감":-16.38,
            "인구총점":20.755,
            "일자리":8.2,
            "소득수준":45.28,
            "일자리총점":19.324,
            "가치 총점":30.721,
            "매매실거래년":20211126.0,
            "매매실거래가":62500.0,
            "전세실거래년":20210312.0,
            "전세실거래가":30000.0,
            "전세가율":51.72,
            "장기전세가율평균":66.53,
            "전세가율거품지수":14.81,
            "검색코드":281,
            "세대수":978.0,
            "준공년월":"1994-06-20",
            "준공년차":29.0,
            "가까운역이름":"솔밭공원",
            "가까운역거리":1161.14,
            "역세권여부":"비역세권",
            "30분이내주요거점역":0,
            "1시간이내주요거점역":4,
            "3km이내백화점수":0,
            "5km이내아울렛몰수":0,
            "1km이내대형먀트수":0,
            "500m이내은행수":1,
            "500m이내병원수":10,
            "5km이내대형병원수":4,
            "500m이내공원수":4,
            "3km이내혐오시설수":0,
            "초등학교학업성취도":89.58,
            "중학교학업성취도":91.0,
            "용적률":239,
            "건폐율":24,
            "Y":37.657333,
            "X":127.026348,
            "rank":109.0,
            "area_info":"26평(86.53), 26평(88.24), 31평(102.58), 31평(102.51)",
            "last_sales":"2021-11-26,62500.0,31평(102.58)"
        },
        {
            "index":270,
            "아파트명":"쌍문염광",
            "투자타입":"일반",
            "전용면적(m2)":"83.91",
            "전용면적(평)":"25평",
            "법정동주소":"서울시 도봉구 쌍문동 722",
            "도로명주소":"서울시 도봉구 우이천로30길 28",
            "세대수":0,
            "입주년차":0,
            "용적률점수":"--",
            "건폐율점수":"--",
            "세대당주차수":0,
            "난방방식":30,
            "공급면적":"--",
            "전용률":"--",
            "욕실수":50,
            "현관타입":10,
            "주거총점":9.0,
            "지역구공급총점":100.0,
            "역세권":50,
            "30분내 이동가능 거점":0,
            "1시간내 이동가능 거점":60,
            "교통총점":37.0,
            "백화점":0,
            "아울렛몰":0,
            "대형마트":0,
            "은행":0,
            "병원":10,
            "종합병원":100,
            "공원":100,
            "혐오시설":0,
            "인프라총점":24.0,
            "초등학군":88.12,
            "중학군":45.92,
            "학군총점":54.36,
            "인구수":36.67,
            "인구증감":-16.38,
            "인구총점":20.755,
            "일자리":8.2,
            "소득수준":45.28,
            "일자리총점":19.324,
            "가치 총점":30.104,
            "매매실거래년":20210821.0,
            "매매실거래가":40000.0,
            "전세실거래년":20211216.0,
            "전세실거래가":20000.0,
            "전세가율":50.0,
            "장기전세가율평균":66.53,
            "전세가율거품지수":16.53,
            "검색코드":295,
            "세대수":103.0,
            "준공년월":"1997-12-17",
            "준공년차":26.0,
            "가까운역이름":"쌍문",
            "가까운역거리":740.4,
            "역세권여부":"준역세권",
            "30분이내주요거점역":0,
            "1시간이내주요거점역":6,
            "3km이내백화점수":0,
            "5km이내아울렛몰수":0,
            "1km이내대형먀트수":0,
            "500m이내은행수":0,
            "500m이내병원수":4,
            "5km이내대형병원수":4,
            "500m이내공원수":5,
            "3km이내혐오시설수":0,
            "초등학교학업성취도":88.12,
            "중학교학업성취도":75.2,
            "용적률":336,
            "건폐율":25,
            "Y":37.64854,
            "X":127.0263,
            "rank":110.0,
            "area_info":"25평(83.91), 35평(118.97)",
            "last_sales":"2021-08-21,40000.0,25평(83.91)"
        },
        {
            "index":308,
            "아파트명":"현대3차",
            "투자타입":"일반",
            "전용면적(m2)":"95.12",
            "전용면적(평)":"28평",
            "법정동주소":"서울시 도봉구 쌍문동 719",
            "도로명주소":"서울시 도봉구 우이천로38가길 32",
            "세대수":0,
            "입주년차":0,
            "용적률점수":"--",
            "건폐율점수":"--",
            "세대당주차수":0,
            "난방방식":30,
            "공급면적":"--",
            "전용률":"--",
            "욕실수":50,
            "현관타입":100,
            "주거총점":18.0,
            "지역구공급총점":100.0,
            "역세권":50,
            "30분내 이동가능 거점":0,
            "1시간내 이동가능 거점":40,
            "교통총점":33.0,
            "백화점":0,
            "아울렛몰":0,
            "대형마트":0,
            "은행":0,
            "병원":10,
            "종합병원":100,
            "공원":100,
            "혐오시설":0,
            "인프라총점":24.0,
            "초등학군":88.12,
            "중학군":42.44,
            "학군총점":51.576,
            "인구수":36.67,
            "인구증감":-16.38,
            "인구총점":20.755,
            "일자리":8.2,
            "소득수준":45.28,
            "일자리총점":19.324,
            "가치 총점":30.0864,
            "매매실거래년":20211130.0,
            "매매실거래가":54000.0,
            "전세실거래년":20210811.0,
            "전세실거래가":35000.0,
            "전세가율":73.22,
            "장기전세가율평균":66.53,
            "전세가율거품지수":-6.69,
            "검색코드":1122,
            "세대수":287.0,
            "준공년월":"1995-06-09",
            "준공년차":28.0,
            "가까운역이름":"솔밭공원",
            "가까운역거리":861.52,
            "역세권여부":"준역세권",
            "30분이내주요거점역":0,
            "1시간이내주요거점역":4,
            "3km이내백화점수":0,
            "5km이내아울렛몰수":0,
            "1km이내대형먀트수":0,
            "500m이내은행수":0,
            "500m이내병원수":3,
            "5km이내대형병원수":4,
            "500m이내공원수":2,
            "3km이내혐오시설수":0,
            "초등학교학업성취도":88.12,
            "중학교학업성취도":69.4,
            "용적률":236,
            "건폐율":20,
            "Y":37.652105,
            "X":127.021646,
            "rank":111.0,
            "area_info":"28평(95.12), 31평(103.54), 31평(103.75), 31평(104.46), 31평(104.59), 31평(104.64), 31평(104.12)",
            "last_sales":"2021-11-30,54000.0,31평(104.46)"
        },
        {
            "index":151,
            "아파트명":"신동아5단지",
            "투자타입":"일반",
            "전용면적(m2)":"83.46",
            "전용면적(평)":"25평",
            "법정동주소":"서울시 도봉구 방학동 738",
            "도로명주소":"서울시 도봉구 방학로12길 53",
            "세대수":0,
            "입주년차":0,
            "용적률점수":"--",
            "건폐율점수":"--",
            "세대당주차수":30,
            "난방방식":30,
            "공급면적":"--",
            "전용률":"--",
            "욕실수":50,
            "현관타입":10,
            "주거총점":13.5,
            "지역구공급총점":100.0,
            "역세권":0,
            "30분내 이동가능 거점":0,
            "1시간내 이동가능 거점":40,
            "교통총점":8.0,
            "백화점":0,
            "아울렛몰":0,
            "대형마트":0,
            "은행":70,
            "병원":60,
            "종합병원":100,
            "공원":100,
            "혐오시설":0,
            "인프라총점":36.0,
            "초등학군":90.77,
            "중학군":49.62,
            "학군총점":57.85,
            "인구수":36.67,
            "인구증감":-16.38,
            "인구총점":20.755,
            "일자리":8.2,
            "소득수준":45.28,
            "일자리총점":19.324,
            "가치 총점":24.9775,
            "매매실거래년":20211015.0,
            "매매실거래가":82000.0,
            "전세실거래년":20210529.0,
            "전세실거래가":30000.0,
            "전세가율":66.67,
            "장기전세가율평균":66.53,
            "전세가율거품지수":-0.14,
            "검색코드":929,
            "세대수":153.0,
            "준공년월":"1998-10-02",
            "준공년차":25.0,
            "가까운역이름":"북한산우이",
            "가까운역거리":1388.96,
            "역세권여부":"비역세권",
            "30분이내주요거점역":0,
            "1시간이내주요거점역":4,
            "3km이내백화점수":0,
            "5km이내아울렛몰수":0,
            "1km이내대형먀트수":0,
            "500m이내은행수":3,
            "500m이내병원수":10,
            "5km이내대형병원수":4,
            "500m이내공원수":4,
            "3km이내혐오시설수":0,
            "초등학교학업성취도":90.77,
            "중학교학업성취도":82.7,
            "용적률":0,
            "건폐율":0,
            "Y":37.663641,
            "X":127.028556,
            "rank":112.0,
            "area_info":"25평(83.46), 33평(110.22), 42평(141.85)",
            "last_sales":"2021-10-15,82000.0,42평(141.85)"
        },
        {
            "index":73,
            "아파트명":"대원그린",
            "투자타입":"재건축",
            "전용면적(m2)":"64.47",
            "전용면적(평)":"19평",
            "법정동주소":"서울시 도봉구 방학동 444-31",
            "도로명주소":"서울시 도봉구 방학로 212-11",
            "세대수":0,
            "입주년차":"--",
            "용적률점수":20,
            "건폐율점수":0,
            "세대당주차수":"--",
            "난방방식":"--",
            "공급면적":50,
            "전용률":60,
            "욕실수":"--",
            "현관타입":"--",
            "주거총점":13.5,
            "지역구공급총점":100.0,
            "역세권":0,
            "30분내 이동가능 거점":0,
            "1시간내 이동가능 거점":40,
            "교통총점":8.0,
            "백화점":0,
            "아울렛몰":0,
            "대형마트":0,
            "은행":70,
            "병원":60,
            "종합병원":100,
            "공원":100,
            "혐오시설":0,
            "인프라총점":36.0,
            "초등학군":88.13,
            "중학군":49.62,
            "학군총점":57.322,
            "인구수":36.67,
            "인구증감":-16.38,
            "인구총점":20.755,
            "일자리":8.2,
            "소득수준":45.28,
            "일자리총점":19.324,
            "가치 총점":24.8983,
            "매매실거래년":20211005.0,
            "매매실거래가":31000.0,
            "전세실거래년":20211109.0,
            "전세실거래가":15000.0,
            "전세가율":48.39,
            "장기전세가율평균":66.53,
            "전세가율거품지수":18.14,
            "검색코드":269,
            "세대수":220.0,
            "준공년월":"1987-06-29",
            "준공년차":36.0,
            "가까운역이름":"북한산우이",
            "가까운역거리":1347.27,
            "역세권여부":"비역세권",
            "30분이내주요거점역":0,
            "1시간이내주요거점역":4,
            "3km이내백화점수":0,
            "5km이내아울렛몰수":0,
            "1km이내대형먀트수":0,
            "500m이내은행수":3,
            "500m이내병원수":11,
            "5km이내대형병원수":4,
            "500m이내공원수":6,
            "3km이내혐오시설수":0,
            "초등학교학업성취도":88.13,
            "중학교학업성취도":82.7,
            "용적률":265,
            "건폐율":0,
            "Y":37.662844,
            "X":127.02809,
            "rank":113.0,
            "area_info":"19평(64.47), 23평(78.05)",
            "last_sales":"2021-10-05,31000.0,19평(64.47)"
        },
        {
            "index":114,
            "아파트명":"벽산2차",
            "투자타입":"일반",
            "전용면적(m2)":"78.93",
            "전용면적(평)":"23평",
            "법정동주소":"서울시 도봉구 방학동 496",
            "도로명주소":"서울시 도봉구 시루봉로5길 48",
            "세대수":30,
            "입주년차":0,
            "용적률점수":"--",
            "건폐율점수":"--",
            "세대당주차수":0,
            "난방방식":30,
            "공급면적":"--",
            "전용률":"--",
            "욕실수":50,
            "현관타입":100,
            "주거총점":28.5,
            "지역구공급총점":100.0,
            "역세권":0,
            "30분내 이동가능 거점":0,
            "1시간내 이동가능 거점":10,
            "교통총점":2.0,
            "백화점":0,
            "아울렛몰":0,
            "대형마트":0,
            "은행":20,
            "병원":30,
            "종합병원":100,
            "공원":100,
            "혐오시설":0,
            "인프라총점":28.0,
            "초등학군":88.13,
            "중학군":55.28,
            "학군총점":61.85,
            "인구수":36.67,
            "인구증감":-16.38,
            "인구총점":20.755,
            "일자리":8.2,
            "소득수준":45.28,
            "일자리총점":19.324,
            "가치 총점":24.0775,
            "매매실거래년":20210714.0,
            "매매실거래가":62800.0,
            "전세실거래년":20140826.0,
            "전세실거래가":16000.0,
            "전세가율":56.14,
            "장기전세가율평균":66.53,
            "전세가율거품지수":10.39,
            "검색코드":3261,
            "세대수":318.0,
            "준공년월":"1998-06-01",
            "준공년차":25.0,
            "가까운역이름":"솔밭공원",
            "가까운역거리":1101.55,
            "역세권여부":"비역세권",
            "30분이내주요거점역":0,
            "1시간이내주요거점역":1,
            "3km이내백화점수":0,
            "5km이내아울렛몰수":0,
            "1km이내대형먀트수":0,
            "500m이내은행수":2,
            "500m이내병원수":9,
            "5km이내대형병원수":4,
            "500m이내공원수":4,
            "3km이내혐오시설수":0,
            "초등학교학업성취도":88.13,
            "중학교학업성취도":91.0,
            "용적률":335,
            "건폐율":32,
            "Y":37.658928,
            "X":127.02524,
            "rank":114.0,
            "area_info":"23평(78.93), 23평(79.01), 32평(107.64)",
            "last_sales":"2021-07-14,62800.0,32평(107.64)"
        },
        {
            "index":64,
            "아파트명":"극동",
            "투자타입":"일반",
            "전용면적(m2)":"106.71",
            "전용면적(평)":"32평",
            "법정동주소":"서울시 도봉구 방학동 730",
            "도로명주소":"서울시 도봉구 시루봉로11길 25-8",
            "세대수":0,
            "입주년차":0,
            "용적률점수":"--",
            "건폐율점수":"--",
            "세대당주차수":0,
            "난방방식":30,
            "공급면적":"--",
            "전용률":"--",
            "욕실수":100,
            "현관타입":100,
            "주거총점":23.0,
            "지역구공급총점":100.0,
            "역세권":0,
            "30분내 이동가능 거점":0,
            "1시간내 이동가능 거점":30,
            "교통총점":6.0,
            "백화점":0,
            "아울렛몰":0,
            "대형마트":0,
            "은행":20,
            "병원":10,
            "종합병원":100,
            "공원":100,
            "혐오시설":0,
            "인프라총점":26.0,
            "초등학군":90.77,
            "중학군":49.62,
            "학군총점":57.85,
            "인구수":36.67,
            "인구증감":-16.38,
            "인구총점":20.755,
            "일자리":8.2,
            "소득수준":45.28,
            "일자리총점":19.324,
            "가치 총점":23.1775,
            "매매실거래년":20210913.0,
            "매매실거래가":58000.0,
            "전세실거래년":20210703.0,
            "전세실거래가":37000.0,
            "전세가율":63.79,
            "장기전세가율평균":66.53,
            "전세가율거품지수":2.74,
            "검색코드":3260,
            "세대수":167.0,
            "준공년월":"1993-09-17",
            "준공년차":30.0,
            "가까운역이름":"북한산우이",
            "가까운역거리":1230.17,
            "역세권여부":"비역세권",
            "30분이내주요거점역":0,
            "1시간이내주요거점역":3,
            "3km이내백화점수":0,
            "5km이내아울렛몰수":0,
            "1km이내대형먀트수":0,
            "500m이내은행수":2,
            "500m이내병원수":4,
            "5km이내대형병원수":4,
            "500m이내공원수":2,
            "3km이내혐오시설수":0,
            "초등학교학업성취도":90.77,
            "중학교학업성취도":82.7,
            "용적률":302,
            "건폐율":0,
            "Y":37.66462,
            "X":127.02664,
            "rank":115.0,
            "area_info":"32평(106.71)",
            "last_sales":"2021-09-13,58000.0,32평(106.71)"
        }
    ]
}