{
    "schema":{
        "fields":[
            {
                "name":"index",
                "type":"integer"
            },
            {
                "name":"아파트명",
                "type":"string"
            },
            {
                "name":"투자타입",
                "type":"string"
            },
            {
                "name":"전용면적(m2)",
                "type":"string"
            },
            {
                "name":"전용면적(평)",
                "type":"string"
            },
            {
                "name":"법정동주소",
                "type":"string"
            },
            {
                "name":"도로명주소",
                "type":"string"
            },
            {
                "name":"세대수",
                "type":"integer"
            },
            {
                "name":"입주년차",
                "type":"string"
            },
            {
                "name":"용적률점수",
                "type":"string"
            },
            {
                "name":"건폐율점수",
                "type":"string"
            },
            {
                "name":"세대당주차수",
                "type":"string"
            },
            {
                "name":"난방방식",
                "type":"string"
            },
            {
                "name":"공급면적",
                "type":"string"
            },
            {
                "name":"전용률",
                "type":"string"
            },
            {
                "name":"욕실수",
                "type":"string"
            },
            {
                "name":"현관타입",
                "type":"string"
            },
            {
                "name":"주거총점",
                "type":"number"
            },
            {
                "name":"지역구공급총점",
                "type":"number"
            },
            {
                "name":"역세권",
                "type":"integer"
            },
            {
                "name":"30분내 이동가능 거점",
                "type":"integer"
            },
            {
                "name":"1시간내 이동가능 거점",
                "type":"integer"
            },
            {
                "name":"교통총점",
                "type":"number"
            },
            {
                "name":"백화점",
                "type":"integer"
            },
            {
                "name":"아울렛몰",
                "type":"integer"
            },
            {
                "name":"대형마트",
                "type":"integer"
            },
            {
                "name":"은행",
                "type":"integer"
            },
            {
                "name":"병원",
                "type":"integer"
            },
            {
                "name":"종합병원",
                "type":"integer"
            },
            {
                "name":"공원",
                "type":"integer"
            },
            {
                "name":"혐오시설",
                "type":"integer"
            },
            {
                "name":"인프라총점",
                "type":"number"
            },
            {
                "name":"초등학군",
                "type":"number"
            },
            {
                "name":"중학군",
                "type":"number"
            },
            {
                "name":"학군총점",
                "type":"number"
            },
            {
                "name":"인구수",
                "type":"number"
            },
            {
                "name":"인구증감",
                "type":"number"
            },
            {
                "name":"인구총점",
                "type":"number"
            },
            {
                "name":"일자리",
                "type":"number"
            },
            {
                "name":"소득수준",
                "type":"number"
            },
            {
                "name":"일자리총점",
                "type":"number"
            },
            {
                "name":"가치 총점",
                "type":"number"
            },
            {
                "name":"매매실거래년",
                "type":"string"
            },
            {
                "name":"매매실거래가",
                "type":"number"
            },
            {
                "name":"전세실거래년",
                "type":"number"
            },
            {
                "name":"전세실거래가",
                "type":"number"
            },
            {
                "name":"전세가율",
                "type":"number"
            },
            {
                "name":"장기전세가율평균",
                "type":"number"
            },
            {
                "name":"전세가율거품지수",
                "type":"number"
            },
            {
                "name":"검색코드",
                "type":"integer"
            },
            {
                "name":"세대수",
                "type":"number"
            },
            {
                "name":"준공년월",
                "type":"string"
            },
            {
                "name":"준공년차",
                "type":"number"
            },
            {
                "name":"가까운역이름",
                "type":"string"
            },
            {
                "name":"가까운역거리",
                "type":"number"
            },
            {
                "name":"역세권여부",
                "type":"string"
            },
            {
                "name":"30분이내주요거점역",
                "type":"integer"
            },
            {
                "name":"1시간이내주요거점역",
                "type":"integer"
            },
            {
                "name":"3km이내백화점수",
                "type":"integer"
            },
            {
                "name":"5km이내아울렛몰수",
                "type":"integer"
            },
            {
                "name":"1km이내대형먀트수",
                "type":"integer"
            },
            {
                "name":"500m이내은행수",
                "type":"integer"
            },
            {
                "name":"500m이내병원수",
                "type":"integer"
            },
            {
                "name":"5km이내대형병원수",
                "type":"integer"
            },
            {
                "name":"500m이내공원수",
                "type":"integer"
            },
            {
                "name":"3km이내혐오시설수",
                "type":"integer"
            },
            {
                "name":"초등학교학업성취도",
                "type":"number"
            },
            {
                "name":"중학교학업성취도",
                "type":"number"
            },
            {
                "name":"용적률",
                "type":"integer"
            },
            {
                "name":"건폐율",
                "type":"integer"
            },
            {
                "name":"Y",
                "type":"number"
            },
            {
                "name":"X",
                "type":"number"
            },
            {
                "name":"rank",
                "type":"number"
            },
            {
                "name":"area_info",
                "type":"string"
            },
            {
                "name":"last_sales",
                "type":"string"
            }
        ],
        "primaryKey":[
            "index"
        ],
        "pandas_version":"1.4.0"
    },
    "data":[
        {
            "index":461,
            "아파트명":"신촌숲아이파크",
            "투자타입":"일반",
            "전용면적(m2)":"85.63",
            "전용면적(평)":"25평",
            "법정동주소":"서울시 마포구 신수동 462",
            "도로명주소":"서울시 마포구 광성로 17",
            "세대수":90,
            "입주년차":100,
            "용적률점수":"--",
            "건폐율점수":"--",
            "세대당주차수":60,
            "난방방식":100,
            "공급면적":"--",
            "전용률":"--",
            "욕실수":100,
            "현관타입":100,
            "주거총점":90.5,
            "지역구공급총점":100.0,
            "역세권":80,
            "30분내 이동가능 거점":100,
            "1시간내 이동가능 거점":100,
            "교통총점":90.0,
            "백화점":100,
            "아울렛몰":80,
            "대형마트":100,
            "은행":70,
            "병원":80,
            "종합병원":100,
            "공원":100,
            "혐오시설":0,
            "인프라총점":91.0,
            "초등학군":100.0,
            "중학군":49.14,
            "학군총점":59.312,
            "인구수":42.81,
            "인구증감":-2.72,
            "인구총점":29.151,
            "일자리":33.9,
            "소득수준":62.46,
            "일자리총점":42.468,
            "가치 총점":85.7968,
            "매매실거래년":20210914.0,
            "매매실거래가":199000.0,
            "전세실거래년":20211126.0,
            "전세실거래가":78750.0,
            "전세가율":52.85,
            "장기전세가율평균":63.7,
            "전세가율거품지수":10.85,
            "검색코드":114335,
            "세대수":1015.0,
            "준공년월":"2019-08-01",
            "준공년차":4.0,
            "가까운역이름":"서강대",
            "가까운역거리":158.43,
            "역세권여부":"역세권",
            "30분이내주요거점역":6,
            "1시간이내주요거점역":17,
            "3km이내백화점수":2,
            "5km이내아울렛몰수":1,
            "1km이내대형먀트수":2,
            "500m이내은행수":3,
            "500m이내병원수":48,
            "5km이내대형병원수":10,
            "500m이내공원수":5,
            "3km이내혐오시설수":0,
            "초등학교학업성취도":100.0,
            "중학교학업성취도":81.5,
            "용적률":272,
            "건폐율":16,
            "Y":37.551036,
            "X":126.934264,
            "rank":1.0,
            "area_info":"25평(85.63), 25평(85.56), 34평(115.11), 34평(115.39), 34평(115.28), 34평(115.53), 43평(144.92), 43평(144.02), 54평(181.56)",
            "last_sales":"2021-09-14,199000.0,34평(115.53)"
        },
        {
            "index":119,
            "아파트명":"도화3지구우성",
            "투자타입":"재건축",
            "전용면적(m2)":"75.66",
            "전용면적(평)":"22평",
            "법정동주소":"서울시 마포구 도화동 82",
            "도로명주소":"서울시 마포구 삼개로 38",
            "세대수":90,
            "입주년차":"--",
            "용적률점수":60,
            "건폐율점수":100,
            "세대당주차수":"--",
            "난방방식":"--",
            "공급면적":50,
            "전용률":60,
            "욕실수":"--",
            "현관타입":"--",
            "주거총점":76.5,
            "지역구공급총점":100.0,
            "역세권":80,
            "30분내 이동가능 거점":100,
            "1시간내 이동가능 거점":100,
            "교통총점":90.0,
            "백화점":100,
            "아울렛몰":80,
            "대형마트":80,
            "은행":100,
            "병원":80,
            "종합병원":100,
            "공원":100,
            "혐오시설":-50,
            "인프라총점":90.0,
            "초등학군":85.97,
            "중학군":54.82,
            "학군총점":61.05,
            "인구수":42.81,
            "인구증감":-2.72,
            "인구총점":29.151,
            "일자리":33.9,
            "소득수준":62.46,
            "일자리총점":42.468,
            "가치 총점":82.9575,
            "매매실거래년":20211015.0,
            "매매실거래가":182000.0,
            "전세실거래년":20211105.0,
            "전세실거래가":32500.0,
            "전세가율":32.5,
            "장기전세가율평균":63.7,
            "전세가율거품지수":31.2,
            "검색코드":405,
            "세대수":1222.0,
            "준공년월":"1991-03-20",
            "준공년차":32.0,
            "가까운역이름":"마포",
            "가까운역거리":381.94,
            "역세권여부":"역세권",
            "30분이내주요거점역":5,
            "1시간이내주요거점역":16,
            "3km이내백화점수":2,
            "5km이내아울렛몰수":1,
            "1km이내대형먀트수":1,
            "500m이내은행수":5,
            "500m이내병원수":35,
            "5km이내대형병원수":11,
            "500m이내공원수":3,
            "3km이내혐오시설수":1,
            "초등학교학업성취도":85.97,
            "중학교학업성취도":90.3,
            "용적률":228,
            "건폐율":19,
            "Y":37.536774,
            "X":126.948441,
            "rank":2.0,
            "area_info":"22평(75.66), 27평(92.4), 32평(107.34), 39평(132.04), 45평(149.83), 50평(168.22)",
            "last_sales":"2021-10-15,182000.0,50평(168.22)"
        },
        {
            "index":104,
            "아파트명":"신촌그랑자이",
            "투자타입":"일반",
            "전용면적(m2)":"80.85",
            "전용면적(평)":"24평",
            "법정동주소":"서울시 마포구 대흥동 806",
            "도로명주소":"서울시 마포구 대흥로 175",
            "세대수":90,
            "입주년차":100,
            "용적률점수":"--",
            "건폐율점수":"--",
            "세대당주차수":30,
            "난방방식":30,
            "공급면적":"--",
            "전용률":"--",
            "욕실수":100,
            "현관타입":100,
            "주거총점":79.0,
            "지역구공급총점":100.0,
            "역세권":80,
            "30분내 이동가능 거점":100,
            "1시간내 이동가능 거점":100,
            "교통총점":90.0,
            "백화점":100,
            "아울렛몰":80,
            "대형마트":100,
            "은행":20,
            "병원":80,
            "종합병원":100,
            "공원":80,
            "혐오시설":0,
            "인프라총점":85.4,
            "초등학군":87.22,
            "중학군":51.64,
            "학군총점":58.756,
            "인구수":42.81,
            "인구증감":-2.72,
            "인구총점":29.151,
            "일자리":33.9,
            "소득수준":62.46,
            "일자리총점":42.468,
            "가치 총점":81.7334,
            "매매실거래년":20211205.0,
            "매매실거래가":199000.0,
            "전세실거래년":20220108.0,
            "전세실거래가":66000.0,
            "전세가율":47.14,
            "장기전세가율평균":63.7,
            "전세가율거품지수":16.56,
            "검색코드":114542,
            "세대수":1248.0,
            "준공년월":"2020-02-01",
            "준공년차":3.0,
            "가까운역이름":"이대",
            "가까운역거리":185.14,
            "역세권여부":"역세권",
            "30분이내주요거점역":7,
            "1시간이내주요거점역":14,
            "3km이내백화점수":1,
            "5km이내아울렛몰수":1,
            "1km이내대형먀트수":2,
            "500m이내은행수":2,
            "500m이내병원수":31,
            "5km이내대형병원수":8,
            "500m이내공원수":1,
            "3km이내혐오시설수":0,
            "초등학교학업성취도":87.22,
            "중학교학업성취도":84.6,
            "용적률":253,
            "건폐율":22,
            "Y":37.55557,
            "X":126.94451,
            "rank":3.0,
            "area_info":"24평(80.85), 24평(82.28), 34평(112.95), 34평(113.53), 34평(114.4), 34평(114.02), 39평(128.95), 46평(153.67), 46평(153.54), 46평(153.77)",
            "last_sales":"2021-12-05,199000.0,34평(113.53)"
        },
        {
            "index":137,
            "아파트명":"마포한화오벨리스크",
            "투자타입":"일반",
            "전용면적(m2)":"47.5",
            "전용면적(평)":"14평",
            "법정동주소":"서울시 마포구 도화동 555",
            "도로명주소":"서울시 마포구 마포대로 33",
            "세대수":50,
            "입주년차":40,
            "용적률점수":"--",
            "건폐율점수":"--",
            "세대당주차수":60,
            "난방방식":30,
            "공급면적":"--",
            "전용률":"--",
            "욕실수":50,
            "현관타입":50,
            "주거총점":47.5,
            "지역구공급총점":100.0,
            "역세권":100,
            "30분내 이동가능 거점":100,
            "1시간내 이동가능 거점":100,
            "교통총점":100.0,
            "백화점":100,
            "아울렛몰":80,
            "대형마트":80,
            "은행":100,
            "병원":100,
            "종합병원":100,
            "공원":100,
            "혐오시설":0,
            "인프라총점":93.0,
            "초등학군":91.27,
            "중학군":50.94,
            "학군총점":59.006,
            "인구수":42.81,
            "인구증감":-2.72,
            "인구총점":29.151,
            "일자리":33.9,
            "소득수준":62.46,
            "일자리총점":42.468,
            "가치 총점":81.2509,
            "매매실거래년":20211217.0,
            "매매실거래가":45000.0,
            "전세실거래년":20210504.0,
            "전세실거래가":40000.0,
            "전세가율":88.89,
            "장기전세가율평균":63.7,
            "전세가율거품지수":-25.19,
            "검색코드":12240,
            "세대수":662.0,
            "준공년월":"2004-10-08",
            "준공년차":19.0,
            "가까운역이름":"마포",
            "가까운역거리":69.3,
            "역세권여부":"초역세권",
            "30분이내주요거점역":8,
            "1시간이내주요거점역":18,
            "3km이내백화점수":2,
            "5km이내아울렛몰수":1,
            "1km이내대형먀트수":1,
            "500m이내은행수":10,
            "500m이내병원수":71,
            "5km이내대형병원수":11,
            "500m이내공원수":7,
            "3km이내혐오시설수":0,
            "초등학교학업성취도":91.27,
            "중학교학업성취도":82.9,
            "용적률":852,
            "건폐율":29,
            "Y":37.539953,
            "X":126.945308,
            "rank":4.0,
            "area_info":"14평(47.5), 14평(48.11), 14평(49.56), 15평(50.6), 15평(51.94), 16평(53.77), 19평(64.9), 23평(76.79), 29평(98.53), 29평(98.55), 31평(104.0), 32평(106.91), 33평(110.63), 48평(159.62), 49평(162.85), 49평(164.15)",
            "last_sales":"2021-12-17,45000.0,14평(47.5)"
        },
        {
            "index":584,
            "아파트명":"e편한세상마포리버파크",
            "투자타입":"일반",
            "전용면적(m2)":"84.53",
            "전용면적(평)":"25평",
            "법정동주소":"서울시 마포구 용강동 508",
            "도로명주소":"서울시 마포구 토정로31길 24",
            "세대수":50,
            "입주년차":80,
            "용적률점수":"--",
            "건폐율점수":"--",
            "세대당주차수":30,
            "난방방식":100,
            "공급면적":"--",
            "전용률":"--",
            "욕실수":100,
            "현관타입":100,
            "주거총점":68.0,
            "지역구공급총점":100.0,
            "역세권":80,
            "30분내 이동가능 거점":100,
            "1시간내 이동가능 거점":100,
            "교통총점":90.0,
            "백화점":100,
            "아울렛몰":80,
            "대형마트":80,
            "은행":100,
            "병원":80,
            "종합병원":100,
            "공원":100,
            "혐오시설":0,
            "인프라총점":91.0,
            "초등학군":91.27,
            "중학군":50.94,
            "학군총점":59.006,
            "인구수":42.81,
            "인구증감":-2.72,
            "인구총점":29.151,
            "일자리":33.9,
            "소득수준":62.46,
            "일자리총점":42.468,
            "가치 총점":81.2509,
            "매매실거래년":20210912.0,
            "매매실거래가":210000.0,
            "전세실거래년":20220117.0,
            "전세실거래가":71400.0,
            "전세가율":44.91,
            "장기전세가율평균":63.7,
            "전세가율거품지수":18.79,
            "검색코드":105738,
            "세대수":547.0,
            "준공년월":"2016-10-13",
            "준공년차":7.0,
            "가까운역이름":"마포",
            "가까운역거리":312.07,
            "역세권여부":"역세권",
            "30분이내주요거점역":6,
            "1시간이내주요거점역":17,
            "3km이내백화점수":2,
            "5km이내아울렛몰수":1,
            "1km이내대형먀트수":1,
            "500m이내은행수":8,
            "500m이내병원수":55,
            "5km이내대형병원수":11,
            "500m이내공원수":7,
            "3km이내혐오시설수":0,
            "초등학교학업성취도":91.27,
            "중학교학업성취도":82.9,
            "용적률":237,
            "건폐율":23,
            "Y":37.541607,
            "X":126.943492,
            "rank":5.0,
            "area_info":"25평(84.53), 32평(108.08), 33평(110.47), 33평(111.6), 33평(112.28), 34평(112.54), 34평(112.62), 46평(152.71)",
            "last_sales":"2021-09-12,210000.0,33평(112.28)"
        },
        {
            "index":0,
            "아파트명":"공덕SK리더스뷰",
            "투자타입":"일반",
            "전용면적(m2)":"88.59",
            "전용면적(평)":"26평",
            "법정동주소":"서울시 마포구 공덕동 479",
            "도로명주소":"서울시 마포구 백범로31길 7",
            "세대수":50,
            "입주년차":100,
            "용적률점수":"--",
            "건폐율점수":"--",
            "세대당주차수":30,
            "난방방식":30,
            "공급면적":"--",
            "전용률":"--",
            "욕실수":100,
            "현관타입":100,
            "주거총점":65.0,
            "지역구공급총점":100.0,
            "역세권":80,
            "30분내 이동가능 거점":100,
            "1시간내 이동가능 거점":100,
            "교통총점":90.0,
            "백화점":100,
            "아울렛몰":80,
            "대형마트":80,
            "은행":100,
            "병원":100,
            "종합병원":100,
            "공원":80,
            "혐오시설":0,
            "인프라총점":92.4,
            "초등학군":91.27,
            "중학군":50.94,
            "학군총점":59.006,
            "인구수":42.81,
            "인구증감":-2.72,
            "인구총점":29.151,
            "일자리":33.9,
            "소득수준":62.46,
            "일자리총점":42.468,
            "가치 총점":81.0709,
            "매매실거래년":20171025.0,
            "매매실거래가":69000.0,
            "전세실거래년":null,
            "전세실거래가":null,
            "전세가율":null,
            "장기전세가율평균":63.7,
            "전세가율거품지수":null,
            "검색코드":118741,
            "세대수":472.0,
            "준공년월":"2020-08-01",
            "준공년차":3.0,
            "가까운역이름":"공덕",
            "가까운역거리":296.3,
            "역세권여부":"역세권",
            "30분이내주요거점역":6,
            "1시간이내주요거점역":19,
            "3km이내백화점수":2,
            "5km이내아울렛몰수":1,
            "1km이내대형먀트수":1,
            "500m이내은행수":7,
            "500m이내병원수":90,
            "5km이내대형병원수":11,
            "500m이내공원수":1,
            "3km이내혐오시설수":0,
            "초등학교학업성취도":91.27,
            "중학교학업성취도":82.9,
            "용적률":480,
            "건폐율":46,
            "Y":37.545571,
            "X":126.948861,
            "rank":6.0,
            "area_info":"26평(88.59), 33평(111.71), 33평(112.38), 38평(128.29), 38평(128.35), 45평(151.91)",
            "last_sales":"2017-10-25,69000.0,26평(88.59)"
        },
        {
            "index":153,
            "아파트명":"삼성",
            "투자타입":"일반",
            "전용면적(m2)":"90.64",
            "전용면적(평)":"27평",
            "법정동주소":"서울시 마포구 도화동 550",
            "도로명주소":"서울시 마포구 도화길 28",
            "세대수":90,
            "입주년차":0,
            "용적률점수":"--",
            "건폐율점수":"--",
            "세대당주차수":30,
            "난방방식":80,
            "공급면적":"--",
            "전용률":"--",
            "욕실수":50,
            "현관타입":100,
            "주거총점":59.0,
            "지역구공급총점":100.0,
            "역세권":80,
            "30분내 이동가능 거점":100,
            "1시간내 이동가능 거점":100,
            "교통총점":90.0,
            "백화점":100,
            "아울렛몰":80,
            "대형마트":80,
            "은행":100,
            "병원":100,
            "종합병원":100,
            "공원":100,
            "혐오시설":0,
            "인프라총점":93.0,
            "초등학군":85.97,
            "중학군":54.82,
            "학군총점":61.05,
            "인구수":42.81,
            "인구증감":-2.72,
            "인구총점":29.151,
            "일자리":33.9,
            "소득수준":62.46,
            "일자리총점":42.468,
            "가치 총점":80.3575,
            "매매실거래년":20210911.0,
            "매매실거래가":190000.0,
            "전세실거래년":20220108.0,
            "전세실거래가":50000.0,
            "전세가율":33.44,
            "장기전세가율평균":63.7,
            "전세가율거품지수":30.26,
            "검색코드":404,
            "세대수":982.0,
            "준공년월":"1997-05-16",
            "준공년차":26.0,
            "가까운역이름":"마포",
            "가까운역거리":400.97,
            "역세권여부":"역세권",
            "30분이내주요거점역":5,
            "1시간이내주요거점역":18,
            "3km이내백화점수":2,
            "5km이내아울렛몰수":1,
            "1km이내대형먀트수":1,
            "500m이내은행수":10,
            "500m이내병원수":89,
            "5km이내대형병원수":12,
            "500m이내공원수":3,
            "3km이내혐오시설수":0,
            "초등학교학업성취도":85.97,
            "중학교학업성취도":90.3,
            "용적률":277,
            "건폐율":17,
            "Y":37.540161,
            "X":126.950419,
            "rank":7.0,
            "area_info":"27평(90.64), 31평(104.05), 41평(136.26), 48평(158.72), 48평(159.07)",
            "last_sales":"2021-09-11,190000.0,48평(159.07)"
        },
        {
            "index":537,
            "아파트명":"마포자이",
            "투자타입":"일반",
            "전용면적(m2)":"108.04",
            "전용면적(평)":"32평",
            "법정동주소":"서울시 마포구 염리동 521",
            "도로명주소":"서울시 마포구 독막로42길 2",
            "세대수":50,
            "입주년차":20,
            "용적률점수":"--",
            "건폐율점수":"--",
            "세대당주차수":60,
            "난방방식":100,
            "공급면적":"--",
            "전용률":"--",
            "욕실수":100,
            "현관타입":100,
            "주거총점":60.5,
            "지역구공급총점":100.0,
            "역세권":80,
            "30분내 이동가능 거점":100,
            "1시간내 이동가능 거점":100,
            "교통총점":90.0,
            "백화점":100,
            "아울렛몰":80,
            "대형마트":80,
            "은행":100,
            "병원":100,
            "종합병원":100,
            "공원":100,
            "혐오시설":0,
            "인프라총점":93.0,
            "초등학군":91.27,
            "중학군":50.94,
            "학군총점":59.006,
            "인구수":42.81,
            "인구증감":-2.72,
            "인구총점":29.151,
            "일자리":33.9,
            "소득수준":62.46,
            "일자리총점":42.468,
            "가치 총점":80.3509,
            "매매실거래년":20211221.0,
            "매매실거래가":230000.0,
            "전세실거래년":20211105.0,
            "전세실거래가":68250.0,
            "전세가율":36.11,
            "장기전세가율평균":63.7,
            "전세가율거품지수":27.59,
            "검색코드":3310,
            "세대수":534.0,
            "준공년월":"2003-12-05",
            "준공년차":20.0,
            "가까운역이름":"마포",
            "가까운역거리":418.45,
            "역세권여부":"역세권",
            "30분이내주요거점역":5,
            "1시간이내주요거점역":17,
            "3km이내백화점수":2,
            "5km이내아울렛몰수":1,
            "1km이내대형먀트수":1,
            "500m이내은행수":7,
            "500m이내병원수":77,
            "5km이내대형병원수":11,
            "500m이내공원수":7,
            "3km이내혐오시설수":0,
            "초등학교학업성취도":91.27,
            "중학교학업성취도":82.9,
            "용적률":300,
            "건폐율":17,
            "Y":37.543262,
            "X":126.944988,
            "rank":8.0,
            "area_info":"32평(108.04), 41평(135.54), 49평(163.05), 57평(189.8)",
            "last_sales":"2021-12-21,230000.0,49평(163.05)"
        },
        {
            "index":430,
            "아파트명":"펜트라우스",
            "투자타입":"일반",
            "전용면적(m2)":"110.55",
            "전용면적(평)":"33평",
            "법정동주소":"서울시 마포구 신공덕동 172",
            "도로명주소":"서울시 마포구 백범로 205",
            "세대수":50,
            "입주년차":60,
            "용적률점수":"--",
            "건폐율점수":"--",
            "세대당주차수":80,
            "난방방식":30,
            "공급면적":"--",
            "전용률":"--",
            "욕실수":100,
            "현관타입":100,
            "주거총점":64.5,
            "지역구공급총점":100.0,
            "역세권":80,
            "30분내 이동가능 거점":100,
            "1시간내 이동가능 거점":100,
            "교통총점":90.0,
            "백화점":100,
            "아울렛몰":80,
            "대형마트":80,
            "은행":70,
            "병원":100,
            "종합병원":100,
            "공원":100,
            "혐오시설":0,
            "인프라총점":90.0,
            "초등학군":91.15,
            "중학군":50.94,
            "학군총점":58.982,
            "인구수":42.81,
            "인구증감":-2.72,
            "인구총점":29.151,
            "일자리":33.9,
            "소득수준":62.46,
            "일자리총점":42.468,
            "가치 총점":80.2473,
            "매매실거래년":20211120.0,
            "매매실거래가":209200.0,
            "전세실거래년":20211201.0,
            "전세실거래가":72450.0,
            "전세가율":56.16,
            "장기전세가율평균":63.7,
            "전세가율거품지수":7.54,
            "검색코드":27733,
            "세대수":476.0,
            "준공년월":"2011-05-18",
            "준공년차":12.0,
            "가까운역이름":"공덕",
            "가까운역거리":208.45,
            "역세권여부":"역세권",
            "30분이내주요거점역":7,
            "1시간이내주요거점역":19,
            "3km이내백화점수":2,
            "5km이내아울렛몰수":1,
            "1km이내대형먀트수":1,
            "500m이내은행수":4,
            "500m이내병원수":88,
            "5km이내대형병원수":11,
            "500m이내공원수":2,
            "3km이내혐오시설수":0,
            "초등학교학업성취도":91.15,
            "중학교학업성취도":82.9,
            "용적률":487,
            "건폐율":28,
            "Y":37.543354,
            "X":126.953803,
            "rank":9.0,
            "area_info":"33평(110.55), 33평(110.1), 33평(110.19), 40평(134.1), 41평(135.72), 41평(136.61), 45평(149.71), 45평(149.76), 45평(150.68), 60평(198.92)",
            "last_sales":"2021-11-20,209200.0,60평(198.92)"
        },
        {
            "index":485,
            "아파트명":"마포래미안푸르지오",
            "투자타입":"일반",
            "전용면적(m2)":"80.16",
            "전용면적(평)":"24평",
            "법정동주소":"서울시 마포구 아현동 777",
            "도로명주소":"서울시 마포구 마포대로 195",
            "세대수":100,
            "입주년차":80,
            "용적률점수":"--",
            "건폐율점수":"--",
            "세대당주차수":30,
            "난방방식":30,
            "공급면적":"--",
            "전용률":"--",
            "욕실수":100,
            "현관타입":100,
            "주거총점":78.5,
            "지역구공급총점":100.0,
            "역세권":80,
            "30분내 이동가능 거점":100,
            "1시간내 이동가능 거점":100,
            "교통총점":90.0,
            "백화점":100,
            "아울렛몰":100,
            "대형마트":0,
            "은행":100,
            "병원":80,
            "종합병원":100,
            "공원":100,
            "혐오시설":0,
            "인프라총점":81.0,
            "초등학군":88.53,
            "중학군":45.44,
            "학군총점":54.058,
            "인구수":42.81,
            "인구증감":-2.72,
            "인구총점":29.151,
            "일자리":33.9,
            "소득수준":62.46,
            "일자리총점":42.468,
            "가치 총점":79.6087,
            "매매실거래년":20211123.0,
            "매매실거래가":240000.0,
            "전세실거래년":20220108.0,
            "전세실거래가":88000.0,
            "전세가율":57.7,
            "장기전세가율평균":63.7,
            "전세가율거품지수":6.0,
            "검색코드":104917,
            "세대수":3885.0,
            "준공년월":"2014-09-01",
            "준공년차":9.0,
            "가까운역이름":"애오개",
            "가까운역거리":326.14,
            "역세권여부":"역세권",
            "30분이내주요거점역":6,
            "1시간이내주요거점역":15,
            "3km이내백화점수":3,
            "5km이내아울렛몰수":2,
            "1km이내대형먀트수":0,
            "500m이내은행수":5,
            "500m이내병원수":43,
            "5km이내대형병원수":9,
            "500m이내공원수":6,
            "3km이내혐오시설수":0,
            "초등학교학업성취도":88.53,
            "중학교학업성취도":74.6,
            "용적률":259,
            "건폐율":20,
            "Y":37.553341,
            "X":126.953154,
            "rank":10.0,
            "area_info":"24평(80.16), 24평(80.19), 24평(80.18), 24평(80.63), 24평(80.4), 24평(81.17), 33평(110.95), 34평(112.71), 34평(113.0), 34평(113.05), 34평(114.8), 45평(149.28), 45평(150.5), 45평(150.66), 57평(189.33)",
            "last_sales":"2021-11-23,240000.0,45평(150.66)"
        },
        {
            "index":475,
            "아파트명":"공덕자이",
            "투자타입":"일반",
            "전용면적(m2)":"85.54",
            "전용면적(평)":"25평",
            "법정동주소":"서울시 마포구 아현동 800",
            "도로명주소":"서울시 마포구 마포대로24길 16",
            "세대수":90,
            "입주년차":80,
            "용적률점수":"--",
            "건폐율점수":"--",
            "세대당주차수":60,
            "난방방식":80,
            "공급면적":"--",
            "전용률":"--",
            "욕실수":100,
            "현관타입":100,
            "주거총점":84.5,
            "지역구공급총점":100.0,
            "역세권":80,
            "30분내 이동가능 거점":100,
            "1시간내 이동가능 거점":100,
            "교통총점":90.0,
            "백화점":100,
            "아울렛몰":100,
            "대형마트":0,
            "은행":70,
            "병원":80,
            "종합병원":100,
            "공원":100,
            "혐오시설":0,
            "인프라총점":78.0,
            "초등학군":86.11,
            "중학군":43.42,
            "학군총점":51.958,
            "인구수":42.81,
            "인구증감":-2.72,
            "인구총점":29.151,
            "일자리":33.9,
            "소득수준":62.46,
            "일자리총점":42.468,
            "가치 총점":79.5937,
            "매매실거래년":20211106.0,
            "매매실거래가":152000.0,
            "전세실거래년":20211217.0,
            "전세실거래가":85000.0,
            "전세가율":55.92,
            "장기전세가율평균":63.7,
            "전세가율거품지수":7.78,
            "검색코드":106861,
            "세대수":1164.0,
            "준공년월":"2015-04-01",
            "준공년차":8.0,
            "가까운역이름":"애오개",
            "가까운역거리":160.64,
            "역세권여부":"역세권",
            "30분이내주요거점역":7,
            "1시간이내주요거점역":17,
            "3km이내백화점수":3,
            "5km이내아울렛몰수":2,
            "1km이내대형먀트수":0,
            "500m이내은행수":4,
            "500m이내병원수":35,
            "5km이내대형병원수":10,
            "500m이내공원수":4,
            "3km이내혐오시설수":0,
            "초등학교학업성취도":86.11,
            "중학교학업성취도":71.5,
            "용적률":230,
            "건폐율":0,
            "Y":37.553416,
            "X":126.958597,
            "rank":11.0,
            "area_info":"25평(85.54), 33평(110.26), 33평(110.04), 33평(111.95), 33평(111.52), 33평(112.31), 34평(112.81), 34평(113.11), 43평(144.25), 46평(152.75)",
            "last_sales":"2021-11-06,152000.0,25평(85.54)"
        },
        {
            "index":421,
            "아파트명":"신공덕삼성래미안1차",
            "투자타입":"일반",
            "전용면적(m2)":"81.91",
            "전용면적(평)":"24평",
            "법정동주소":"서울시 마포구 신공덕동 155",
            "도로명주소":"서울시 마포구 백범로37길 12",
            "세대수":80,
            "입주년차":20,
            "용적률점수":"--",
            "건폐율점수":"--",
            "세대당주차수":30,
            "난방방식":80,
            "공급면적":"--",
            "전용률":"--",
            "욕실수":50,
            "현관타입":100,
            "주거총점":59.5,
            "지역구공급총점":100.0,
            "역세권":80,
            "30분내 이동가능 거점":100,
            "1시간내 이동가능 거점":100,
            "교통총점":90.0,
            "백화점":100,
            "아울렛몰":80,
            "대형마트":80,
            "은행":100,
            "병원":80,
            "종합병원":100,
            "공원":100,
            "혐오시설":0,
            "인프라총점":91.0,
            "초등학군":91.15,
            "중학군":44.6,
            "학군총점":53.91,
            "인구수":42.81,
            "인구증감":-2.72,
            "인구총점":29.151,
            "일자리":33.9,
            "소득수준":62.46,
            "일자리총점":42.468,
            "가치 총점":78.7865,
            "매매실거래년":20211021.0,
            "매매실거래가":171500.0,
            "전세실거래년":20211223.0,
            "전세실거래가":50400.0,
            "전세가율":40.32,
            "장기전세가율평균":63.7,
            "전세가율거품지수":23.38,
            "검색코드":2992,
            "세대수":834.0,
            "준공년월":"2000-08-14",
            "준공년차":23.0,
            "가까운역이름":"공덕",
            "가까운역거리":394.92,
            "역세권여부":"역세권",
            "30분이내주요거점역":5,
            "1시간이내주요거점역":18,
            "3km이내백화점수":2,
            "5km이내아울렛몰수":1,
            "1km이내대형먀트수":1,
            "500m이내은행수":6,
            "500m이내병원수":52,
            "5km이내대형병원수":11,
            "500m이내공원수":2,
            "3km이내혐오시설수":0,
            "초등학교학업성취도":91.15,
            "중학교학업성취도":73.0,
            "용적률":287,
            "건폐율":19,
            "Y":37.543599,
            "X":126.95604,
            "rank":12.0,
            "area_info":"24평(81.91), 33평(109.25), 43평(142.24)",
            "last_sales":"2021-10-21,171500.0,43평(142.24)"
        },
        {
            "index":53,
            "아파트명":"롯데캐슬프레지던트",
            "투자타입":"일반",
            "전용면적(m2)":"256.55",
            "전용면적(평)":"77평",
            "법정동주소":"서울시 마포구 공덕동 467",
            "도로명주소":"서울시 마포구 마포대로 109",
            "세대수":0,
            "입주년차":60,
            "용적률점수":"--",
            "건폐율점수":"--",
            "세대당주차수":100,
            "난방방식":30,
            "공급면적":"--",
            "전용률":"--",
            "욕실수":100,
            "현관타입":100,
            "주거총점":50.0,
            "지역구공급총점":100.0,
            "역세권":80,
            "30분내 이동가능 거점":100,
            "1시간내 이동가능 거점":100,
            "교통총점":90.0,
            "백화점":100,
            "아울렛몰":80,
            "대형마트":80,
            "은행":100,
            "병원":100,
            "종합병원":100,
            "공원":100,
            "혐오시설":0,
            "인프라총점":93.0,
            "초등학군":91.15,
            "중학군":50.94,
            "학군총점":58.982,
            "인구수":42.81,
            "인구증감":-2.72,
            "인구총점":29.151,
            "일자리":33.9,
            "소득수준":62.46,
            "일자리총점":42.468,
            "가치 총점":78.2473,
            "매매실거래년":20211102.0,
            "매매실거래가":470000.0,
            "전세실거래년":null,
            "전세실거래가":null,
            "전세가율":null,
            "장기전세가율평균":63.7,
            "전세가율거품지수":null,
            "검색코드":23117,
            "세대수":114.0,
            "준공년월":"2009-02-20",
            "준공년차":14.0,
            "가까운역이름":"공덕",
            "가까운역거리":153.71,
            "역세권여부":"역세권",
            "30분이내주요거점역":6,
            "1시간이내주요거점역":19,
            "3km이내백화점수":2,
            "5km이내아울렛몰수":1,
            "1km이내대형먀트수":1,
            "500m이내은행수":7,
            "500m이내병원수":103,
            "5km이내대형병원수":11,
            "500m이내공원수":3,
            "3km이내혐오시설수":0,
            "초등학교학업성취도":91.15,
            "중학교학업성취도":82.9,
            "용적률":0,
            "건폐율":40,
            "Y":37.545072,
            "X":126.950464,
            "rank":13.0,
            "area_info":"77평(256.55), 77평(257.14), 93평(307.5), 100평(330.85), 100평(330.94)",
            "last_sales":"2021-11-02,470000.0,100평(330.85)"
        },
        {
            "index":397,
            "아파트명":"마포KCC웰츠타워",
            "투자타입":"일반",
            "전용면적(m2)":"133.96",
            "전용면적(평)":"40평",
            "법정동주소":"서울시 마포구 신공덕동 171",
            "도로명주소":"서울시 마포구 백범로 202",
            "세대수":0,
            "입주년차":60,
            "용적률점수":"--",
            "건폐율점수":"--",
            "세대당주차수":100,
            "난방방식":30,
            "공급면적":"--",
            "전용률":"--",
            "욕실수":100,
            "현관타입":100,
            "주거총점":50.0,
            "지역구공급총점":100.0,
            "역세권":80,
            "30분내 이동가능 거점":100,
            "1시간내 이동가능 거점":100,
            "교통총점":90.0,
            "백화점":100,
            "아울렛몰":80,
            "대형마트":80,
            "은행":100,
            "병원":100,
            "종합병원":100,
            "공원":100,
            "혐오시설":0,
            "인프라총점":93.0,
            "초등학군":91.15,
            "중학군":50.94,
            "학군총점":58.982,
            "인구수":42.81,
            "인구증감":-2.72,
            "인구총점":29.151,
            "일자리":33.9,
            "소득수준":62.46,
            "일자리총점":42.468,
            "가치 총점":78.2473,
            "매매실거래년":20210515.0,
            "매매실거래가":155000.0,
            "전세실거래년":20140303.0,
            "전세실거래가":57000.0,
            "전세가율":37.01,
            "장기전세가율평균":63.7,
            "전세가율거품지수":26.69,
            "검색코드":100682,
            "세대수":122.0,
            "준공년월":"2011-05-26",
            "준공년차":12.0,
            "가까운역이름":"공덕",
            "가까운역거리":137.18,
            "역세권여부":"역세권",
            "30분이내주요거점역":7,
            "1시간이내주요거점역":19,
            "3km이내백화점수":2,
            "5km이내아울렛몰수":1,
            "1km이내대형먀트수":1,
            "500m이내은행수":5,
            "500m이내병원수":97,
            "5km이내대형병원수":11,
            "500m이내공원수":2,
            "3km이내혐오시설수":0,
            "초등학교학업성취도":91.15,
            "중학교학업성취도":82.9,
            "용적률":805,
            "건폐율":55,
            "Y":37.542972,
            "X":126.952417,
            "rank":13.0,
            "area_info":"40평(133.96), 40평(135.41), 45평(149.56), 45평(149.14)",
            "last_sales":"2021-05-15,155000.0,40평(135.41)"
        },
        {
            "index":100,
            "아파트명":"마포자이2차",
            "투자타입":"일반",
            "전용면적(m2)":"110.16",
            "전용면적(평)":"33평",
            "법정동주소":"서울시 마포구 대흥동 804",
            "도로명주소":"서울시 마포구 서강대길 40",
            "세대수":50,
            "입주년차":80,
            "용적률점수":"--",
            "건폐율점수":"--",
            "세대당주차수":60,
            "난방방식":30,
            "공급면적":"--",
            "전용률":"--",
            "욕실수":100,
            "현관타입":100,
            "주거총점":65.5,
            "지역구공급총점":100.0,
            "역세권":80,
            "30분내 이동가능 거점":100,
            "1시간내 이동가능 거점":100,
            "교통총점":90.0,
            "백화점":100,
            "아울렛몰":80,
            "대형마트":80,
            "은행":20,
            "병원":60,
            "종합병원":100,
            "공원":100,
            "혐오시설":0,
            "인프라총점":81.0,
            "초등학군":97.14,
            "중학군":51.64,
            "학군총점":60.74,
            "인구수":42.81,
            "인구증감":-2.72,
            "인구총점":29.151,
            "일자리":33.9,
            "소득수준":62.46,
            "일자리총점":42.468,
            "가치 총점":78.011,
            "매매실거래년":20210918.0,
            "매매실거래가":183000.0,
            "전세실거래년":20211114.0,
            "전세실거래가":120000.0,
            "전세가율":68.38,
            "장기전세가율평균":63.7,
            "전세가율거품지수":-4.68,
            "검색코드":103674,
            "세대수":558.0,
            "준공년월":"2014-03-06",
            "준공년차":9.0,
            "가까운역이름":"대흥",
            "가까운역거리":159.56,
            "역세권여부":"역세권",
            "30분이내주요거점역":6,
            "1시간이내주요거점역":17,
            "3km이내백화점수":2,
            "5km이내아울렛몰수":1,
            "1km이내대형먀트수":1,
            "500m이내은행수":2,
            "500m이내병원수":16,
            "5km이내대형병원수":10,
            "500m이내공원수":2,
            "3km이내혐오시설수":0,
            "초등학교학업성취도":97.14,
            "중학교학업성취도":84.6,
            "용적률":247,
            "건폐율":16,
            "Y":37.549204,
            "X":126.941975,
            "rank":14.0,
            "area_info":"33평(110.16), 33평(110.82), 43평(144.13), 44평(145.63)",
            "last_sales":"2021-09-18,183000.0,33평(110.82)"
        },
        {
            "index":328,
            "아파트명":"메세나폴리스",
            "투자타입":"일반",
            "전용면적(m2)":"163.2",
            "전용면적(평)":"49평",
            "법정동주소":"서울시 마포구 서교동 490",
            "도로명주소":"서울시 마포구 양화로 45",
            "세대수":50,
            "입주년차":60,
            "용적률점수":"--",
            "건폐율점수":"--",
            "세대당주차수":100,
            "난방방식":30,
            "공급면적":"--",
            "전용률":"--",
            "욕실수":100,
            "현관타입":100,
            "주거총점":67.5,
            "지역구공급총점":100.0,
            "역세권":80,
            "30분내 이동가능 거점":100,
            "1시간내 이동가능 거점":100,
            "교통총점":90.0,
            "백화점":100,
            "아울렛몰":0,
            "대형마트":80,
            "은행":100,
            "병원":80,
            "종합병원":100,
            "공원":100,
            "혐오시설":0,
            "인프라총점":83.0,
            "초등학군":84.33,
            "중학군":45.94,
            "학군총점":53.618,
            "인구수":42.81,
            "인구증감":-2.72,
            "인구총점":29.151,
            "일자리":33.9,
            "소득수준":62.46,
            "일자리총점":42.468,
            "가치 총점":77.9427,
            "매매실거래년":20211007.0,
            "매매실거래가":200000.0,
            "전세실거래년":20210912.0,
            "전세실거래가":130000.0,
            "전세가율":70.27,
            "장기전세가율평균":63.7,
            "전세가율거품지수":-6.57,
            "검색코드":103831,
            "세대수":617.0,
            "준공년월":"2012-07-19",
            "준공년차":11.0,
            "가까운역이름":"합정",
            "가까운역거리":188.25,
            "역세권여부":"역세권",
            "30분이내주요거점역":9,
            "1시간이내주요거점역":17,
            "3km이내백화점수":1,
            "5km이내아울렛몰수":0,
            "1km이내대형먀트수":1,
            "500m이내은행수":11,
            "500m이내병원수":42,
            "5km이내대형병원수":8,
            "500m이내공원수":4,
            "3km이내혐오시설수":0,
            "초등학교학업성취도":84.33,
            "중학교학업성취도":75.9,
            "용적률":593,
            "건폐율":58,
            "Y":37.551156,
            "X":126.913732,
            "rank":15.0,
            "area_info":"49평(163.2), 57평(190.2), 59평(198.2), 89평(294.71), 97평(322.11)",
            "last_sales":"2021-10-07,200000.0,57평(190.2)"
        },
        {
            "index":686,
            "아파트명":"태영",
            "투자타입":"일반",
            "전용면적(m2)":"105.93",
            "전용면적(평)":"32평",
            "법정동주소":"서울시 마포구 창전동 439",
            "도로명주소":"서울시 마포구 서강로9길 45",
            "세대수":50,
            "입주년차":20,
            "용적률점수":"--",
            "건폐율점수":"--",
            "세대당주차수":30,
            "난방방식":30,
            "공급면적":"--",
            "전용률":"--",
            "욕실수":100,
            "현관타입":100,
            "주거총점":49.0,
            "지역구공급총점":100.0,
            "역세권":80,
            "30분내 이동가능 거점":100,
            "1시간내 이동가능 거점":100,
            "교통총점":90.0,
            "백화점":100,
            "아울렛몰":80,
            "대형마트":100,
            "은행":100,
            "병원":80,
            "종합병원":100,
            "공원":100,
            "혐오시설":0,
            "인프라총점":94.0,
            "초등학군":86.41,
            "중학군":47.06,
            "학군총점":54.93,
            "인구수":42.81,
            "인구증감":-2.72,
            "인구총점":29.151,
            "일자리":33.9,
            "소득수준":62.46,
            "일자리총점":42.468,
            "가치 총점":77.7395,
            "매매실거래년":20210813.0,
            "매매실거래가":127000.0,
            "전세실거래년":20211119.0,
            "전세실거래가":54600.0,
            "전세가율":42.99,
            "장기전세가율평균":63.7,
            "전세가율거품지수":20.71,
            "검색코드":3441,
            "세대수":553.0,
            "준공년월":"2003-11-28",
            "준공년차":20.0,
            "가까운역이름":"서강대",
            "가까운역거리":470.65,
            "역세권여부":"역세권",
            "30분이내주요거점역":6,
            "1시간이내주요거점역":14,
            "3km이내백화점수":1,
            "5km이내아울렛몰수":1,
            "1km이내대형먀트수":2,
            "500m이내은행수":5,
            "500m이내병원수":44,
            "5km이내대형병원수":10,
            "500m이내공원수":5,
            "3km이내혐오시설수":0,
            "초등학교학업성취도":86.41,
            "중학교학업성취도":76.9,
            "용적률":281,
            "건폐율":18,
            "Y":37.553545,
            "X":126.930802,
            "rank":16.0,
            "area_info":"32평(105.93)",
            "last_sales":"2021-08-13,127000.0,32평(105.93)"
        },
        {
            "index":391,
            "아파트명":"대우월드마크마포",
            "투자타입":"일반",
            "전용면적(m2)":"119.21",
            "전용면적(평)":"36평",
            "법정동주소":"서울시 마포구 신공덕동 173",
            "도로명주소":"서울시 마포구 백범로 212",
            "세대수":0,
            "입주년차":60,
            "용적률점수":"--",
            "건폐율점수":"--",
            "세대당주차수":100,
            "난방방식":30,
            "공급면적":"--",
            "전용률":"--",
            "욕실수":100,
            "현관타입":100,
            "주거총점":50.0,
            "지역구공급총점":100.0,
            "역세권":80,
            "30분내 이동가능 거점":100,
            "1시간내 이동가능 거점":100,
            "교통총점":90.0,
            "백화점":100,
            "아울렛몰":80,
            "대형마트":80,
            "은행":70,
            "병원":100,
            "종합병원":100,
            "공원":100,
            "혐오시설":0,
            "인프라총점":90.0,
            "초등학군":91.15,
            "중학군":50.94,
            "학군총점":58.982,
            "인구수":42.81,
            "인구증감":-2.72,
            "인구총점":29.151,
            "일자리":33.9,
            "소득수준":62.46,
            "일자리총점":42.468,
            "가치 총점":77.3473,
            "매매실거래년":20210731.0,
            "매매실거래가":145000.0,
            "전세실거래년":20210904.0,
            "전세실거래가":73500.0,
            "전세가율":50.69,
            "장기전세가율평균":63.7,
            "전세가율거품지수":13.01,
            "검색코드":27817,
            "세대수":132.0,
            "준공년월":"2011-12-30",
            "준공년차":12.0,
            "가까운역이름":"공덕",
            "가까운역거리":240.01,
            "역세권여부":"역세권",
            "30분이내주요거점역":6,
            "1시간이내주요거점역":19,
            "3km이내백화점수":2,
            "5km이내아울렛몰수":1,
            "1km이내대형먀트수":1,
            "500m이내은행수":3,
            "500m이내병원수":83,
            "5km이내대형병원수":11,
            "500m이내공원수":2,
            "3km이내혐오시설수":0,
            "초등학교학업성취도":91.15,
            "중학교학업성취도":82.9,
            "용적률":448,
            "건폐율":55,
            "Y":37.542495,
            "X":126.953521,
            "rank":17.0,
            "area_info":"36평(119.21), 42평(139.83), 45평(149.74), 50평(168.15), 51평(170.86), 95평(316.32)",
            "last_sales":"2021-07-31,145000.0,36평(119.21)"
        },
        {
            "index":383,
            "아파트명":"공덕아이파크",
            "투자타입":"일반",
            "전용면적(m2)":"81.83",
            "전용면적(평)":"24평",
            "법정동주소":"서울시 마포구 신공덕동 174",
            "도로명주소":"서울시 마포구 만리재로 36",
            "세대수":0,
            "입주년차":60,
            "용적률점수":"--",
            "건폐율점수":"--",
            "세대당주차수":60,
            "난방방식":30,
            "공급면적":"--",
            "전용률":"--",
            "욕실수":100,
            "현관타입":100,
            "주거총점":44.0,
            "지역구공급총점":100.0,
            "역세권":80,
            "30분내 이동가능 거점":100,
            "1시간내 이동가능 거점":100,
            "교통총점":90.0,
            "백화점":100,
            "아울렛몰":80,
            "대형마트":80,
            "은행":100,
            "병원":80,
            "종합병원":100,
            "공원":100,
            "혐오시설":0,
            "인프라총점":91.0,
            "초등학군":91.15,
            "중학군":55.98,
            "학군총점":63.014,
            "인구수":42.81,
            "인구증감":-2.72,
            "인구총점":29.151,
            "일자리":33.9,
            "소득수준":62.46,
            "일자리총점":42.468,
            "가치 총점":77.0521,
            "매매실거래년":20211223.0,
            "매매실거래가":196500.0,
            "전세실거래년":20211211.0,
            "전세실거래가":80000.0,
            "전세가율":54.24,
            "장기전세가율평균":63.7,
            "전세가율거품지수":9.46,
            "검색코드":103489,
            "세대수":195.0,
            "준공년월":"2013-03-26",
            "준공년차":10.0,
            "가까운역이름":"공덕",
            "가까운역거리":414.75,
            "역세권여부":"역세권",
            "30분이내주요거점역":5,
            "1시간이내주요거점역":17,
            "3km이내백화점수":2,
            "5km이내아울렛몰수":1,
            "1km이내대형먀트수":1,
            "500m이내은행수":6,
            "500m이내병원수":51,
            "5km이내대형병원수":11,
            "500m이내공원수":4,
            "3km이내혐오시설수":0,
            "초등학교학업성취도":91.15,
            "중학교학업성취도":90.9,
            "용적률":240,
            "건폐율":20,
            "Y":37.544835,
            "X":126.956182,
            "rank":18.0,
            "area_info":"24평(81.83), 24평(82.44), 33평(109.28), 33평(109.2), 33평(110.14), 33평(110.2), 33평(110.22), 43평(142.58)",
            "last_sales":"2021-12-23,196500.0,43평(142.58)"
        },
        {
            "index":457,
            "아파트명":"신촌삼익",
            "투자타입":"일반",
            "전용면적(m2)":"79.09",
            "전용면적(평)":"23평",
            "법정동주소":"서울시 마포구 신수동 450",
            "도로명주소":"서울시 마포구 신수로 107",
            "세대수":30,
            "입주년차":0,
            "용적률점수":"--",
            "건폐율점수":"--",
            "세대당주차수":0,
            "난방방식":30,
            "공급면적":"--",
            "전용률":"--",
            "욕실수":50,
            "현관타입":100,
            "주거총점":28.5,
            "지역구공급총점":100.0,
            "역세권":100,
            "30분내 이동가능 거점":100,
            "1시간내 이동가능 거점":100,
            "교통총점":100.0,
            "백화점":100,
            "아울렛몰":80,
            "대형마트":100,
            "은행":70,
            "병원":80,
            "종합병원":100,
            "공원":100,
            "혐오시설":0,
            "인프라총점":91.0,
            "초등학군":100.0,
            "중학군":49.14,
            "학군총점":59.312,
            "인구수":42.81,
            "인구증감":-2.72,
            "인구총점":29.151,
            "일자리":33.9,
            "소득수준":62.46,
            "일자리총점":42.468,
            "가치 총점":76.8968,
            "매매실거래년":20211206.0,
            "매매실거래가":107000.0,
            "전세실거래년":20211218.0,
            "전세실거래가":45100.0,
            "전세가율":42.15,
            "장기전세가율평균":63.7,
            "전세가율거품지수":21.55,
            "검색코드":415,
            "세대수":391.0,
            "준공년월":"1997-04-08",
            "준공년차":26.0,
            "가까운역이름":"서강대",
            "가까운역거리":67.31,
            "역세권여부":"초역세권",
            "30분이내주요거점역":7,
            "1시간이내주요거점역":17,
            "3km이내백화점수":2,
            "5km이내아울렛몰수":1,
            "1km이내대형먀트수":2,
            "500m이내은행수":4,
            "500m이내병원수":55,
            "5km이내대형병원수":11,
            "500m이내공원수":4,
            "3km이내혐오시설수":0,
            "초등학교학업성취도":100.0,
            "중학교학업성취도":81.5,
            "용적률":354,
            "건폐율":19,
            "Y":37.551291,
            "X":126.93554,
            "rank":19.0,
            "area_info":"23평(79.09), 23평(79.25), 33평(112.13), 45평(151.32)",
            "last_sales":"2021-12-06,107000.0,23평(79.09)"
        },
        {
            "index":18,
            "아파트명":"공덕파크자이",
            "투자타입":"일반",
            "전용면적(m2)":"37.57",
            "전용면적(평)":"11평",
            "법정동주소":"서울시 마포구 공덕동 476",
            "도로명주소":"서울시 마포구 백범로 152",
            "세대수":0,
            "입주년차":80,
            "용적률점수":"--",
            "건폐율점수":"--",
            "세대당주차수":60,
            "난방방식":30,
            "공급면적":"--",
            "전용률":"--",
            "욕실수":50,
            "현관타입":100,
            "주거총점":43.0,
            "지역구공급총점":100.0,
            "역세권":80,
            "30분내 이동가능 거점":100,
            "1시간내 이동가능 거점":100,
            "교통총점":90.0,
            "백화점":100,
            "아울렛몰":80,
            "대형마트":80,
            "은행":100,
            "병원":100,
            "종합병원":100,
            "공원":100,
            "혐오시설":0,
            "인프라총점":93.0,
            "초등학군":91.27,
            "중학군":50.94,
            "학군총점":59.006,
            "인구수":42.81,
            "인구증감":-2.72,
            "인구총점":29.151,
            "일자리":33.9,
            "소득수준":62.46,
            "일자리총점":42.468,
            "가치 총점":76.8509,
            "매매실거래년":20211113.0,
            "매매실거래가":223000.0,
            "전세실거래년":20211203.0,
            "전세실거래가":50000.0,
            "전세가율":90.09,
            "장기전세가율평균":63.7,
            "전세가율거품지수":-26.39,
            "검색코드":107068,
            "세대수":288.0,
            "준공년월":"2015-08-28",
            "준공년차":8.0,
            "가까운역이름":"공덕",
            "가까운역거리":403.44,
            "역세권여부":"역세권",
            "30분이내주요거점역":5,
            "1시간이내주요거점역":18,
            "3km이내백화점수":2,
            "5km이내아울렛몰수":1,
            "1km이내대형먀트수":1,
            "500m이내은행수":9,
            "500m이내병원수":75,
            "5km이내대형병원수":11,
            "500m이내공원수":3,
            "3km이내혐오시설수":0,
            "초등학교학업성취도":91.27,
            "중학교학업성취도":82.9,
            "용적률":453,
            "건폐율":52,
            "Y":37.545161,
            "X":126.947249,
            "rank":20.0,
            "area_info":"11평(37.57), 22평(72.97), 33평(112.26), 34평(113.08), 34평(113.89), 34평(113.81), 34평(113.87), 34평(114.08), 34평(114.08), 34평(114.31), 48평(159.22), 49평(162.4), 50평(168.41), 60평(199.75)",
            "last_sales":"2021-11-13,223000.0,49평(162.4)"
        },
        {
            "index":61,
            "아파트명":"마포현대",
            "투자타입":"재건축",
            "전용면적(m2)":"72.02",
            "전용면적(평)":"21평",
            "법정동주소":"서울시 마포구 공덕동 188-108",
            "도로명주소":"서울시 마포구 마포대로11길 84",
            "세대수":50,
            "입주년차":"--",
            "용적률점수":80,
            "건폐율점수":100,
            "세대당주차수":"--",
            "난방방식":"--",
            "공급면적":50,
            "전용률":60,
            "욕실수":"--",
            "현관타입":"--",
            "주거총점":72.5,
            "지역구공급총점":100.0,
            "역세권":50,
            "30분내 이동가능 거점":100,
            "1시간내 이동가능 거점":100,
            "교통총점":75.0,
            "백화점":100,
            "아울렛몰":80,
            "대형마트":80,
            "은행":100,
            "병원":60,
            "종합병원":100,
            "공원":100,
            "혐오시설":0,
            "인프라총점":89.0,
            "초등학군":88.53,
            "중학군":55.98,
            "학군총점":62.49,
            "인구수":42.81,
            "인구증감":-2.72,
            "인구총점":29.151,
            "일자리":33.9,
            "소득수준":62.46,
            "일자리총점":42.468,
            "가치 총점":76.8235,
            "매매실거래년":20210930.0,
            "매매실거래가":134500.0,
            "전세실거래년":20211207.0,
            "전세실거래가":32000.0,
            "전세가율":30.62,
            "장기전세가율평균":63.7,
            "전세가율거품지수":33.08,
            "검색코드":3290,
            "세대수":480.0,
            "준공년월":"1988-05-09",
            "준공년차":35.0,
            "가까운역이름":"공덕",
            "가까운역거리":680.42,
            "역세권여부":"준역세권",
            "30분이내주요거점역":5,
            "1시간이내주요거점역":17,
            "3km이내백화점수":2,
            "5km이내아울렛몰수":1,
            "1km이내대형먀트수":1,
            "500m이내은행수":6,
            "500m이내병원수":27,
            "5km이내대형병원수":10,
            "500m이내공원수":6,
            "3km이내혐오시설수":0,
            "초등학교학업성취도":88.53,
            "중학교학업성취도":90.9,
            "용적률":196,
            "건폐율":17,
            "Y":37.549987,
            "X":126.949893,
            "rank":21.0,
            "area_info":"21평(72.02), 21평(72.34), 23평(78.84), 23평(78.88), 26평(88.12), 30평(102.21), 31평(103.21)",
            "last_sales":"2021-09-30,134500.0,31평(103.21)"
        },
        {
            "index":427,
            "아파트명":"신공덕삼성래미안3차",
            "투자타입":"일반",
            "전용면적(m2)":"79.46",
            "전용면적(평)":"24평",
            "법정동주소":"서울시 마포구 신공덕동 161",
            "도로명주소":"서울시 마포구 만리재로 60",
            "세대수":30,
            "입주년차":20,
            "용적률점수":"--",
            "건폐율점수":"--",
            "세대당주차수":30,
            "난방방식":30,
            "공급면적":"--",
            "전용률":"--",
            "욕실수":100,
            "현관타입":100,
            "주거총점":42.0,
            "지역구공급총점":100.0,
            "역세권":80,
            "30분내 이동가능 거점":100,
            "1시간내 이동가능 거점":100,
            "교통총점":90.0,
            "백화점":100,
            "아울렛몰":80,
            "대형마트":80,
            "은행":100,
            "병원":80,
            "종합병원":100,
            "공원":100,
            "혐오시설":0,
            "인프라총점":91.0,
            "초등학군":91.15,
            "중학군":55.98,
            "학군총점":63.014,
            "인구수":42.81,
            "인구증감":-2.72,
            "인구총점":29.151,
            "일자리":33.9,
            "소득수준":62.46,
            "일자리총점":42.468,
            "가치 총점":76.6521,
            "매매실거래년":20211210.0,
            "매매실거래가":128500.0,
            "전세실거래년":20220104.0,
            "전세실거래가":50400.0,
            "전세가율":39.22,
            "장기전세가율평균":63.7,
            "전세가율거품지수":24.48,
            "검색코드":2994,
            "세대수":366.0,
            "준공년월":"2003-05-20",
            "준공년차":20.0,
            "가까운역이름":"공덕",
            "가까운역거리":462.15,
            "역세권여부":"역세권",
            "30분이내주요거점역":5,
            "1시간이내주요거점역":17,
            "3km이내백화점수":2,
            "5km이내아울렛몰수":1,
            "1km이내대형먀트수":1,
            "500m이내은행수":7,
            "500m이내병원수":51,
            "5km이내대형병원수":12,
            "500m이내공원수":4,
            "3km이내혐오시설수":0,
            "초등학교학업성취도":91.15,
            "중학교학업성취도":90.9,
            "용적률":255,
            "건폐율":15,
            "Y":37.54545,
            "X":126.956513,
            "rank":22.0,
            "area_info":"24평(79.46), 32평(106.5), 42평(139.17)",
            "last_sales":"2021-12-10,128500.0,24평(79.46)"
        },
        {
            "index":679,
            "아파트명":"창전삼성(창전래미안)",
            "투자타입":"일반",
            "전용면적(m2)":"79.96",
            "전용면적(평)":"24평",
            "법정동주소":"서울시 마포구 창전동 437",
            "도로명주소":"서울시 마포구 서강로 95",
            "세대수":90,
            "입주년차":0,
            "용적률점수":"--",
            "건폐율점수":"--",
            "세대당주차수":0,
            "난방방식":30,
            "공급면적":"--",
            "전용률":"--",
            "욕실수":50,
            "현관타입":100,
            "주거총점":49.5,
            "지역구공급총점":100.0,
            "역세권":80,
            "30분내 이동가능 거점":100,
            "1시간내 이동가능 거점":100,
            "교통총점":90.0,
            "백화점":100,
            "아울렛몰":80,
            "대형마트":100,
            "은행":70,
            "병원":60,
            "종합병원":100,
            "공원":100,
            "혐오시설":0,
            "인프라총점":89.0,
            "초등학군":86.34,
            "중학군":49.14,
            "학군총점":56.58,
            "인구수":42.81,
            "인구증감":-2.72,
            "인구총점":29.151,
            "일자리":33.9,
            "소득수준":62.46,
            "일자리총점":42.468,
            "가치 총점":76.587,
            "매매실거래년":20210825.0,
            "매매실거래가":110000.0,
            "전세실거래년":20211204.0,
            "전세실거래가":44000.0,
            "전세가율":39.64,
            "장기전세가율평균":63.7,
            "전세가율거품지수":24.06,
            "검색코드":846,
            "세대수":951.0,
            "준공년월":"1998-06-24",
            "준공년차":25.0,
            "가까운역이름":"서강대",
            "가까운역거리":443.24,
            "역세권여부":"역세권",
            "30분이내주요거점역":5,
            "1시간이내주요거점역":14,
            "3km이내백화점수":2,
            "5km이내아울렛몰수":1,
            "1km이내대형먀트수":2,
            "500m이내은행수":3,
            "500m이내병원수":15,
            "5km이내대형병원수":10,
            "500m이내공원수":4,
            "3km이내혐오시설수":0,
            "초등학교학업성취도":86.34,
            "중학교학업성취도":81.5,
            "용적률":233,
            "건폐율":27,
            "Y":37.551419,
            "X":126.930717,
            "rank":23.0,
            "area_info":"24평(79.96), 32평(108.55), 42평(141.65)",
            "last_sales":"2021-08-25,110000.0,42평(141.65)"
        },
        {
            "index":552,
            "아파트명":"마포프레스티지자이",
            "투자타입":"일반",
            "전용면적(m2)":"57.93",
            "전용면적(평)":"17평",
            "법정동주소":"서울시 마포구 염리동 507번지 일대",
            "도로명주소":"서울시 마포구 대흥로24길 24",
            "세대수":100,
            "입주년차":100,
            "용적률점수":"--",
            "건폐율점수":"--",
            "세대당주차수":30,
            "난방방식":30,
            "공급면적":"--",
            "전용률":"--",
            "욕실수":50,
            "현관타입":100,
            "주거총점":77.5,
            "지역구공급총점":100.0,
            "역세권":80,
            "30분내 이동가능 거점":100,
            "1시간내 이동가능 거점":100,
            "교통총점":90.0,
            "백화점":100,
            "아울렛몰":80,
            "대형마트":0,
            "은행":0,
            "병원":80,
            "종합병원":100,
            "공원":100,
            "혐오시설":0,
            "인프라총점":69.0,
            "초등학군":88.53,
            "중학군":51.64,
            "학군총점":59.018,
            "인구수":42.81,
            "인구증감":-2.72,
            "인구총점":29.151,
            "일자리":33.9,
            "소득수준":62.46,
            "일자리총점":42.468,
            "가치 총점":76.5527,
            "매매실거래년":20191207.0,
            "매매실거래가":201776.0,
            "전세실거래년":20211016.0,
            "전세실거래가":76000.0,
            "전세가율":null,
            "장기전세가율평균":63.7,
            "전세가율거품지수":null,
            "검색코드":121608,
            "세대수":1694.0,
            "준공년월":"2021-03-01",
            "준공년차":2.0,
            "가까운역이름":"이대",
            "가까운역거리":370.39,
            "역세권여부":"역세권",
            "30분이내주요거점역":7,
            "1시간이내주요거점역":15,
            "3km이내백화점수":1,
            "5km이내아울렛몰수":1,
            "1km이내대형먀트수":0,
            "500m이내은행수":1,
            "500m이내병원수":31,
            "5km이내대형병원수":8,
            "500m이내공원수":4,
            "3km이내혐오시설수":0,
            "초등학교학업성취도":88.53,
            "중학교학업성취도":84.6,
            "용적률":250,
            "건폐율":20,
            "Y":37.553719,
            "X":126.947802,
            "rank":24.0,
            "area_info":"17평(57.93), 18평(60.41), 24평(79.91), 24평(79.97), 24평(80.55), 24평(80.55), 24평(81.45), 24평(81.79), 33평(111.14), 34평(112.62), 33평(112.01), 33평(112.17), 34평(113.28), 45평(150.33), 45평(150.55), 46평(152.62), 46평(152.11), 46평(153.17), 46평(154.21)",
            "last_sales":"2019-12-07,201776.0,45평(150.55)"
        },
        {
            "index":44,
            "아파트명":"래미안공덕5차",
            "투자타입":"일반",
            "전용면적(m2)":"80.39",
            "전용면적(평)":"24평",
            "법정동주소":"서울시 마포구 공덕동 469",
            "도로명주소":"서울시 마포구 마포대로 173-15",
            "세대수":80,
            "입주년차":60,
            "용적률점수":"--",
            "건폐율점수":"--",
            "세대당주차수":30,
            "난방방식":30,
            "공급면적":"--",
            "전용률":"--",
            "욕실수":100,
            "현관타입":100,
            "주거총점":67.5,
            "지역구공급총점":100.0,
            "역세권":50,
            "30분내 이동가능 거점":100,
            "1시간내 이동가능 거점":100,
            "교통총점":75.0,
            "백화점":100,
            "아울렛몰":80,
            "대형마트":80,
            "은행":100,
            "병원":80,
            "종합병원":100,
            "공원":100,
            "혐오시설":0,
            "인프라총점":91.0,
            "초등학군":91.15,
            "중학군":55.98,
            "학군총점":63.014,
            "인구수":42.81,
            "인구증감":-2.72,
            "인구총점":29.151,
            "일자리":33.9,
            "소득수준":62.46,
            "일자리총점":42.468,
            "가치 총점":76.5021,
            "매매실거래년":20211128.0,
            "매매실거래가":192000.0,
            "전세실거래년":null,
            "전세실거래가":null,
            "전세가율":null,
            "장기전세가율평균":63.7,
            "전세가율거품지수":null,
            "검색코드":100627,
            "세대수":794.0,
            "준공년월":"2011-08-25",
            "준공년차":12.0,
            "가까운역이름":"애오개",
            "가까운역거리":512.5,
            "역세권여부":"준역세권",
            "30분이내주요거점역":6,
            "1시간이내주요거점역":16,
            "3km이내백화점수":3,
            "5km이내아울렛몰수":1,
            "1km이내대형먀트수":1,
            "500m이내은행수":8,
            "500m이내병원수":31,
            "5km이내대형병원수":10,
            "500m이내공원수":7,
            "3km이내혐오시설수":0,
            "초등학교학업성취도":91.15,
            "중학교학업성취도":90.9,
            "용적률":233,
            "건폐율":24,
            "Y":37.550204,
            "X":126.953085,
            "rank":25.0,
            "area_info":"24평(80.39), 24평(80.48), 24평(80.8), 24평(81.57), 34평(112.66), 34평(112.91), 33평(112.07), 34평(112.91), 45평(151.07)",
            "last_sales":"2021-11-28,192000.0,45평(151.07)"
        },
        {
            "index":354,
            "아파트명":"서교푸르지오",
            "투자타입":"일반",
            "전용면적(m2)":"115.8",
            "전용면적(평)":"35평",
            "법정동주소":"서울시 마포구 서교동 486",
            "도로명주소":"서울시 마포구 홍익로 10",
            "세대수":0,
            "입주년차":40,
            "용적률점수":"--",
            "건폐율점수":"--",
            "세대당주차수":60,
            "난방방식":30,
            "공급면적":"--",
            "전용률":"--",
            "욕실수":100,
            "현관타입":100,
            "주거총점":40.0,
            "지역구공급총점":100.0,
            "역세권":80,
            "30분내 이동가능 거점":100,
            "1시간내 이동가능 거점":100,
            "교통총점":90.0,
            "백화점":100,
            "아울렛몰":80,
            "대형마트":100,
            "은행":100,
            "병원":100,
            "종합병원":100,
            "공원":100,
            "혐오시설":0,
            "인프라총점":96.0,
            "초등학군":85.28,
            "중학군":45.94,
            "학군총점":53.808,
            "인구수":42.81,
            "인구증감":-2.72,
            "인구총점":29.151,
            "일자리":33.9,
            "소득수준":62.46,
            "일자리총점":42.468,
            "가치 총점":76.3712,
            "매매실거래년":20210528.0,
            "매매실거래가":102000.0,
            "전세실거래년":20220106.0,
            "전세실거래가":56500.0,
            "전세가율":55.39,
            "장기전세가율평균":63.7,
            "전세가율거품지수":8.31,
            "검색코드":22189,
            "세대수":136.0,
            "준공년월":"2004-11-26",
            "준공년차":19.0,
            "가까운역이름":"홍대입구",
            "가까운역거리":400.76,
            "역세권여부":"역세권",
            "30분이내주요거점역":7,
            "1시간이내주요거점역":14,
            "3km이내백화점수":1,
            "5km이내아울렛몰수":1,
            "1km이내대형먀트수":2,
            "500m이내은행수":12,
            "500m이내병원수":69,
            "5km이내대형병원수":10,
            "500m이내공원수":2,
            "3km이내혐오시설수":0,
            "초등학교학업성취도":85.28,
            "중학교학업성취도":75.9,
            "용적률":346,
            "건폐율":48,
            "Y":37.553833,
            "X":126.923733,
            "rank":26.0,
            "area_info":"35평(115.8), 35평(115.88)",
            "last_sales":"2021-05-28,102000.0,35평(115.8)"
        },
        {
            "index":682,
            "아파트명":"창전쌍용스윗닷홈",
            "투자타입":"일반",
            "전용면적(m2)":"105.79",
            "전용면적(평)":"32평",
            "법정동주소":"서울시 마포구 창전동 441",
            "도로명주소":"서울시 마포구 창전로 63",
            "세대수":0,
            "입주년차":40,
            "용적률점수":"--",
            "건폐율점수":"--",
            "세대당주차수":30,
            "난방방식":30,
            "공급면적":"--",
            "전용률":"--",
            "욕실수":100,
            "현관타입":100,
            "주거총점":35.5,
            "지역구공급총점":100.0,
            "역세권":100,
            "30분내 이동가능 거점":100,
            "1시간내 이동가능 거점":100,
            "교통총점":100.0,
            "백화점":100,
            "아울렛몰":80,
            "대형마트":100,
            "은행":20,
            "병원":60,
            "종합병원":100,
            "공원":100,
            "혐오시설":0,
            "인프라총점":84.0,
            "초등학군":86.34,
            "중학군":50.54,
            "학군총점":57.7,
            "인구수":42.81,
            "인구증감":-2.72,
            "인구총점":29.151,
            "일자리":33.9,
            "소득수준":62.46,
            "일자리총점":42.468,
            "가치 총점":75.955,
            "매매실거래년":20210726.0,
            "매매실거래가":117000.0,
            "전세실거래년":20211221.0,
            "전세실거래가":56700.0,
            "전세가율":48.46,
            "장기전세가율평균":63.7,
            "전세가율거품지수":15.24,
            "검색코드":10423,
            "세대수":100.0,
            "준공년월":"2005-09-15",
            "준공년차":18.0,
            "가까운역이름":"광흥창",
            "가까운역거리":91.55,
            "역세권여부":"초역세권",
            "30분이내주요거점역":8,
            "1시간이내주요거점역":18,
            "3km이내백화점수":2,
            "5km이내아울렛몰수":1,
            "1km이내대형먀트수":2,
            "500m이내은행수":2,
            "500m이내병원수":18,
            "5km이내대형병원수":10,
            "500m이내공원수":6,
            "3km이내혐오시설수":0,
            "초등학교학업성취도":86.34,
            "중학교학업성취도":83.1,
            "용적률":298,
            "건폐율":25,
            "Y":37.548277,
            "X":126.932071,
            "rank":27.0,
            "area_info":"32평(105.79), 32평(106.09)",
            "last_sales":"2021-07-26,117000.0,32평(105.79)"
        },
        {
            "index":664,
            "아파트명":"서강한화오벨리스크스위트",
            "투자타입":"일반",
            "전용면적(m2)":"96.37",
            "전용면적(평)":"29평",
            "법정동주소":"서울시 마포구 창전동 442",
            "도로명주소":"서울시 마포구 창전로 45",
            "세대수":0,
            "입주년차":40,
            "용적률점수":"--",
            "건폐율점수":"--",
            "세대당주차수":60,
            "난방방식":30,
            "공급면적":"--",
            "전용률":"--",
            "욕실수":100,
            "현관타입":100,
            "주거총점":40.0,
            "지역구공급총점":100.0,
            "역세권":100,
            "30분내 이동가능 거점":100,
            "1시간내 이동가능 거점":100,
            "교통총점":100.0,
            "백화점":100,
            "아울렛몰":80,
            "대형마트":80,
            "은행":20,
            "병원":60,
            "종합병원":100,
            "공원":100,
            "혐오시설":0,
            "인프라총점":81.0,
            "초등학군":86.34,
            "중학군":50.54,
            "학군총점":57.7,
            "인구수":42.81,
            "인구증감":-2.72,
            "인구총점":29.151,
            "일자리":33.9,
            "소득수준":62.46,
            "일자리총점":42.468,
            "가치 총점":75.955,
            "매매실거래년":20211217.0,
            "매매실거래가":125000.0,
            "전세실거래년":20200605.0,
            "전세실거래가":56000.0,
            "전세가율":56.57,
            "장기전세가율평균":63.7,
            "전세가율거품지수":7.13,
            "검색코드":24734,
            "세대수":192.0,
            "준공년월":"2007-04-11",
            "준공년차":16.0,
            "가까운역이름":"광흥창",
            "가까운역거리":85.32,
            "역세권여부":"초역세권",
            "30분이내주요거점역":7,
            "1시간이내주요거점역":16,
            "3km이내백화점수":2,
            "5km이내아울렛몰수":1,
            "1km이내대형먀트수":1,
            "500m이내은행수":2,
            "500m이내병원수":14,
            "5km이내대형병원수":10,
            "500m이내공원수":10,
            "3km이내혐오시설수":0,
            "초등학교학업성취도":86.34,
            "중학교학업성취도":83.1,
            "용적률":390,
            "건폐율":49,
            "Y":37.546697,
            "X":126.931851,
            "rank":27.0,
            "area_info":"29평(96.37), 30평(99.89), 30평(100.89), 33평(111.6), 39평(129.81), 46평(153.05), 50평(166.48)",
            "last_sales":"2021-12-17,125000.0,33평(111.6)"
        },
        {
            "index":6,
            "아파트명":"공덕더샵",
            "투자타입":"일반",
            "전용면적(m2)":"27.03",
            "전용면적(평)":"8평",
            "법정동주소":"서울시 마포구 공덕동 478",
            "도로명주소":"서울시 마포구 백범로 170",
            "세대수":0,
            "입주년차":80,
            "용적률점수":"--",
            "건폐율점수":"--",
            "세대당주차수":30,
            "난방방식":30,
            "공급면적":"--",
            "전용률":"--",
            "욕실수":50,
            "현관타입":100,
            "주거총점":38.5,
            "지역구공급총점":100.0,
            "역세권":80,
            "30분내 이동가능 거점":100,
            "1시간내 이동가능 거점":100,
            "교통총점":90.0,
            "백화점":100,
            "아울렛몰":80,
            "대형마트":80,
            "은행":100,
            "병원":100,
            "종합병원":100,
            "공원":100,
            "혐오시설":0,
            "인프라총점":93.0,
            "초등학군":91.27,
            "중학군":50.94,
            "학군총점":59.006,
            "인구수":42.81,
            "인구증감":-2.72,
            "인구총점":29.151,
            "일자리":33.9,
            "소득수준":62.46,
            "일자리총점":42.468,
            "가치 총점":75.9509,
            "매매실거래년":20210828.0,
            "매매실거래가":182500.0,
            "전세실거래년":20210721.0,
            "전세실거래가":33075.0,
            "전세가율":null,
            "장기전세가율평균":63.7,
            "전세가율거품지수":null,
            "검색코드":110712,
            "세대수":124.0,
            "준공년월":"2018-08-16",
            "준공년차":5.0,
            "가까운역이름":"공덕",
            "가까운역거리":226.81,
            "역세권여부":"역세권",
            "30분이내주요거점역":6,
            "1시간이내주요거점역":19,
            "3km이내백화점수":2,
            "5km이내아울렛몰수":1,
            "1km이내대형먀트수":1,
            "500m이내은행수":9,
            "500m이내병원수":115,
            "5km이내대형병원수":11,
            "500m이내공원수":2,
            "3km이내혐오시설수":0,
            "초등학교학업성취도":91.27,
            "중학교학업성취도":82.9,
            "용적률":454,
            "건폐율":56,
            "Y":37.544465,
            "X":126.949082,
            "rank":28.0,
            "area_info":"8평(27.03), 24평(80.18), 33평(112.2), 34평(113.99), 34평(113.18)",
            "last_sales":"2021-08-28,182500.0,34평(113.99)"
        },
        {
            "index":15,
            "아파트명":"공덕삼성",
            "투자타입":"일반",
            "전용면적(m2)":"85.62",
            "전용면적(평)":"25평",
            "법정동주소":"서울시 마포구 공덕동 371",
            "도로명주소":"서울시 마포구 마포대로 115-8",
            "세대수":50,
            "입주년차":20,
            "용적률점수":"--",
            "건폐율점수":"--",
            "세대당주차수":30,
            "난방방식":30,
            "공급면적":"--",
            "전용률":"--",
            "욕실수":50,
            "현관타입":10,
            "주거총점":35.0,
            "지역구공급총점":100.0,
            "역세권":80,
            "30분내 이동가능 거점":100,
            "1시간내 이동가능 거점":100,
            "교통총점":90.0,
            "백화점":100,
            "아울렛몰":80,
            "대형마트":80,
            "은행":100,
            "병원":100,
            "종합병원":100,
            "공원":100,
            "혐오시설":0,
            "인프라총점":93.0,
            "초등학군":91.15,
            "중학군":55.98,
            "학군총점":63.014,
            "인구수":42.81,
            "인구증감":-2.72,
            "인구총점":29.151,
            "일자리":33.9,
            "소득수준":62.46,
            "일자리총점":42.468,
            "가치 총점":75.8521,
            "매매실거래년":20211119.0,
            "매매실거래가":161000.0,
            "전세실거래년":20220112.0,
            "전세실거래가":58000.0,
            "전세가율":47.54,
            "장기전세가율평균":63.7,
            "전세가율거품지수":16.16,
            "검색코드":403,
            "세대수":651.0,
            "준공년월":"1999-10-16",
            "준공년차":24.0,
            "가까운역이름":"공덕",
            "가까운역거리":280.57,
            "역세권여부":"역세권",
            "30분이내주요거점역":6,
            "1시간이내주요거점역":18,
            "3km이내백화점수":1,
            "5km이내아울렛몰수":1,
            "1km이내대형먀트수":1,
            "500m이내은행수":9,
            "500m이내병원수":66,
            "5km이내대형병원수":11,
            "500m이내공원수":5,
            "3km이내혐오시설수":0,
            "초등학교학업성취도":91.15,
            "중학교학업성취도":90.9,
            "용적률":266,
            "건폐율":18,
            "Y":37.54653,
            "X":126.951292,
            "rank":29.0,
            "area_info":"25평(85.62), 34평(112.65), 43평(142.76)",
            "last_sales":"2021-11-19,161000.0,34평(112.65)"
        },
        {
            "index":447,
            "아파트명":"밤섬경남아너스빌",
            "투자타입":"일반",
            "전용면적(m2)":"105.69",
            "전용면적(평)":"31평",
            "법정동주소":"서울시 마포구 신수동 459",
            "도로명주소":"서울시 마포구 독막로28길 10",
            "세대수":30,
            "입주년차":60,
            "용적률점수":"--",
            "건폐율점수":"--",
            "세대당주차수":30,
            "난방방식":30,
            "공급면적":"--",
            "전용률":"--",
            "욕실수":100,
            "현관타입":100,
            "주거총점":50.0,
            "지역구공급총점":100.0,
            "역세권":80,
            "30분내 이동가능 거점":100,
            "1시간내 이동가능 거점":100,
            "교통총점":90.0,
            "백화점":100,
            "아울렛몰":80,
            "대형마트":80,
            "은행":70,
            "병원":60,
            "종합병원":100,
            "공원":100,
            "혐오시설":0,
            "인프라총점":86.0,
            "초등학군":83.06,
            "중학군":49.14,
            "학군총점":55.924,
            "인구수":42.81,
            "인구증감":-2.72,
            "인구총점":29.151,
            "일자리":33.9,
            "소득수준":62.46,
            "일자리총점":42.468,
            "가치 총점":75.6886,
            "매매실거래년":20210724.0,
            "매매실거래가":140000.0,
            "전세실거래년":20211215.0,
            "전세실거래가":59850.0,
            "전세가율":42.75,
            "장기전세가율평균":63.7,
            "전세가율거품지수":20.95,
            "검색코드":11709,
            "세대수":313.0,
            "준공년월":"2009-12-29",
            "준공년차":14.0,
            "가까운역이름":"광흥창",
            "가까운역거리":380.38,
            "역세권여부":"역세권",
            "30분이내주요거점역":6,
            "1시간이내주요거점역":16,
            "3km이내백화점수":2,
            "5km이내아울렛몰수":1,
            "1km이내대형먀트수":1,
            "500m이내은행수":3,
            "500m이내병원수":19,
            "5km이내대형병원수":11,
            "500m이내공원수":6,
            "3km이내혐오시설수":0,
            "초등학교학업성취도":83.06,
            "중학교학업성취도":81.5,
            "용적률":245,
            "건폐율":15,
            "Y":37.546711,
            "X":126.936204,
            "rank":30.0,
            "area_info":"31평(105.69), 32평(107.15)",
            "last_sales":"2021-07-24,140000.0,31평(105.69)"
        },
        {
            "index":94,
            "아파트명":"대흥태영(마포태영)",
            "투자타입":"일반",
            "전용면적(m2)":"83.98",
            "전용면적(평)":"25평",
            "법정동주소":"서울시 마포구 대흥동 660",
            "도로명주소":"서울시 마포구 독막로 266",
            "세대수":100,
            "입주년차":20,
            "용적률점수":"--",
            "건폐율점수":"--",
            "세대당주차수":0,
            "난방방식":100,
            "공급면적":"--",
            "전용률":"--",
            "욕실수":50,
            "현관타입":10,
            "주거총점":55.0,
            "지역구공급총점":100.0,
            "역세권":80,
            "30분내 이동가능 거점":100,
            "1시간내 이동가능 거점":100,
            "교통총점":90.0,
            "백화점":100,
            "아울렛몰":80,
            "대형마트":80,
            "은행":20,
            "병원":60,
            "종합병원":100,
            "공원":100,
            "혐오시설":0,
            "인프라총점":81.0,
            "초등학군":91.27,
            "중학군":50.94,
            "학군총점":59.006,
            "인구수":42.81,
            "인구증감":-2.72,
            "인구총점":29.151,
            "일자리":33.9,
            "소득수준":62.46,
            "일자리총점":42.468,
            "가치 총점":75.6509,
            "매매실거래년":20210925.0,
            "매매실거래가":125000.0,
            "전세실거래년":20220108.0,
            "전세실거래가":47250.0,
            "전세가율":37.8,
            "장기전세가율평균":63.7,
            "전세가율거품지수":25.9,
            "검색코드":1147,
            "세대수":1992.0,
            "준공년월":"1999-11-20",
            "준공년차":24.0,
            "가까운역이름":"대흥",
            "가까운역거리":340.65,
            "역세권여부":"역세권",
            "30분이내주요거점역":5,
            "1시간이내주요거점역":16,
            "3km이내백화점수":2,
            "5km이내아울렛몰수":1,
            "1km이내대형먀트수":1,
            "500m이내은행수":2,
            "500m이내병원수":25,
            "5km이내대형병원수":11,
            "500m이내공원수":6,
            "3km이내혐오시설수":0,
            "초등학교학업성취도":91.27,
            "중학교학업성취도":82.9,
            "용적률":344,
            "건폐율":22,
            "Y":37.544731,
            "X":126.942547,
            "rank":31.0,
            "area_info":"25평(83.98), 33평(109.39), 43평(142.97)",
            "last_sales":"2021-09-25,125000.0,25평(83.98)"
        },
        {
            "index":660,
            "아파트명":"서강쌍용예가",
            "투자타입":"일반",
            "전용면적(m2)":"83.67",
            "전용면적(평)":"25평",
            "법정동주소":"서울시 마포구 창전동 444",
            "도로명주소":"서울시 마포구 독막로 145",
            "세대수":50,
            "입주년차":40,
            "용적률점수":"--",
            "건폐율점수":"--",
            "세대당주차수":30,
            "난방방식":30,
            "공급면적":"--",
            "전용률":"--",
            "욕실수":100,
            "현관타입":100,
            "주거총점":53.0,
            "지역구공급총점":100.0,
            "역세권":80,
            "30분내 이동가능 거점":100,
            "1시간내 이동가능 거점":100,
            "교통총점":90.0,
            "백화점":100,
            "아울렛몰":80,
            "대형마트":100,
            "은행":0,
            "병원":60,
            "종합병원":100,
            "공원":100,
            "혐오시설":0,
            "인프라총점":82.0,
            "초등학군":86.34,
            "중학군":50.54,
            "학군총점":57.7,
            "인구수":42.81,
            "인구증감":-2.72,
            "인구총점":29.151,
            "일자리":33.9,
            "소득수준":62.46,
            "일자리총점":42.468,
            "가치 총점":75.355,
            "매매실거래년":20211016.0,
            "매매실거래가":137500.0,
            "전세실거래년":20211206.0,
            "전세실거래가":54600.0,
            "전세가율":39.71,
            "장기전세가율평균":63.7,
            "전세가율거품지수":23.99,
            "검색코드":17081,
            "세대수":635.0,
            "준공년월":"2007-11-01",
            "준공년차":16.0,
            "가까운역이름":"광흥창",
            "가까운역거리":240.59,
            "역세권여부":"역세권",
            "30분이내주요거점역":5,
            "1시간이내주요거점역":15,
            "3km이내백화점수":2,
            "5km이내아울렛몰수":1,
            "1km이내대형먀트수":2,
            "500m이내은행수":1,
            "500m이내병원수":15,
            "5km이내대형병원수":10,
            "500m이내공원수":7,
            "3km이내혐오시설수":0,
            "초등학교학업성취도":86.34,
            "중학교학업성취도":83.1,
            "용적률":232,
            "건폐율":25,
            "Y":37.548453,
            "X":126.929571,
            "rank":32.0,
            "area_info":"25평(83.67), 32평(107.64), 32평(108.08), 45평(149.58)",
            "last_sales":"2021-10-16,137500.0,25평(83.67)"
        },
        {
            "index":58,
            "아파트명":"마포공덕한화꿈에그린",
            "투자타입":"일반",
            "전용면적(m2)":"109.94",
            "전용면적(평)":"33평",
            "법정동주소":"서울시 마포구 공덕동 460",
            "도로명주소":"서울시 마포구 마포대로10길 22",
            "세대수":0,
            "입주년차":40,
            "용적률점수":"--",
            "건폐율점수":"--",
            "세대당주차수":30,
            "난방방식":30,
            "공급면적":"--",
            "전용률":"--",
            "욕실수":100,
            "현관타입":100,
            "주거총점":35.5,
            "지역구공급총점":100.0,
            "역세권":80,
            "30분내 이동가능 거점":100,
            "1시간내 이동가능 거점":100,
            "교통총점":90.0,
            "백화점":100,
            "아울렛몰":80,
            "대형마트":80,
            "은행":100,
            "병원":80,
            "종합병원":100,
            "공원":100,
            "혐오시설":0,
            "인프라총점":91.0,
            "초등학군":91.15,
            "중학군":55.98,
            "학군총점":63.014,
            "인구수":42.81,
            "인구증감":-2.72,
            "인구총점":29.151,
            "일자리":33.9,
            "소득수준":62.46,
            "일자리총점":42.468,
            "가치 총점":75.3521,
            "매매실거래년":20211102.0,
            "매매실거래가":148500.0,
            "전세실거래년":20211002.0,
            "전세실거래가":59850.0,
            "전세가율":40.3,
            "장기전세가율평균":63.7,
            "전세가율거품지수":23.4,
            "검색코드":10809,
            "세대수":192.0,
            "준공년월":"2004-08-30",
            "준공년차":19.0,
            "가까운역이름":"공덕",
            "가까운역거리":490.5,
            "역세권여부":"역세권",
            "30분이내주요거점역":5,
            "1시간이내주요거점역":16,
            "3km이내백화점수":2,
            "5km이내아울렛몰수":1,
            "1km이내대형먀트수":1,
            "500m이내은행수":9,
            "500m이내병원수":49,
            "5km이내대형병원수":12,
            "500m이내공원수":5,
            "3km이내혐오시설수":0,
            "초등학교학업성취도":91.15,
            "중학교학업성취도":90.9,
            "용적률":218,
            "건폐율":21,
            "Y":37.547216,
            "X":126.955424,
            "rank":33.0,
            "area_info":"33평(109.94), 33평(110.12), 42평(139.41)",
            "last_sales":"2021-11-02,148500.0,33평(109.94)"
        },
        {
            "index":500,
            "아파트명":"마포센트럴아이파크",
            "투자타입":"일반",
            "전용면적(m2)":"84.91",
            "전용면적(평)":"25평",
            "법정동주소":"서울시 마포구 아현동 802",
            "도로명주소":"서울시 마포구 마포대로 246",
            "세대수":50,
            "입주년차":80,
            "용적률점수":"--",
            "건폐율점수":"--",
            "세대당주차수":30,
            "난방방식":30,
            "공급면적":"--",
            "전용률":"--",
            "욕실수":100,
            "현관타입":100,
            "주거총점":61.0,
            "지역구공급총점":100.0,
            "역세권":80,
            "30분내 이동가능 거점":100,
            "1시간내 이동가능 거점":100,
            "교통총점":90.0,
            "백화점":100,
            "아울렛몰":100,
            "대형마트":0,
            "은행":70,
            "병원":80,
            "종합병원":100,
            "공원":100,
            "혐오시설":0,
            "인프라총점":78.0,
            "초등학군":92.13,
            "중학군":45.44,
            "학군총점":54.778,
            "인구수":42.81,
            "인구증감":-2.72,
            "인구총점":29.151,
            "일자리":33.9,
            "소득수준":62.46,
            "일자리총점":42.468,
            "가치 총점":75.3167,
            "매매실거래년":20211204.0,
            "매매실거래가":180000.0,
            "전세실거래년":20211106.0,
            "전세실거래가":63000.0,
            "전세가율":46.67,
            "장기전세가율평균":63.7,
            "전세가율거품지수":17.03,
            "검색코드":108896,
            "세대수":497.0,
            "준공년월":"2017-11-16",
            "준공년차":6.0,
            "가까운역이름":"애오개",
            "가까운역거리":247.36,
            "역세권여부":"역세권",
            "30분이내주요거점역":7,
            "1시간이내주요거점역":17,
            "3km이내백화점수":3,
            "5km이내아울렛몰수":2,
            "1km이내대형먀트수":0,
            "500m이내은행수":3,
            "500m이내병원수":30,
            "5km이내대형병원수":10,
            "500m이내공원수":3,
            "3km이내혐오시설수":0,
            "초등학교학업성취도":92.13,
            "중학교학업성취도":74.6,
            "용적률":270,
            "건폐율":18,
            "Y":37.55565,
            "X":126.95825,
            "rank":34.0,
            "area_info":"25평(84.91), 34평(114.92), 34평(114.46), 42평(139.43)",
            "last_sales":"2021-12-04,180000.0,34평(114.46)"
        },
        {
            "index":401,
            "아파트명":"메트로디오빌",
            "투자타입":"일반",
            "전용면적(m2)":"34.47",
            "전용면적(평)":"10평",
            "법정동주소":"서울시 마포구 신공덕동 167",
            "도로명주소":"서울시 마포구 백범로 199",
            "세대수":0,
            "입주년차":40,
            "용적률점수":"--",
            "건폐율점수":"--",
            "세대당주차수":60,
            "난방방식":30,
            "공급면적":"--",
            "전용률":"--",
            "욕실수":50,
            "현관타입":100,
            "주거총점":35.0,
            "지역구공급총점":100.0,
            "역세권":80,
            "30분내 이동가능 거점":100,
            "1시간내 이동가능 거점":100,
            "교통총점":90.0,
            "백화점":100,
            "아울렛몰":80,
            "대형마트":80,
            "은행":100,
            "병원":100,
            "종합병원":100,
            "공원":100,
            "혐오시설":0,
            "인프라총점":93.0,
            "초등학군":91.15,
            "중학군":50.94,
            "학군총점":58.982,
            "인구수":42.81,
            "인구증감":-2.72,
            "인구총점":29.151,
            "일자리":33.9,
            "소득수준":62.46,
            "일자리총점":42.468,
            "가치 총점":75.2473,
            "매매실거래년":20210612.0,
            "매매실거래가":92000.0,
            "전세실거래년":20211230.0,
            "전세실거래가":23000.0,
            "전세가율":69.91,
            "장기전세가율평균":63.7,
            "전세가율거품지수":-6.21,
            "검색코드":10479,
            "세대수":242.0,
            "준공년월":"2005-12-01",
            "준공년차":18.0,
            "가까운역이름":"공덕",
            "가까운역거리":136.2,
            "역세권여부":"역세권",
            "30분이내주요거점역":7,
            "1시간이내주요거점역":18,
            "3km이내백화점수":2,
            "5km이내아울렛몰수":1,
            "1km이내대형먀트수":1,
            "500m이내은행수":5,
            "500m이내병원수":93,
            "5km이내대형병원수":11,
            "500m이내공원수":2,
            "3km이내혐오시설수":0,
            "초등학교학업성취도":91.15,
            "중학교학업성취도":82.9,
            "용적률":1082,
            "건폐율":55,
            "Y":37.543455,
            "X":126.952964,
            "rank":35.0,
            "area_info":"10평(34.47), 12평(42.46), 12평(42.24), 15평(50.18), 15평(51.25), 20평(68.5), 22평(72.91), 25평(84.35), 25평(85.5), 28평(94.72), 30평(102.0), 35평(116.68)",
            "last_sales":"2021-06-12,92000.0,30평(102.0)"
        },
        {
            "index":643,
            "아파트명":"마포웨스트리버태영데시앙",
            "투자타입":"일반",
            "전용면적(m2)":"79.36",
            "전용면적(평)":"24평",
            "법정동주소":"서울시 마포구 창전동 449",
            "도로명주소":"서울시 마포구 서강로3길 32",
            "세대수":0,
            "입주년차":100,
            "용적률점수":"--",
            "건폐율점수":"--",
            "세대당주차수":30,
            "난방방식":30,
            "공급면적":"--",
            "전용률":"--",
            "욕실수":100,
            "현관타입":100,
            "주거총점":47.5,
            "지역구공급총점":100.0,
            "역세권":80,
            "30분내 이동가능 거점":100,
            "1시간내 이동가능 거점":100,
            "교통총점":90.0,
            "백화점":100,
            "아울렛몰":80,
            "대형마트":100,
            "은행":20,
            "병원":60,
            "종합병원":100,
            "공원":100,
            "혐오시설":0,
            "인프라총점":84.0,
            "초등학군":86.34,
            "중학군":50.54,
            "학군총점":57.7,
            "인구수":42.81,
            "인구증감":-2.72,
            "인구총점":29.151,
            "일자리":33.9,
            "소득수준":62.46,
            "일자리총점":42.468,
            "가치 총점":74.855,
            "매매실거래년":20180713.0,
            "매매실거래가":101110.0,
            "전세실거래년":20190429.0,
            "전세실거래가":49000.0,
            "전세가율":89.09,
            "장기전세가율평균":63.7,
            "전세가율거품지수":-25.39,
            "검색코드":115411,
            "세대수":276.0,
            "준공년월":"2019-05-24",
            "준공년차":4.0,
            "가까운역이름":"광흥창",
            "가까운역거리":330.55,
            "역세권여부":"역세권",
            "30분이내주요거점역":5,
            "1시간이내주요거점역":14,
            "3km이내백화점수":2,
            "5km이내아울렛몰수":1,
            "1km이내대형먀트수":2,
            "500m이내은행수":2,
            "500m이내병원수":14,
            "5km이내대형병원수":10,
            "500m이내공원수":4,
            "3km이내혐오시설수":0,
            "초등학교학업성취도":86.34,
            "중학교학업성취도":83.1,
            "용적률":237,
            "건폐율":19,
            "Y":37.550355,
            "X":126.931163,
            "rank":36.0,
            "area_info":"24평(79.36), 24평(79.74), 24평(80.72), 29평(99.1), 30평(99.21), 31평(103.16), 33평(111.29), 33평(111.2), 33평(111.81), 33평(111.31), 33평(111.76), 33평(111.45), 33평(111.44), 33평(112.21), 40평(134.5), 40평(134.51), 62평(205.16)",
            "last_sales":"2018-07-13,101110.0,40평(134.5)"
        },
        {
            "index":440,
            "아파트명":"대원칸타빌",
            "투자타입":"일반",
            "전용면적(m2)":"105.62",
            "전용면적(평)":"31평",
            "법정동주소":"서울시 마포구 신수동 453",
            "도로명주소":"서울시 마포구 창전로2길 10",
            "세대수":0,
            "입주년차":40,
            "용적률점수":"--",
            "건폐율점수":"--",
            "세대당주차수":60,
            "난방방식":30,
            "공급면적":"--",
            "전용률":"--",
            "욕실수":100,
            "현관타입":100,
            "주거총점":40.0,
            "지역구공급총점":100.0,
            "역세권":80,
            "30분내 이동가능 거점":100,
            "1시간내 이동가능 거점":100,
            "교통총점":90.0,
            "백화점":100,
            "아울렛몰":80,
            "대형마트":100,
            "은행":70,
            "병원":60,
            "종합병원":100,
            "공원":100,
            "혐오시설":0,
            "인프라총점":89.0,
            "초등학군":83.06,
            "중학군":50.54,
            "학군총점":57.044,
            "인구수":42.81,
            "인구증감":-2.72,
            "인구총점":29.151,
            "일자리":33.9,
            "소득수준":62.46,
            "일자리총점":42.468,
            "가치 총점":74.7566,
            "매매실거래년":20210320.0,
            "매매실거래가":150000.0,
            "전세실거래년":20211113.0,
            "전세실거래가":56700.0,
            "전세가율":47.25,
            "장기전세가율평균":63.7,
            "전세가율거품지수":16.45,
            "검색코드":5621,
            "세대수":279.0,
            "준공년월":"2004-07-30",
            "준공년차":19.0,
            "가까운역이름":"광흥창",
            "가까운역거리":167.25,
            "역세권여부":"역세권",
            "30분이내주요거점역":6,
            "1시간이내주요거점역":15,
            "3km이내백화점수":2,
            "5km이내아울렛몰수":1,
            "1km이내대형먀트수":2,
            "500m이내은행수":3,
            "500m이내병원수":20,
            "5km이내대형병원수":10,
            "500m이내공원수":7,
            "3km이내혐오시설수":0,
            "초등학교학업성취도":83.06,
            "중학교학업성취도":83.1,
            "용적률":345,
            "건폐율":23,
            "Y":37.548174,
            "X":126.93366,
            "rank":37.0,
            "area_info":"31평(105.62), 31평(105.65), 32평(107.39), 43평(144.62), 51평(170.38)",
            "last_sales":"2021-03-20,150000.0,51평(170.38)"
        },
        {
            "index":134,
            "아파트명":"마포동원베네스트",
            "투자타입":"일반",
            "전용면적(m2)":"66.54",
            "전용면적(평)":"20평",
            "법정동주소":"서울시 마포구 도화동 564",
            "도로명주소":"서울시 마포구 도화4길 41",
            "세대수":0,
            "입주년차":60,
            "용적률점수":"--",
            "건폐율점수":"--",
            "세대당주차수":0,
            "난방방식":30,
            "공급면적":"--",
            "전용률":"--",
            "욕실수":100,
            "현관타입":100,
            "주거총점":35.0,
            "지역구공급총점":100.0,
            "역세권":80,
            "30분내 이동가능 거점":100,
            "1시간내 이동가능 거점":100,
            "교통총점":90.0,
            "백화점":100,
            "아울렛몰":80,
            "대형마트":80,
            "은행":100,
            "병원":100,
            "종합병원":100,
            "공원":0,
            "혐오시설":0,
            "인프라총점":90.0,
            "초등학군":85.97,
            "중학군":54.82,
            "학군총점":61.05,
            "인구수":42.81,
            "인구증감":-2.72,
            "인구총점":29.151,
            "일자리":33.9,
            "소득수준":62.46,
            "일자리총점":42.468,
            "가치 총점":74.6575,
            "매매실거래년":20210306.0,
            "매매실거래가":112000.0,
            "전세실거래년":null,
            "전세실거래가":null,
            "전세가율":null,
            "장기전세가율평균":63.7,
            "전세가율거품지수":null,
            "검색코드":11500,
            "세대수":167.0,
            "준공년월":"2010-04-29",
            "준공년차":13.0,
            "가까운역이름":"공덕",
            "가까운역거리":409.15,
            "역세권여부":"역세권",
            "30분이내주요거점역":5,
            "1시간이내주요거점역":17,
            "3km이내백화점수":2,
            "5km이내아울렛몰수":1,
            "1km이내대형먀트수":1,
            "500m이내은행수":5,
            "500m이내병원수":88,
            "5km이내대형병원수":12,
            "500m이내공원수":0,
            "3km이내혐오시설수":0,
            "초등학교학업성취도":85.97,
            "중학교학업성취도":90.3,
            "용적률":198,
            "건폐율":19,
            "Y":37.540385,
            "X":126.952328,
            "rank":38.0,
            "area_info":"20평(66.54), 23평(76.12), 32평(107.14)",
            "last_sales":"2021-03-06,112000.0,32평(107.14)"
        },
        {
            "index":39,
            "아파트명":"래미안공덕3차",
            "투자타입":"일반",
            "전용면적(m2)":"80.1",
            "전용면적(평)":"24평",
            "법정동주소":"서울시 마포구 공덕동 457",
            "도로명주소":"서울시 마포구 마포대로7길 22",
            "세대수":50,
            "입주년차":40,
            "용적률점수":"--",
            "건폐율점수":"--",
            "세대당주차수":30,
            "난방방식":30,
            "공급면적":"--",
            "전용률":"--",
            "욕실수":100,
            "현관타입":100,
            "주거총점":53.0,
            "지역구공급총점":100.0,
            "역세권":80,
            "30분내 이동가능 거점":60,
            "1시간내 이동가능 거점":100,
            "교통총점":78.0,
            "백화점":100,
            "아울렛몰":80,
            "대형마트":80,
            "은행":100,
            "병원":80,
            "종합병원":100,
            "공원":100,
            "혐오시설":0,
            "인프라총점":91.0,
            "초등학군":91.15,
            "중학군":55.98,
            "학군총점":63.014,
            "인구수":42.81,
            "인구증감":-2.72,
            "인구총점":29.151,
            "일자리":33.9,
            "소득수준":62.46,
            "일자리총점":42.468,
            "가치 총점":74.6521,
            "매매실거래년":20211008.0,
            "매매실거래가":153000.0,
            "전세실거래년":20211222.0,
            "전세실거래가":56700.0,
            "전세가율":37.06,
            "장기전세가율평균":63.7,
            "전세가율거품지수":26.64,
            "검색코드":10133,
            "세대수":616.0,
            "준공년월":"2004-08-30",
            "준공년차":19.0,
            "가까운역이름":"공덕",
            "가까운역거리":481.31,
            "역세권여부":"역세권",
            "30분이내주요거점역":3,
            "1시간이내주요거점역":16,
            "3km이내백화점수":2,
            "5km이내아울렛몰수":1,
            "1km이내대형먀트수":1,
            "500m이내은행수":9,
            "500m이내병원수":48,
            "5km이내대형병원수":11,
            "500m이내공원수":7,
            "3km이내혐오시설수":0,
            "초등학교학업성취도":91.15,
            "중학교학업성취도":90.9,
            "용적률":228,
            "건폐율":14,
            "Y":37.548322,
            "X":126.952172,
            "rank":39.0,
            "area_info":"24평(80.1), 32평(106.18), 32평(106.61), 32평(106.04), 41평(136.41)",
            "last_sales":"2021-10-08,153000.0,24평(80.1)"
        },
        {
            "index":698,
            "아파트명":"마포한강푸르지오",
            "투자타입":"일반",
            "전용면적(m2)":"111.53",
            "전용면적(평)":"33평",
            "법정동주소":"서울시 마포구 합정동 472",
            "도로명주소":"서울시 마포구 월드컵로1길 14",
            "세대수":0,
            "입주년차":80,
            "용적률점수":"--",
            "건폐율점수":"--",
            "세대당주차수":80,
            "난방방식":30,
            "공급면적":"--",
            "전용률":"--",
            "욕실수":100,
            "현관타입":100,
            "주거총점":51.0,
            "지역구공급총점":100.0,
            "역세권":80,
            "30분내 이동가능 거점":100,
            "1시간내 이동가능 거점":100,
            "교통총점":90.0,
            "백화점":100,
            "아울렛몰":0,
            "대형마트":80,
            "은행":100,
            "병원":80,
            "종합병원":100,
            "공원":100,
            "혐오시설":0,
            "인프라총점":83.0,
            "초등학군":84.33,
            "중학군":45.94,
            "학군총점":53.618,
            "인구수":42.81,
            "인구증감":-2.72,
            "인구총점":29.151,
            "일자리":33.9,
            "소득수준":62.46,
            "일자리총점":42.468,
            "가치 총점":74.6427,
            "매매실거래년":20200206.0,
            "매매실거래가":135000.0,
            "전세실거래년":20190703.0,
            "전세실거래가":81000.0,
            "전세가율":60.0,
            "장기전세가율평균":63.7,
            "전세가율거품지수":3.7,
            "검색코드":106375,
            "세대수":198.0,
            "준공년월":"2015-03-31",
            "준공년차":8.0,
            "가까운역이름":"합정",
            "가까운역거리":148.34,
            "역세권여부":"역세권",
            "30분이내주요거점역":8,
            "1시간이내주요거점역":18,
            "3km이내백화점수":1,
            "5km이내아울렛몰수":0,
            "1km이내대형먀트수":1,
            "500m이내은행수":8,
            "500m이내병원수":42,
            "5km이내대형병원수":9,
            "500m이내공원수":4,
            "3km이내혐오시설수":0,
            "초등학교학업성취도":84.33,
            "중학교학업성취도":75.9,
            "용적률":399,
            "건폐율":56,
            "Y":37.549961,
            "X":126.912178,
            "rank":40.0,
            "area_info":"33평(111.53), 47평(156.81), 54평(179.45)",
            "last_sales":"2020-02-06,135000.0,33평(111.53)"
        },
        {
            "index":71,
            "아파트명":"신촌포스빌",
            "투자타입":"일반",
            "전용면적(m2)":"37.3",
            "전용면적(평)":"11평",
            "법정동주소":"서울시 마포구 노고산동 1-3",
            "도로명주소":"서울시 마포구 신촌로 150",
            "세대수":30,
            "입주년차":40,
            "용적률점수":"--",
            "건폐율점수":"--",
            "세대당주차수":0,
            "난방방식":30,
            "공급면적":"--",
            "전용률":"--",
            "욕실수":50,
            "현관타입":100,
            "주거총점":36.5,
            "지역구공급총점":100.0,
            "역세권":80,
            "30분내 이동가능 거점":100,
            "1시간내 이동가능 거점":100,
            "교통총점":90.0,
            "백화점":100,
            "아울렛몰":80,
            "대형마트":100,
            "은행":70,
            "병원":80,
            "종합병원":100,
            "공원":80,
            "혐오시설":0,
            "인프라총점":90.4,
            "초등학군":100.0,
            "중학군":47.06,
            "학군총점":57.648,
            "인구수":42.81,
            "인구증감":-2.72,
            "인구총점":29.151,
            "일자리":33.9,
            "소득수준":62.46,
            "일자리총점":42.468,
            "가치 총점":74.5672,
            "매매실거래년":20220111.0,
            "매매실거래가":27000.0,
            "전세실거래년":20210522.0,
            "전세실거래가":25000.0,
            "전세가율":93.98,
            "장기전세가율평균":63.7,
            "전세가율거품지수":-30.28,
            "검색코드":8764,
            "세대수":350.0,
            "준공년월":"2004-07-31",
            "준공년차":19.0,
            "가까운역이름":"이대",
            "가까운역거리":347.56,
            "역세권여부":"역세권",
            "30분이내주요거점역":7,
            "1시간이내주요거점역":14,
            "3km이내백화점수":1,
            "5km이내아울렛몰수":1,
            "1km이내대형먀트수":2,
            "500m이내은행수":3,
            "500m이내병원수":38,
            "5km이내대형병원수":8,
            "500m이내공원수":1,
            "3km이내혐오시설수":0,
            "초등학교학업성취도":100.0,
            "중학교학업성취도":76.9,
            "용적률":829,
            "건폐율":59,
            "Y":37.556279,
            "X":126.942112,
            "rank":41.0,
            "area_info":"11평(37.3), 12평(41.55), 23평(78.2)",
            "last_sales":"2022-01-11,27000.0,12평(41.55)"
        },
        {
            "index":263,
            "아파트명":"래미안밤섬리베뉴II",
            "투자타입":"일반",
            "전용면적(m2)":"85.25",
            "전용면적(평)":"25평",
            "법정동주소":"서울시 마포구 상수동 398",
            "도로명주소":"서울시 마포구 독막로20나길 21",
            "세대수":50,
            "입주년차":80,
            "용적률점수":"--",
            "건폐율점수":"--",
            "세대당주차수":30,
            "난방방식":100,
            "공급면적":"--",
            "전용률":"--",
            "욕실수":100,
            "현관타입":100,
            "주거총점":68.0,
            "지역구공급총점":100.0,
            "역세권":80,
            "30분내 이동가능 거점":100,
            "1시간내 이동가능 거점":100,
            "교통총점":90.0,
            "백화점":100,
            "아울렛몰":80,
            "대형마트":0,
            "은행":20,
            "병원":60,
            "종합병원":100,
            "공원":100,
            "혐오시설":0,
            "인프라총점":69.0,
            "초등학군":86.34,
            "중학군":50.54,
            "학군총점":57.7,
            "인구수":42.81,
            "인구증감":-2.72,
            "인구총점":29.151,
            "일자리":33.9,
            "소득수준":62.46,
            "일자리총점":42.468,
            "가치 총점":74.455,
            "매매실거래년":20210918.0,
            "매매실거래가":224000.0,
            "전세실거래년":20211007.0,
            "전세실거래가":75000.0,
            "전세가율":53.96,
            "장기전세가율평균":63.7,
            "전세가율거품지수":9.74,
            "검색코드":104792,
            "세대수":530.0,
            "준공년월":"2014-10-17",
            "준공년차":9.0,
            "가까운역이름":"상수",
            "가까운역거리":413.12,
            "역세권여부":"역세권",
            "30분이내주요거점역":5,
            "1시간이내주요거점역":16,
            "3km이내백화점수":2,
            "5km이내아울렛몰수":1,
            "1km이내대형먀트수":0,
            "500m이내은행수":2,
            "500m이내병원수":10,
            "5km이내대형병원수":10,
            "500m이내공원수":6,
            "3km이내혐오시설수":0,
            "초등학교학업성취도":86.34,
            "중학교학업성취도":83.1,
            "용적률":243,
            "건폐율":24,
            "Y":37.546658,
            "X":126.927344,
            "rank":42.0,
            "area_info":"25평(85.25), 25평(85.9), 32평(107.71), 32평(107.65), 32평(108.27), 44평(147.11), 53평(176.12), 53평(176.1)",
            "last_sales":"2021-09-18,224000.0,44평(147.11)"
        },
        {
            "index":509,
            "아파트명":"애오개아이파크(도시형)",
            "투자타입":"일반",
            "전용면적(m2)":"25.76",
            "전용면적(평)":"7평",
            "법정동주소":"서울시 마포구 아현동 780",
            "도로명주소":"서울시 마포구 굴레방로1길 25",
            "세대수":0,
            "입주년차":80,
            "용적률점수":"--",
            "건폐율점수":"--",
            "세대당주차수":0,
            "난방방식":30,
            "공급면적":"--",
            "전용률":"--",
            "욕실수":50,
            "현관타입":100,
            "주거총점":34.0,
            "지역구공급총점":100.0,
            "역세권":100,
            "30분내 이동가능 거점":100,
            "1시간내 이동가능 거점":100,
            "교통총점":100.0,
            "백화점":100,
            "아울렛몰":100,
            "대형마트":0,
            "은행":100,
            "병원":80,
            "종합병원":100,
            "공원":100,
            "혐오시설":0,
            "인프라총점":81.0,
            "초등학군":92.13,
            "중학군":45.44,
            "학군총점":54.778,
            "인구수":42.81,
            "인구증감":-2.72,
            "인구총점":29.151,
            "일자리":33.9,
            "소득수준":62.46,
            "일자리총점":42.468,
            "가치 총점":74.3167,
            "매매실거래년":20210928.0,
            "매매실거래가":56800.0,
            "전세실거래년":20210605.0,
            "전세실거래가":24000.0,
            "전세가율":null,
            "장기전세가율평균":63.7,
            "전세가율거품지수":null,
            "검색코드":111315,
            "세대수":125.0,
            "준공년월":"2016-12-27",
            "준공년차":7.0,
            "가까운역이름":"애오개",
            "가까운역거리":72.51,
            "역세권여부":"초역세권",
            "30분이내주요거점역":7,
            "1시간이내주요거점역":17,
            "3km이내백화점수":3,
            "5km이내아울렛몰수":2,
            "1km이내대형먀트수":0,
            "500m이내은행수":5,
            "500m이내병원수":42,
            "5km이내대형병원수":10,
            "500m이내공원수":5,
            "3km이내혐오시설수":0,
            "초등학교학업성취도":92.13,
            "중학교학업성취도":74.6,
            "용적률":199,
            "건폐율":58,
            "Y":37.553824,
            "X":126.956005,
            "rank":43.0,
            "area_info":"7평(25.76), 8평(26.46), 8평(29.09), 9평(30.96), 9평(31.32), 9평(33.03), 10평(33.47), 10평(34.54), 10평(34.7), 10평(34.54), 11평(36.39), 11평(39.11), 12평(40.16), 12평(42.42), 13평(42.99), 13평(43.76), 13평(45.15), 14평(47.31), 20평(67.05)",
            "last_sales":"2021-09-28,56800.0,14평(47.31)"
        },
        {
            "index":701,
            "아파트명":"마포한강푸르지오2차",
            "투자타입":"일반",
            "전용면적(m2)":"111.9",
            "전용면적(평)":"33평",
            "법정동주소":"서울시 마포구 합정동 473",
            "도로명주소":"서울시 마포구 월드컵로3길 14",
            "세대수":0,
            "입주년차":80,
            "용적률점수":"--",
            "건폐율점수":"--",
            "세대당주차수":60,
            "난방방식":30,
            "공급면적":"--",
            "전용률":"--",
            "욕실수":100,
            "현관타입":100,
            "주거총점":48.0,
            "지역구공급총점":100.0,
            "역세권":80,
            "30분내 이동가능 거점":100,
            "1시간내 이동가능 거점":100,
            "교통총점":90.0,
            "백화점":100,
            "아울렛몰":0,
            "대형마트":80,
            "은행":100,
            "병원":80,
            "종합병원":100,
            "공원":100,
            "혐오시설":0,
            "인프라총점":83.0,
            "초등학군":84.33,
            "중학군":45.94,
            "학군총점":53.618,
            "인구수":42.81,
            "인구증감":-2.72,
            "인구총점":29.151,
            "일자리":33.9,
            "소득수준":62.46,
            "일자리총점":42.468,
            "가치 총점":74.0427,
            "매매실거래년":20210917.0,
            "매매실거래가":176000.0,
            "전세실거래년":20220106.0,
            "전세실거래가":130000.0,
            "전세가율":73.86,
            "장기전세가율평균":63.7,
            "전세가율거품지수":-10.16,
            "검색코드":107548,
            "세대수":198.0,
            "준공년월":"2016-07-14",
            "준공년차":7.0,
            "가까운역이름":"합정",
            "가까운역거리":284.01,
            "역세권여부":"역세권",
            "30분이내주요거점역":7,
            "1시간이내주요거점역":18,
            "3km이내백화점수":1,
            "5km이내아울렛몰수":0,
            "1km이내대형먀트수":1,
            "500m이내은행수":6,
            "500m이내병원수":43,
            "5km이내대형병원수":9,
            "500m이내공원수":6,
            "3km이내혐오시설수":0,
            "초등학교학업성취도":84.33,
            "중학교학업성취도":75.9,
            "용적률":399,
            "건폐율":59,
            "Y":37.551099,
            "X":126.911265,
            "rank":44.0,
            "area_info":"33평(111.9), 44평(148.45)",
            "last_sales":"2021-09-17,176000.0,33평(111.9)"
        },
        {
            "index":256,
            "아파트명":"래미안밤섬리베뉴I",
            "투자타입":"일반",
            "전용면적(m2)":"84.69",
            "전용면적(평)":"25평",
            "법정동주소":"서울시 마포구 상수동 402",
            "도로명주소":"서울시 마포구 독막로20나길 22",
            "세대수":50,
            "입주년차":80,
            "용적률점수":"--",
            "건폐율점수":"--",
            "세대당주차수":60,
            "난방방식":100,
            "공급면적":"--",
            "전용률":"--",
            "욕실수":100,
            "현관타입":100,
            "주거총점":72.5,
            "지역구공급총점":100.0,
            "역세권":80,
            "30분내 이동가능 거점":100,
            "1시간내 이동가능 거점":100,
            "교통총점":90.0,
            "백화점":100,
            "아울렛몰":80,
            "대형마트":0,
            "은행":0,
            "병원":30,
            "종합병원":100,
            "공원":100,
            "혐오시설":0,
            "인프라총점":64.0,
            "초등학군":86.34,
            "중학군":50.54,
            "학군총점":57.7,
            "인구수":42.81,
            "인구증감":-2.72,
            "인구총점":29.151,
            "일자리":33.9,
            "소득수준":62.46,
            "일자리총점":42.468,
            "가치 총점":73.855,
            "매매실거래년":20210407.0,
            "매매실거래가":190000.0,
            "전세실거래년":null,
            "전세실거래가":null,
            "전세가율":null,
            "장기전세가율평균":63.7,
            "전세가율거품지수":null,
            "검색코드":104791,
            "세대수":429.0,
            "준공년월":"2014-10-17",
            "준공년차":9.0,
            "가까운역이름":"상수",
            "가까운역거리":231.14,
            "역세권여부":"역세권",
            "30분이내주요거점역":5,
            "1시간이내주요거점역":15,
            "3km이내백화점수":2,
            "5km이내아울렛몰수":1,
            "1km이내대형먀트수":0,
            "500m이내은행수":1,
            "500m이내병원수":7,
            "5km이내대형병원수":10,
            "500m이내공원수":4,
            "3km이내혐오시설수":0,
            "초등학교학업성취도":86.34,
            "중학교학업성취도":83.1,
            "용적률":242,
            "건폐율":21,
            "Y":37.547162,
            "X":126.925379,
            "rank":45.0,
            "area_info":"25평(84.69), 25평(85.79), 34평(112.93), 34평(112.48), 34평(115.64), 45평(149.86), 48평(159.1)",
            "last_sales":"2021-04-07,190000.0,48평(159.1)"
        },
        {
            "index":445,
            "아파트명":"마포경남아너스빌",
            "투자타입":"일반",
            "전용면적(m2)":"106.39",
            "전용면적(평)":"32평",
            "법정동주소":"서울시 마포구 신수동 456",
            "도로명주소":"서울시 마포구 신수로 81",
            "세대수":0,
            "입주년차":40,
            "용적률점수":"--",
            "건폐율점수":"--",
            "세대당주차수":30,
            "난방방식":30,
            "공급면적":"--",
            "전용률":"--",
            "욕실수":100,
            "현관타입":100,
            "주거총점":35.5,
            "지역구공급총점":100.0,
            "역세권":80,
            "30분내 이동가능 거점":100,
            "1시간내 이동가능 거점":100,
            "교통총점":90.0,
            "백화점":100,
            "아울렛몰":80,
            "대형마트":100,
            "은행":70,
            "병원":60,
            "종합병원":100,
            "공원":100,
            "혐오시설":0,
            "인프라총점":89.0,
            "초등학군":86.34,
            "중학군":49.14,
            "학군총점":56.58,
            "인구수":42.81,
            "인구증감":-2.72,
            "인구총점":29.151,
            "일자리":33.9,
            "소득수준":62.46,
            "일자리총점":42.468,
            "가치 총점":73.787,
            "매매실거래년":20211225.0,
            "매매실거래가":124500.0,
            "전세실거래년":20211229.0,
            "전세실거래가":55650.0,
            "전세가율":44.7,
            "장기전세가율평균":63.7,
            "전세가율거품지수":19.0,
            "검색코드":11223,
            "세대수":160.0,
            "준공년월":"2007-05-17",
            "준공년차":16.0,
            "가까운역이름":"서강대",
            "가까운역거리":265.6,
            "역세권여부":"역세권",
            "30분이내주요거점역":6,
            "1시간이내주요거점역":17,
            "3km이내백화점수":2,
            "5km이내아울렛몰수":1,
            "1km이내대형먀트수":2,
            "500m이내은행수":3,
            "500m이내병원수":22,
            "5km이내대형병원수":10,
            "500m이내공원수":5,
            "3km이내혐오시설수":0,
            "초등학교학업성취도":86.34,
            "중학교학업성취도":81.5,
            "용적률":216,
            "건폐율":25,
            "Y":37.549744,
            "X":126.934365,
            "rank":46.0,
            "area_info":"32평(106.39), 32평(106.04)",
            "last_sales":"2021-12-25,124500.0,32평(106.39)"
        },
        {
            "index":541,
            "아파트명":"마포자이3차",
            "투자타입":"일반",
            "전용면적(m2)":"82.64",
            "전용면적(평)":"24평",
            "법정동주소":"서울시 마포구 염리동 45",
            "도로명주소":"서울시 마포구 숭문길 98",
            "세대수":90,
            "입주년차":80,
            "용적률점수":"--",
            "건폐율점수":"--",
            "세대당주차수":60,
            "난방방식":30,
            "공급면적":"--",
            "전용률":"--",
            "욕실수":100,
            "현관타입":100,
            "주거총점":79.5,
            "지역구공급총점":100.0,
            "역세권":50,
            "30분내 이동가능 거점":100,
            "1시간내 이동가능 거점":100,
            "교통총점":75.0,
            "백화점":100,
            "아울렛몰":80,
            "대형마트":0,
            "은행":70,
            "병원":60,
            "종합병원":100,
            "공원":100,
            "혐오시설":0,
            "인프라총점":74.0,
            "초등학군":88.53,
            "중학군":55.98,
            "학군총점":62.49,
            "인구수":42.81,
            "인구증감":-2.72,
            "인구총점":29.151,
            "일자리":33.9,
            "소득수준":62.46,
            "일자리총점":42.468,
            "가치 총점":73.7235,
            "매매실거래년":20190830.0,
            "매매실거래가":130000.0,
            "전세실거래년":null,
            "전세실거래가":null,
            "전세가율":null,
            "장기전세가율평균":63.7,
            "전세가율거품지수":null,
            "검색코드":111249,
            "세대수":927.0,
            "준공년월":"2018-09-01",
            "준공년차":5.0,
            "가까운역이름":"이대",
            "가까운역거리":693.03,
            "역세권여부":"준역세권",
            "30분이내주요거점역":5,
            "1시간이내주요거점역":14,
            "3km이내백화점수":2,
            "5km이내아울렛몰수":1,
            "1km이내대형먀트수":0,
            "500m이내은행수":4,
            "500m이내병원수":14,
            "5km이내대형병원수":9,
            "500m이내공원수":6,
            "3km이내혐오시설수":0,
            "초등학교학업성취도":88.53,
            "중학교학업성취도":90.9,
            "용적률":244,
            "건폐율":21,
            "Y":37.55117,
            "X":126.949558,
            "rank":47.0,
            "area_info":"24평(82.64), 25평(83.51), 25평(83.3), 25평(84.28), 25평(84.25), 34평(113.9), 34평(113.69), 34평(113.53), 34평(114.53), 49평(163.03), 49평(163.28)",
            "last_sales":"2019-08-30,130000.0,34평(114.53)"
        },
        {
            "index":575,
            "아파트명":"염리삼성래미안",
            "투자타입":"일반",
            "전용면적(m2)":"81.16",
            "전용면적(평)":"24평",
            "법정동주소":"서울시 마포구 염리동 520",
            "도로명주소":"서울시 마포구 백범로25길 63",
            "세대수":50,
            "입주년차":20,
            "용적률점수":"--",
            "건폐율점수":"--",
            "세대당주차수":30,
            "난방방식":30,
            "공급면적":"--",
            "전용률":"--",
            "욕실수":50,
            "현관타입":100,
            "주거총점":44.0,
            "지역구공급총점":100.0,
            "역세권":80,
            "30분내 이동가능 거점":100,
            "1시간내 이동가능 거점":100,
            "교통총점":90.0,
            "백화점":100,
            "아울렛몰":80,
            "대형마트":80,
            "은행":0,
            "병원":60,
            "종합병원":100,
            "공원":100,
            "혐오시설":0,
            "인프라총점":79.0,
            "초등학군":97.14,
            "중학군":55.98,
            "학군총점":64.212,
            "인구수":42.81,
            "인구증감":-2.72,
            "인구총점":29.151,
            "일자리":33.9,
            "소득수준":62.46,
            "일자리총점":42.468,
            "가치 총점":73.6318,
            "매매실거래년":20211209.0,
            "매매실거래가":170000.0,
            "전세실거래년":20220114.0,
            "전세실거래가":45000.0,
            "전세가율":34.35,
            "장기전세가율평균":63.7,
            "전세가율거품지수":29.35,
            "검색코드":3299,
            "세대수":574.0,
            "준공년월":"2001-03-28",
            "준공년차":22.0,
            "가까운역이름":"대흥",
            "가까운역거리":430.09,
            "역세권여부":"역세권",
            "30분이내주요거점역":5,
            "1시간이내주요거점역":17,
            "3km이내백화점수":1,
            "5km이내아울렛몰수":1,
            "1km이내대형먀트수":1,
            "500m이내은행수":1,
            "500m이내병원수":17,
            "5km이내대형병원수":10,
            "500m이내공원수":2,
            "3km이내혐오시설수":0,
            "초등학교학업성취도":97.14,
            "중학교학업성취도":90.9,
            "용적률":258,
            "건폐율":21,
            "Y":37.548779,
            "X":126.946779,
            "rank":48.0,
            "area_info":"24평(81.16), 24평(81.16), 24평(81.06), 25평(84.01), 32평(108.48), 32평(109.0), 42평(141.8)",
            "last_sales":"2021-12-09,170000.0,42평(141.8)"
        },
        {
            "index":413,
            "아파트명":"브라운스톤공덕",
            "투자타입":"일반",
            "전용면적(m2)":"81.17",
            "전용면적(평)":"24평",
            "법정동주소":"서울시 마포구 신공덕동 170",
            "도로명주소":"서울시 마포구 백범로 230",
            "세대수":0,
            "입주년차":60,
            "용적률점수":"--",
            "건폐율점수":"--",
            "세대당주차수":30,
            "난방방식":30,
            "공급면적":"--",
            "전용률":"--",
            "욕실수":100,
            "현관타입":100,
            "주거총점":39.5,
            "지역구공급총점":100.0,
            "역세권":80,
            "30분내 이동가능 거점":100,
            "1시간내 이동가능 거점":100,
            "교통총점":90.0,
            "백화점":100,
            "아울렛몰":80,
            "대형마트":80,
            "은행":20,
            "병원":80,
            "종합병원":100,
            "공원":100,
            "혐오시설":0,
            "인프라총점":83.0,
            "초등학군":91.15,
            "중학군":54.82,
            "학군총점":62.086,
            "인구수":42.81,
            "인구증감":-2.72,
            "인구총점":29.151,
            "일자리":33.9,
            "소득수준":62.46,
            "일자리총점":42.468,
            "가치 총점":73.6129,
            "매매실거래년":20210826.0,
            "매매실거래가":150000.0,
            "전세실거래년":20211204.0,
            "전세실거래가":65100.0,
            "전세가율":43.4,
            "장기전세가율평균":63.7,
            "전세가율거품지수":20.3,
            "검색코드":24122,
            "세대수":290.0,
            "준공년월":"2009-02-19",
            "준공년차":14.0,
            "가까운역이름":"공덕",
            "가까운역거리":387.11,
            "역세권여부":"역세권",
            "30분이내주요거점역":5,
            "1시간이내주요거점역":18,
            "3km이내백화점수":2,
            "5km이내아울렛몰수":1,
            "1km이내대형먀트수":1,
            "500m이내은행수":2,
            "500m이내병원수":59,
            "5km이내대형병원수":11,
            "500m이내공원수":2,
            "3km이내혐오시설수":0,
            "초등학교학업성취도":91.15,
            "중학교학업성취도":90.3,
            "용적률":209,
            "건폐율":11,
            "Y":37.541824,
            "X":126.955001,
            "rank":49.0,
            "area_info":"24평(81.17), 32평(107.24), 43평(142.54)",
            "last_sales":"2021-08-26,150000.0,24평(81.17)"
        },
        {
            "index":68,
            "아파트명":"삼성래미안공덕2차",
            "투자타입":"일반",
            "전용면적(m2)":"80.89",
            "전용면적(평)":"24평",
            "법정동주소":"서울시 마포구 공덕동 43",
            "도로명주소":"서울시 마포구 마포대로20길 26",
            "세대수":50,
            "입주년차":40,
            "용적률점수":"--",
            "건폐율점수":"--",
            "세대당주차수":60,
            "난방방식":30,
            "공급면적":"--",
            "전용률":"--",
            "욕실수":100,
            "현관타입":100,
            "주거총점":57.5,
            "지역구공급총점":100.0,
            "역세권":80,
            "30분내 이동가능 거점":100,
            "1시간내 이동가능 거점":100,
            "교통총점":90.0,
            "백화점":100,
            "아울렛몰":100,
            "대형마트":0,
            "은행":70,
            "병원":60,
            "종합병원":100,
            "공원":100,
            "혐오시설":0,
            "인프라총점":76.0,
            "초등학군":86.11,
            "중학군":43.42,
            "학군총점":51.958,
            "인구수":42.81,
            "인구증감":-2.72,
            "인구총점":29.151,
            "일자리":33.9,
            "소득수준":62.46,
            "일자리총점":42.468,
            "가치 총점":73.5937,
            "매매실거래년":20220108.0,
            "매매실거래가":147000.0,
            "전세실거래년":20211009.0,
            "전세실거래가":70000.0,
            "전세가율":50.11,
            "장기전세가율평균":63.7,
            "전세가율거품지수":13.59,
            "검색코드":3306,
            "세대수":683.0,
            "준공년월":"2004-06-29",
            "준공년차":19.0,
            "가까운역이름":"애오개",
            "가까운역거리":363.35,
            "역세권여부":"역세권",
            "30분이내주요거점역":6,
            "1시간이내주요거점역":16,
            "3km이내백화점수":3,
            "5km이내아울렛몰수":2,
            "1km이내대형먀트수":0,
            "500m이내은행수":3,
            "500m이내병원수":24,
            "5km이내대형병원수":11,
            "500m이내공원수":3,
            "3km이내혐오시설수":0,
            "초등학교학업성취도":86.11,
            "중학교학업성취도":71.5,
            "용적률":251,
            "건폐율":17,
            "Y":37.551425,
            "X":126.959734,
            "rank":50.0,
            "area_info":"24평(80.89), 33평(110.35), 43평(144.17)",
            "last_sales":"2022-01-08,147000.0,33평(110.35)"
        },
        {
            "index":675,
            "아파트명":"신촌금호",
            "투자타입":"일반",
            "전용면적(m2)":"80.29",
            "전용면적(평)":"24평",
            "법정동주소":"서울시 마포구 창전동 438",
            "도로명주소":"서울시 마포구 서강로9길 19",
            "세대수":0,
            "입주년차":20,
            "용적률점수":"--",
            "건폐율점수":"--",
            "세대당주차수":30,
            "난방방식":30,
            "공급면적":"--",
            "전용률":"--",
            "욕실수":50,
            "현관타입":100,
            "주거총점":26.5,
            "지역구공급총점":100.0,
            "역세권":80,
            "30분내 이동가능 거점":100,
            "1시간내 이동가능 거점":100,
            "교통총점":90.0,
            "백화점":100,
            "아울렛몰":80,
            "대형마트":100,
            "은행":100,
            "병원":80,
            "종합병원":100,
            "공원":100,
            "혐오시설":0,
            "인프라총점":94.0,
            "초등학군":86.41,
            "중학군":49.14,
            "학군총점":56.594,
            "인구수":42.81,
            "인구증감":-2.72,
            "인구총점":29.151,
            "일자리":33.9,
            "소득수준":62.46,
            "일자리총점":42.468,
            "가치 총점":73.4891,
            "매매실거래년":20210925.0,
            "매매실거래가":122000.0,
            "전세실거래년":20220104.0,
            "전세실거래가":41890.0,
            "전세가율":50.59,
            "장기전세가율평균":63.7,
            "전세가율거품지수":13.11,
            "검색코드":3475,
            "세대수":239.0,
            "준공년월":"2001-03-30",
            "준공년차":22.0,
            "가까운역이름":"서강대",
            "가까운역거리":319.05,
            "역세권여부":"역세권",
            "30분이내주요거점역":6,
            "1시간이내주요거점역":16,
            "3km이내백화점수":2,
            "5km이내아울렛몰수":1,
            "1km이내대형먀트수":2,
            "500m이내은행수":6,
            "500m이내병원수":53,
            "5km이내대형병원수":10,
            "500m이내공원수":5,
            "3km이내혐오시설수":0,
            "초등학교학업성취도":86.41,
            "중학교학업성취도":81.5,
            "용적률":293,
            "건폐율":27,
            "Y":37.552558,
            "X":126.932194,
            "rank":51.0,
            "area_info":"24평(80.29), 33평(110.52)",
            "last_sales":"2021-09-25,122000.0,33평(110.52)"
        },
        {
            "index":74,
            "아파트명":"현대벤처빌",
            "투자타입":"일반",
            "전용면적(m2)":"35.56",
            "전용면적(평)":"10평",
            "법정동주소":"서울시 마포구 노고산동 107-36",
            "도로명주소":"서울시 마포구 백범로 10",
            "세대수":0,
            "입주년차":20,
            "용적률점수":"--",
            "건폐율점수":"--",
            "세대당주차수":0,
            "난방방식":30,
            "공급면적":"--",
            "전용률":"--",
            "욕실수":50,
            "현관타입":100,
            "주거총점":22.0,
            "지역구공급총점":100.0,
            "역세권":80,
            "30분내 이동가능 거점":100,
            "1시간내 이동가능 거점":100,
            "교통총점":90.0,
            "백화점":100,
            "아울렛몰":80,
            "대형마트":100,
            "은행":100,
            "병원":100,
            "종합병원":100,
            "공원":100,
            "혐오시설":0,
            "인프라총점":96.0,
            "초등학군":100.0,
            "중학군":47.06,
            "학군총점":57.648,
            "인구수":42.81,
            "인구증감":-2.72,
            "인구총점":29.151,
            "일자리":33.9,
            "소득수준":62.46,
            "일자리총점":42.468,
            "가치 총점":73.3472,
            "매매실거래년":20201203.0,
            "매매실거래가":59999.0,
            "전세실거래년":20210123.0,
            "전세실거래가":21000.0,
            "전세가율":127.27,
            "장기전세가율평균":63.7,
            "전세가율거품지수":-63.57,
            "검색코드":11091,
            "세대수":203.0,
            "준공년월":"2002-12-18",
            "준공년차":21.0,
            "가까운역이름":"신촌",
            "가까운역거리":156.0,
            "역세권여부":"역세권",
            "30분이내주요거점역":7,
            "1시간이내주요거점역":17,
            "3km이내백화점수":1,
            "5km이내아울렛몰수":1,
            "1km이내대형먀트수":2,
            "500m이내은행수":6,
            "500m이내병원수":61,
            "5km이내대형병원수":11,
            "500m이내공원수":4,
            "3km이내혐오시설수":0,
            "초등학교학업성취도":100.0,
            "중학교학업성취도":76.9,
            "용적률":964,
            "건폐율":59,
            "Y":37.553735,
            "X":126.936761,
            "rank":52.0,
            "area_info":"10평(35.56), 11평(39.07), 12평(42.48), 13평(44.2), 13평(44.55), 13평(45.92), 14평(48.5), 15평(50.4), 16평(53.23), 17평(58.21), 17평(58.73), 18평(59.71), 18평(62.61), 26평(88.95), 35평(117.54), 35평(118.35)",
            "last_sales":"2020-12-03,59999.0,35평(118.35)"
        },
        {
            "index":158,
            "아파트명":"현대홈타운",
            "투자타입":"일반",
            "전용면적(m2)":"79.7",
            "전용면적(평)":"24평",
            "법정동주소":"서울시 마포구 도화동 353",
            "도로명주소":"서울시 마포구 새창로8길 72",
            "세대수":90,
            "입주년차":20,
            "용적률점수":"--",
            "건폐율점수":"--",
            "세대당주차수":30,
            "난방방식":80,
            "공급면적":"--",
            "전용률":"--",
            "욕실수":50,
            "현관타입":100,
            "주거총점":63.0,
            "지역구공급총점":100.0,
            "역세권":50,
            "30분내 이동가능 거점":100,
            "1시간내 이동가능 거점":100,
            "교통총점":75.0,
            "백화점":100,
            "아울렛몰":80,
            "대형마트":80,
            "은행":70,
            "병원":80,
            "종합병원":100,
            "공원":0,
            "혐오시설":-50,
            "인프라총점":84.0,
            "초등학군":85.97,
            "중학군":54.82,
            "학군총점":61.05,
            "인구수":42.81,
            "인구증감":-2.72,
            "인구총점":29.151,
            "일자리":33.9,
            "소득수준":62.46,
            "일자리총점":42.468,
            "가치 총점":73.2075,
            "매매실거래년":20211016.0,
            "매매실거래가":128000.0,
            "전세실거래년":20211222.0,
            "전세실거래가":49000.0,
            "전세가율":45.37,
            "장기전세가율평균":63.7,
            "전세가율거품지수":18.33,
            "검색코드":841,
            "세대수":914.0,
            "준공년월":"2000-03-11",
            "준공년차":23.0,
            "가까운역이름":"마포",
            "가까운역거리":562.93,
            "역세권여부":"준역세권",
            "30분이내주요거점역":5,
            "1시간이내주요거점역":17,
            "3km이내백화점수":2,
            "5km이내아울렛몰수":1,
            "1km이내대형먀트수":1,
            "500m이내은행수":4,
            "500m이내병원수":49,
            "5km이내대형병원수":11,
            "500m이내공원수":0,
            "3km이내혐오시설수":1,
            "초등학교학업성취도":85.97,
            "중학교학업성취도":90.3,
            "용적률":234,
            "건폐율":17,
            "Y":37.537922,
            "X":126.951967,
            "rank":53.0,
            "area_info":"24평(79.7), 32평(107.98), 42평(139.06)",
            "last_sales":"2021-10-16,128000.0,32평(107.98)"
        },
        {
            "index":11,
            "아파트명":"공덕래미안4차",
            "투자타입":"일반",
            "전용면적(m2)":"84.91",
            "전용면적(평)":"25평",
            "법정동주소":"서울시 마포구 공덕동 464",
            "도로명주소":"서울시 마포구 마포대로11길 50",
            "세대수":50,
            "입주년차":40,
            "용적률점수":"--",
            "건폐율점수":"--",
            "세대당주차수":30,
            "난방방식":30,
            "공급면적":"--",
            "전용률":"--",
            "욕실수":100,
            "현관타입":100,
            "주거총점":53.0,
            "지역구공급총점":100.0,
            "역세권":50,
            "30분내 이동가능 거점":100,
            "1시간내 이동가능 거점":100,
            "교통총점":75.0,
            "백화점":100,
            "아울렛몰":80,
            "대형마트":80,
            "은행":100,
            "병원":60,
            "종합병원":100,
            "공원":100,
            "혐오시설":0,
            "인프라총점":89.0,
            "초등학군":88.53,
            "중학군":55.98,
            "학군총점":62.49,
            "인구수":42.81,
            "인구증감":-2.72,
            "인구총점":29.151,
            "일자리":33.9,
            "소득수준":62.46,
            "일자리총점":42.468,
            "가치 총점":72.9235,
            "매매실거래년":20211011.0,
            "매매실거래가":147500.0,
            "전세실거래년":20211229.0,
            "전세실거래가":75000.0,
            "전세가율":50.85,
            "장기전세가율평균":63.7,
            "전세가율거품지수":12.85,
            "검색코드":13325,
            "세대수":597.0,
            "준공년월":"2005-11-17",
            "준공년차":18.0,
            "가까운역이름":"애오개",
            "가까운역거리":655.96,
            "역세권여부":"준역세권",
            "30분이내주요거점역":5,
            "1시간이내주요거점역":16,
            "3km이내백화점수":2,
            "5km이내아울렛몰수":1,
            "1km이내대형먀트수":1,
            "500m이내은행수":8,
            "500m이내병원수":29,
            "5km이내대형병원수":10,
            "500m이내공원수":6,
            "3km이내혐오시설수":0,
            "초등학교학업성취도":88.53,
            "중학교학업성취도":90.9,
            "용적률":199,
            "건폐율":15,
            "Y":37.549944,
            "X":126.95112,
            "rank":54.0,
            "area_info":"25평(84.91), 31평(104.1), 32평(105.84), 42평(141.77)",
            "last_sales":"2021-10-11,147500.0,25평(84.91)"
        },
        {
            "index":114,
            "아파트명":"이대역스타힐스(도시형)",
            "투자타입":"일반",
            "전용면적(m2)":"23.46",
            "전용면적(평)":"7평",
            "법정동주소":"서울시 마포구 대흥동 12-41",
            "도로명주소":"서울시 마포구 신촌로 160",
            "세대수":0,
            "입주년차":80,
            "용적률점수":"--",
            "건폐율점수":"--",
            "세대당주차수":0,
            "난방방식":30,
            "공급면적":"--",
            "전용률":"--",
            "욕실수":50,
            "현관타입":100,
            "주거총점":34.0,
            "지역구공급총점":100.0,
            "역세권":80,
            "30분내 이동가능 거점":100,
            "1시간내 이동가능 거점":100,
            "교통총점":90.0,
            "백화점":100,
            "아울렛몰":80,
            "대형마트":100,
            "은행":20,
            "병원":80,
            "종합병원":100,
            "공원":80,
            "혐오시설":0,
            "인프라총점":85.4,
            "초등학군":100.0,
            "중학군":47.06,
            "학군총점":57.648,
            "인구수":42.81,
            "인구증감":-2.72,
            "인구총점":29.151,
            "일자리":33.9,
            "소득수준":62.46,
            "일자리총점":42.468,
            "가치 총점":72.5672,
            "매매실거래년":20210911.0,
            "매매실거래가":37500.0,
            "전세실거래년":20210706.0,
            "전세실거래가":19000.0,
            "전세가율":108.57,
            "장기전세가율평균":63.7,
            "전세가율거품지수":-44.87,
            "검색코드":106999,
            "세대수":203.0,
            "준공년월":"2014-07-29",
            "준공년차":9.0,
            "가까운역이름":"이대",
            "가까운역거리":243.05,
            "역세권여부":"역세권",
            "30분이내주요거점역":7,
            "1시간이내주요거점역":15,
            "3km이내백화점수":1,
            "5km이내아울렛몰수":1,
            "1km이내대형먀트수":2,
            "500m이내은행수":2,
            "500m이내병원수":32,
            "5km이내대형병원수":8,
            "500m이내공원수":1,
            "3km이내혐오시설수":0,
            "초등학교학업성취도":100.0,
            "중학교학업성취도":76.9,
            "용적률":559,
            "건폐율":59,
            "Y":37.556343,
            "X":126.9433,
            "rank":55.0,
            "area_info":"7평(23.46), 7평(23.52), 7평(23.46), 7평(23.39), 18평(61.65)",
            "last_sales":"2021-09-11,37500.0,18평(61.65)"
        },
        {
            "index":164,
            "아파트명":"마포쌍용황금",
            "투자타입":"일반",
            "전용면적(m2)":"85.93",
            "전용면적(평)":"25평",
            "법정동주소":"서울시 마포구 마포동 253",
            "도로명주소":"서울시 마포구 마포대로4라길 30",
            "세대수":30,
            "입주년차":20,
            "용적률점수":"--",
            "건폐율점수":"--",
            "세대당주차수":0,
            "난방방식":30,
            "공급면적":"--",
            "전용률":"--",
            "욕실수":50,
            "현관타입":10,
            "주거총점":23.5,
            "지역구공급총점":100.0,
            "역세권":80,
            "30분내 이동가능 거점":100,
            "1시간내 이동가능 거점":100,
            "교통총점":90.0,
            "백화점":100,
            "아울렛몰":80,
            "대형마트":80,
            "은행":100,
            "병원":80,
            "종합병원":100,
            "공원":100,
            "혐오시설":-50,
            "인프라총점":90.0,
            "초등학군":85.97,
            "중학군":54.82,
            "학군총점":61.05,
            "인구수":42.81,
            "인구증감":-2.72,
            "인구총점":29.151,
            "일자리":33.9,
            "소득수준":62.46,
            "일자리총점":42.468,
            "가치 총점":72.3575,
            "매매실거래년":20210910.0,
            "매매실거래가":108500.0,
            "전세실거래년":20220106.0,
            "전세실거래가":39900.0,
            "전세가율":36.77,
            "장기전세가율평균":63.7,
            "전세가율거품지수":26.93,
            "검색코드":1148,
            "세대수":339.0,
            "준공년월":"2000-08-07",
            "준공년차":23.0,
            "가까운역이름":"마포",
            "가까운역거리":259.01,
            "역세권여부":"역세권",
            "30분이내주요거점역":7,
            "1시간이내주요거점역":17,
            "3km이내백화점수":2,
            "5km이내아울렛몰수":1,
            "1km이내대형먀트수":1,
            "500m이내은행수":9,
            "500m이내병원수":30,
            "5km이내대형병원수":11,
            "500m이내공원수":5,
            "3km이내혐오시설수":1,
            "초등학교학업성취도":85.97,
            "중학교학업성취도":90.3,
            "용적률":295,
            "건폐율":25,
            "Y":37.537246,
            "X":126.945832,
            "rank":56.0,
            "area_info":"25평(85.93), 33평(111.23), 43평(144.34)",
            "last_sales":"2021-09-10,108500.0,25평(85.93)"
        },
        {
            "index":677,
            "아파트명":"중앙하이츠",
            "투자타입":"일반",
            "전용면적(m2)":"53.4",
            "전용면적(평)":"16평",
            "법정동주소":"서울시 마포구 창전동 42-7",
            "도로명주소":"서울시 마포구 와우산로30길 135",
            "세대수":0,
            "입주년차":40,
            "용적률점수":"--",
            "건폐율점수":"--",
            "세대당주차수":0,
            "난방방식":30,
            "공급면적":"--",
            "전용률":"--",
            "욕실수":50,
            "현관타입":100,
            "주거총점":26.0,
            "지역구공급총점":100.0,
            "역세권":80,
            "30분내 이동가능 거점":100,
            "1시간내 이동가능 거점":100,
            "교통총점":90.0,
            "백화점":100,
            "아울렛몰":80,
            "대형마트":100,
            "은행":70,
            "병원":60,
            "종합병원":100,
            "공원":100,
            "혐오시설":0,
            "인프라총점":89.0,
            "초등학군":86.34,
            "중학군":50.54,
            "학군총점":57.7,
            "인구수":42.81,
            "인구증감":-2.72,
            "인구총점":29.151,
            "일자리":33.9,
            "소득수준":62.46,
            "일자리총점":42.468,
            "가치 총점":72.055,
            "매매실거래년":20211119.0,
            "매매실거래가":60000.0,
            "전세실거래년":null,
            "전세실거래가":null,
            "전세가율":null,
            "장기전세가율평균":63.7,
            "전세가율거품지수":null,
            "검색코드":3474,
            "세대수":120.0,
            "준공년월":"2007-03-01",
            "준공년차":16.0,
            "가까운역이름":"광흥창",
            "가까운역거리":467.89,
            "역세권여부":"역세권",
            "30분이내주요거점역":5,
            "1시간이내주요거점역":15,
            "3km이내백화점수":2,
            "5km이내아울렛몰수":1,
            "1km이내대형먀트수":2,
            "500m이내은행수":3,
            "500m이내병원수":10,
            "5km이내대형병원수":10,
            "500m이내공원수":6,
            "3km이내혐오시설수":0,
            "초등학교학업성취도":86.34,
            "중학교학업성취도":83.1,
            "용적률":0,
            "건폐율":0,
            "Y":37.549823,
            "X":126.927605,
            "rank":57.0,
            "area_info":"16평(53.4), 19평(64.65)",
            "last_sales":"2021-11-19,60000.0,19평(64.65)"
        },
        {
            "index":90,
            "아파트명":"대흥세양",
            "투자타입":"일반",
            "전용면적(m2)":"80.62",
            "전용면적(평)":"24평",
            "법정동주소":"서울시 마포구 대흥동 802",
            "도로명주소":"서울시 마포구 독막로 288",
            "세대수":0,
            "입주년차":20,
            "용적률점수":"--",
            "건폐율점수":"--",
            "세대당주차수":60,
            "난방방식":30,
            "공급면적":"--",
            "전용률":"--",
            "욕실수":50,
            "현관타입":10,
            "주거총점":22.0,
            "지역구공급총점":100.0,
            "역세권":80,
            "30분내 이동가능 거점":100,
            "1시간내 이동가능 거점":100,
            "교통총점":90.0,
            "백화점":100,
            "아울렛몰":80,
            "대형마트":80,
            "은행":100,
            "병원":80,
            "종합병원":100,
            "공원":100,
            "혐오시설":0,
            "인프라총점":91.0,
            "초등학군":91.27,
            "중학군":50.94,
            "학군총점":59.006,
            "인구수":42.81,
            "인구증감":-2.72,
            "인구총점":29.151,
            "일자리":33.9,
            "소득수준":62.46,
            "일자리총점":42.468,
            "가치 총점":72.0509,
            "매매실거래년":20210426.0,
            "매매실거래가":94750.0,
            "전세실거래년":20211102.0,
            "전세실거래가":38850.0,
            "전세가율":41.0,
            "장기전세가율평균":63.7,
            "전세가율거품지수":22.7,
            "검색코드":1146,
            "세대수":126.0,
            "준공년월":"2000-03-18",
            "준공년차":23.0,
            "가까운역이름":"대흥",
            "가까운역거리":442.7,
            "역세권여부":"역세권",
            "30분이내주요거점역":6,
            "1시간이내주요거점역":18,
            "3km이내백화점수":2,
            "5km이내아울렛몰수":1,
            "1km이내대형먀트수":1,
            "500m이내은행수":6,
            "500m이내병원수":42,
            "5km이내대형병원수":11,
            "500m이내공원수":6,
            "3km이내혐오시설수":0,
            "초등학교학업성취도":91.27,
            "중학교학업성취도":82.9,
            "용적률":377,
            "건폐율":43,
            "Y":37.544455,
            "X":126.944848,
            "rank":58.0,
            "area_info":"24평(80.62), 34평(113.71), 34평(113.49), 46평(153.55)",
            "last_sales":"2021-04-26,94750.0,24평(80.62)"
        },
        {
            "index":691,
            "아파트명":"한강밤섬자이",
            "투자타입":"일반",
            "전용면적(m2)":"110.69",
            "전용면적(평)":"33평",
            "법정동주소":"서울시 마포구 하중동 101",
            "도로명주소":"서울시 마포구 토정로 158",
            "세대수":50,
            "입주년차":60,
            "용적률점수":"--",
            "건폐율점수":"--",
            "세대당주차수":80,
            "난방방식":100,
            "공급면적":"--",
            "전용률":"--",
            "욕실수":100,
            "현관타입":100,
            "주거총점":71.5,
            "지역구공급총점":100.0,
            "역세권":80,
            "30분내 이동가능 거점":80,
            "1시간내 이동가능 거점":100,
            "교통총점":84.0,
            "백화점":100,
            "아울렛몰":80,
            "대형마트":0,
            "은행":0,
            "병원":30,
            "종합병원":100,
            "공원":100,
            "혐오시설":0,
            "인프라총점":64.0,
            "초등학군":86.34,
            "중학군":50.54,
            "학군총점":57.7,
            "인구수":42.81,
            "인구증감":-2.72,
            "인구총점":29.151,
            "일자리":33.9,
            "소득수준":62.46,
            "일자리총점":42.468,
            "가치 총점":71.555,
            "매매실거래년":20211123.0,
            "매매실거래가":260000.0,
            "전세실거래년":20211218.0,
            "전세실거래가":75600.0,
            "전세가율":43.2,
            "장기전세가율평균":63.7,
            "전세가율거품지수":20.5,
            "검색코드":22776,
            "세대수":488.0,
            "준공년월":"2010-02-26",
            "준공년차":13.0,
            "가까운역이름":"광흥창",
            "가까운역거리":440.47,
            "역세권여부":"역세권",
            "30분이내주요거점역":4,
            "1시간이내주요거점역":14,
            "3km이내백화점수":2,
            "5km이내아울렛몰수":1,
            "1km이내대형먀트수":0,
            "500m이내은행수":1,
            "500m이내병원수":8,
            "5km이내대형병원수":10,
            "500m이내공원수":5,
            "3km이내혐오시설수":0,
            "초등학교학업성취도":86.34,
            "중학교학업성취도":83.1,
            "용적률":249,
            "건폐율":13,
            "Y":37.54473,
            "X":126.928368,
            "rank":59.0,
            "area_info":"33평(110.69), 44평(146.78), 49평(163.53), 51평(169.64), 58평(192.43), 60평(200.84), 60평(200.29)",
            "last_sales":"2021-11-23,260000.0,49평(163.53)"
        },
        {
            "index":504,
            "아파트명":"마포트라팰리스2차",
            "투자타입":"일반",
            "전용면적(m2)":"100.77",
            "전용면적(평)":"30평",
            "법정동주소":"서울시 마포구 아현동 738",
            "도로명주소":"서울시 마포구 마포대로 201",
            "세대수":0,
            "입주년차":40,
            "용적률점수":"--",
            "건폐율점수":"--",
            "세대당주차수":60,
            "난방방식":30,
            "공급면적":"--",
            "전용률":"--",
            "욕실수":100,
            "현관타입":100,
            "주거총점":40.0,
            "지역구공급총점":100.0,
            "역세권":80,
            "30분내 이동가능 거점":100,
            "1시간내 이동가능 거점":100,
            "교통총점":90.0,
            "백화점":100,
            "아울렛몰":100,
            "대형마트":0,
            "은행":100,
            "병원":60,
            "종합병원":100,
            "공원":100,
            "혐오시설":0,
            "인프라총점":79.0,
            "초등학군":92.13,
            "중학군":45.44,
            "학군총점":54.778,
            "인구수":42.81,
            "인구증감":-2.72,
            "인구총점":29.151,
            "일자리":33.9,
            "소득수준":62.46,
            "일자리총점":42.468,
            "가치 총점":71.4167,
            "매매실거래년":20210823.0,
            "매매실거래가":148500.0,
            "전세실거래년":20210305.0,
            "전세실거래가":52000.0,
            "전세가율":40.62,
            "장기전세가율평균":63.7,
            "전세가율거품지수":23.08,
            "검색코드":24823,
            "세대수":120.0,
            "준공년월":"2008-07-18",
            "준공년차":15.0,
            "가까운역이름":"애오개",
            "가까운역거리":203.0,
            "역세권여부":"역세권",
            "30분이내주요거점역":6,
            "1시간이내주요거점역":17,
            "3km이내백화점수":3,
            "5km이내아울렛몰수":2,
            "1km이내대형먀트수":0,
            "500m이내은행수":6,
            "500m이내병원수":29,
            "5km이내대형병원수":10,
            "500m이내공원수":9,
            "3km이내혐오시설수":0,
            "초등학교학업성취도":92.13,
            "중학교학업성취도":74.6,
            "용적률":499,
            "건폐율":52,
            "Y":37.552209,
            "X":126.955558,
            "rank":60.0,
            "area_info":"30평(100.77), 35평(117.64), 37평(123.94)",
            "last_sales":"2021-08-23,148500.0,35평(117.64)"
        },
        {
            "index":684,
            "아파트명":"창전현대홈타운",
            "투자타입":"일반",
            "전용면적(m2)":"78.02",
            "전용면적(평)":"23평",
            "법정동주소":"서울시 마포구 창전동 440",
            "도로명주소":"서울시 마포구 서강로 83",
            "세대수":0,
            "입주년차":40,
            "용적률점수":"--",
            "건폐율점수":"--",
            "세대당주차수":30,
            "난방방식":30,
            "공급면적":"--",
            "전용률":"--",
            "욕실수":100,
            "현관타입":50,
            "주거총점":30.5,
            "지역구공급총점":100.0,
            "역세권":80,
            "30분내 이동가능 거점":100,
            "1시간내 이동가능 거점":100,
            "교통총점":90.0,
            "백화점":100,
            "아울렛몰":80,
            "대형마트":100,
            "은행":20,
            "병원":60,
            "종합병원":100,
            "공원":100,
            "혐오시설":0,
            "인프라총점":84.0,
            "초등학군":86.34,
            "중학군":49.14,
            "학군총점":56.58,
            "인구수":42.81,
            "인구증감":-2.72,
            "인구총점":29.151,
            "일자리":33.9,
            "소득수준":62.46,
            "일자리총점":42.468,
            "가치 총점":71.287,
            "매매실거래년":20211011.0,
            "매매실거래가":125500.0,
            "전세실거래년":20211215.0,
            "전세실거래가":47000.0,
            "전세가율":37.45,
            "장기전세가율평균":63.7,
            "전세가율거품지수":26.25,
            "검색코드":9456,
            "세대수":243.0,
            "준공년월":"2005-08-18",
            "준공년차":18.0,
            "가까운역이름":"서강대",
            "가까운역거리":347.52,
            "역세권여부":"역세권",
            "30분이내주요거점역":6,
            "1시간이내주요거점역":15,
            "3km이내백화점수":2,
            "5km이내아울렛몰수":1,
            "1km이내대형먀트수":2,
            "500m이내은행수":2,
            "500m이내병원수":21,
            "5km이내대형병원수":10,
            "500m이내공원수":5,
            "3km이내혐오시설수":0,
            "초등학교학업성취도":86.34,
            "중학교학업성취도":81.5,
            "용적률":299,
            "건폐율":17,
            "Y":37.551294,
            "X":126.931839,
            "rank":61.0,
            "area_info":"23평(78.02), 32평(106.22)",
            "last_sales":"2021-10-11,125500.0,23평(78.02)"
        },
        {
            "index":167,
            "아파트명":"대명이튼캐슬(도시형)",
            "투자타입":"일반",
            "전용면적(m2)":"23.57",
            "전용면적(평)":"7평",
            "법정동주소":"서울시 마포구 망원동 519",
            "도로명주소":"서울시 마포구 월드컵로13길 19-36",
            "세대수":0,
            "입주년차":80,
            "용적률점수":"--",
            "건폐율점수":"--",
            "세대당주차수":0,
            "난방방식":30,
            "공급면적":"--",
            "전용률":"--",
            "욕실수":50,
            "현관타입":100,
            "주거총점":34.0,
            "지역구공급총점":100.0,
            "역세권":80,
            "30분내 이동가능 거점":100,
            "1시간내 이동가능 거점":100,
            "교통총점":90.0,
            "백화점":100,
            "아울렛몰":0,
            "대형마트":80,
            "은행":70,
            "병원":100,
            "종합병원":100,
            "공원":100,
            "혐오시설":0,
            "인프라총점":82.0,
            "초등학군":84.33,
            "중학군":47.58,
            "학군총점":54.93,
            "인구수":42.81,
            "인구증감":-2.72,
            "인구총점":29.151,
            "일자리":33.9,
            "소득수준":62.46,
            "일자리총점":42.468,
            "가치 총점":71.1395,
            "매매실거래년":"18000101",
            "매매실거래가":null,
            "전세실거래년":null,
            "전세실거래가":null,
            "전세가율":null,
            "장기전세가율평균":63.7,
            "전세가율거품지수":null,
            "검색코드":137416,
            "세대수":123.0,
            "준공년월":"2017-05-16",
            "준공년차":6.0,
            "가까운역이름":"망원",
            "가까운역거리":147.08,
            "역세권여부":"역세권",
            "30분이내주요거점역":7,
            "1시간이내주요거점역":16,
            "3km이내백화점수":1,
            "5km이내아울렛몰수":0,
            "1km이내대형먀트수":1,
            "500m이내은행수":3,
            "500m이내병원수":66,
            "5km이내대형병원수":9,
            "500m이내공원수":3,
            "3km이내혐오시설수":0,
            "초등학교학업성취도":84.33,
            "중학교학업성취도":78.9,
            "용적률":199,
            "건폐율":59,
            "Y":37.55499,
            "X":126.909133,
            "rank":62.0,
            "area_info":"7평(23.57), 9평(29.83), 9평(31.29), 9평(32.86), 9평(32.31), 10평(33.26), 10평(35.29), 10평(35.12), 11평(36.66), 10평(36.28), 10평(36.2), 11평(36.38), 11평(37.5), 11평(38.89), 11평(39.57), 11평(39.48), 12평(40.03), 15평(52.59), 16평(53.5), 16평(54.53), 16평(55.22), 17평(58.88), 19평(63.1)",
            "last_sales":"1800-01-01,nan,7평(23.57)"
        },
        {
            "index":97,
            "아파트명":"동양엔파트",
            "투자타입":"일반",
            "전용면적(m2)":"105.96",
            "전용면적(평)":"32평",
            "법정동주소":"서울시 마포구 대흥동 803",
            "도로명주소":"서울시 마포구 백범로 82",
            "세대수":0,
            "입주년차":40,
            "용적률점수":"--",
            "건폐율점수":"--",
            "세대당주차수":30,
            "난방방식":30,
            "공급면적":"--",
            "전용률":"--",
            "욕실수":100,
            "현관타입":100,
            "주거총점":35.5,
            "지역구공급총점":100.0,
            "역세권":80,
            "30분내 이동가능 거점":100,
            "1시간내 이동가능 거점":100,
            "교통총점":90.0,
            "백화점":100,
            "아울렛몰":80,
            "대형마트":80,
            "은행":0,
            "병원":60,
            "종합병원":100,
            "공원":100,
            "혐오시설":0,
            "인프라총점":79.0,
            "초등학군":97.14,
            "중학군":49.14,
            "학군총점":58.74,
            "인구수":42.81,
            "인구증감":-2.72,
            "인구총점":29.151,
            "일자리":33.9,
            "소득수준":62.46,
            "일자리총점":42.468,
            "가치 총점":71.111,
            "매매실거래년":20210526.0,
            "매매실거래가":131500.0,
            "전세실거래년":20210904.0,
            "전세실거래가":57000.0,
            "전세가율":43.35,
            "장기전세가율평균":63.7,
            "전세가율거품지수":20.35,
            "검색코드":24940,
            "세대수":165.0,
            "준공년월":"2007-04-06",
            "준공년차":16.0,
            "가까운역이름":"대흥",
            "가까운역거리":141.15,
            "역세권여부":"역세권",
            "30분이내주요거점역":7,
            "1시간이내주요거점역":18,
            "3km이내백화점수":2,
            "5km이내아울렛몰수":1,
            "1km이내대형먀트수":1,
            "500m이내은행수":1,
            "500m이내병원수":15,
            "5km이내대형병원수":12,
            "500m이내공원수":2,
            "3km이내혐오시설수":0,
            "초등학교학업성취도":97.14,
            "중학교학업성취도":81.5,
            "용적률":249,
            "건폐율":19,
            "Y":37.547966,
            "X":126.940487,
            "rank":63.0,
            "area_info":"32평(105.96), 32평(106.72), 32평(108.12)",
            "last_sales":"2021-05-26,131500.0,32평(105.96)"
        },
        {
            "index":671,
            "아파트명":"서강해모로",
            "투자타입":"일반",
            "전용면적(m2)":"77.56",
            "전용면적(평)":"23평",
            "법정동주소":"서울시 마포구 창전동 443",
            "도로명주소":"서울시 마포구 토정로 167",
            "세대수":50,
            "입주년차":40,
            "용적률점수":"--",
            "건폐율점수":"--",
            "세대당주차수":30,
            "난방방식":30,
            "공급면적":"--",
            "전용률":"--",
            "욕실수":100,
            "현관타입":100,
            "주거총점":53.0,
            "지역구공급총점":100.0,
            "역세권":80,
            "30분내 이동가능 거점":100,
            "1시간내 이동가능 거점":100,
            "교통총점":90.0,
            "백화점":100,
            "아울렛몰":80,
            "대형마트":0,
            "은행":0,
            "병원":60,
            "종합병원":100,
            "공원":100,
            "혐오시설":0,
            "인프라총점":67.0,
            "초등학군":86.34,
            "중학군":50.54,
            "학군총점":57.7,
            "인구수":42.81,
            "인구증감":-2.72,
            "인구총점":29.151,
            "일자리":33.9,
            "소득수준":62.46,
            "일자리총점":42.468,
            "가치 총점":70.855,
            "매매실거래년":20211214.0,
            "매매실거래가":138000.0,
            "전세실거래년":20211007.0,
            "전세실거래가":60000.0,
            "전세가율":43.48,
            "장기전세가율평균":63.7,
            "전세가율거품지수":20.22,
            "검색코드":11420,
            "세대수":447.0,
            "준공년월":"2007-12-12",
            "준공년차":16.0,
            "가까운역이름":"광흥창",
            "가까운역거리":232.58,
            "역세권여부":"역세권",
            "30분이내주요거점역":6,
            "1시간이내주요거점역":15,
            "3km이내백화점수":2,
            "5km이내아울렛몰수":1,
            "1km이내대형먀트수":0,
            "500m이내은행수":1,
            "500m이내병원수":12,
            "5km이내대형병원수":10,
            "500m이내공원수":8,
            "3km이내혐오시설수":0,
            "초등학교학업성취도":86.34,
            "중학교학업성취도":83.1,
            "용적률":235,
            "건폐율":14,
            "Y":37.546373,
            "X":126.929736,
            "rank":64.0,
            "area_info":"23평(77.56), 23평(77.81), 31평(103.12), 31평(103.05)",
            "last_sales":"2021-12-14,138000.0,23평(77.56)"
        },
        {
            "index":608,
            "아파트명":"마포대림e-편한세상2차",
            "투자타입":"일반",
            "전용면적(m2)":"76.33",
            "전용면적(평)":"23평",
            "법정동주소":"서울시 마포구 용강동 501",
            "도로명주소":"서울시 마포구 토정로32길 6",
            "세대수":0,
            "입주년차":40,
            "용적률점수":"--",
            "건폐율점수":"--",
            "세대당주차수":30,
            "난방방식":100,
            "공급면적":"--",
            "전용률":"--",
            "욕실수":100,
            "현관타입":100,
            "주거총점":42.5,
            "지역구공급총점":100.0,
            "역세권":80,
            "30분내 이동가능 거점":100,
            "1시간내 이동가능 거점":100,
            "교통총점":90.0,
            "백화점":100,
            "아울렛몰":80,
            "대형마트":0,
            "은행":70,
            "병원":60,
            "종합병원":100,
            "공원":100,
            "혐오시설":0,
            "인프라총점":74.0,
            "초등학군":83.06,
            "중학군":50.94,
            "학군총점":57.364,
            "인구수":42.81,
            "인구증감":-2.72,
            "인구총점":29.151,
            "일자리":33.9,
            "소득수준":62.46,
            "일자리총점":42.468,
            "가치 총점":70.8046,
            "매매실거래년":20210311.0,
            "매매실거래가":155000.0,
            "전세실거래년":20210729.0,
            "전세실거래가":80000.0,
            "전세가율":86.96,
            "장기전세가율평균":63.7,
            "전세가율거품지수":-23.26,
            "검색코드":10373,
            "세대수":141.0,
            "준공년월":"2004-06-08",
            "준공년차":19.0,
            "가까운역이름":"마포",
            "가까운역거리":486.32,
            "역세권여부":"역세권",
            "30분이내주요거점역":5,
            "1시간이내주요거점역":15,
            "3km이내백화점수":2,
            "5km이내아울렛몰수":1,
            "1km이내대형먀트수":0,
            "500m이내은행수":3,
            "500m이내병원수":15,
            "5km이내대형병원수":12,
            "500m이내공원수":6,
            "3km이내혐오시설수":0,
            "초등학교학업성취도":83.06,
            "중학교학업성취도":82.9,
            "용적률":298,
            "건폐율":18,
            "Y":37.54093,
            "X":126.940688,
            "rank":65.0,
            "area_info":"23평(76.33), 23평(76.29), 32평(106.62), 33평(109.7), 33평(112.27), 44평(146.9)",
            "last_sales":"2021-03-11,155000.0,44평(146.9)"
        },
        {
            "index":416,
            "아파트명":"신공덕e-편한세상",
            "투자타입":"일반",
            "전용면적(m2)":"81.97",
            "전용면적(평)":"24평",
            "법정동주소":"서울시 마포구 신공덕동 168",
            "도로명주소":"서울시 마포구 백범로 239",
            "세대수":0,
            "입주년차":40,
            "용적률점수":"--",
            "건폐율점수":"--",
            "세대당주차수":30,
            "난방방식":30,
            "공급면적":"--",
            "전용률":"--",
            "욕실수":100,
            "현관타입":100,
            "주거총점":35.5,
            "지역구공급총점":100.0,
            "역세권":80,
            "30분내 이동가능 거점":100,
            "1시간내 이동가능 거점":100,
            "교통총점":90.0,
            "백화점":100,
            "아울렛몰":80,
            "대형마트":80,
            "은행":0,
            "병원":80,
            "종합병원":100,
            "공원":80,
            "혐오시설":0,
            "인프라총점":80.4,
            "초등학군":87.21,
            "중학군":44.6,
            "학군총점":53.122,
            "인구수":42.81,
            "인구증감":-2.72,
            "인구총점":29.151,
            "일자리":33.9,
            "소득수준":62.46,
            "일자리총점":42.468,
            "가치 총점":70.6883,
            "매매실거래년":20210903.0,
            "매매실거래가":121500.0,
            "전세실거래년":20210911.0,
            "전세실거래가":60000.0,
            "전세가율":50.42,
            "장기전세가율평균":63.7,
            "전세가율거품지수":13.28,
            "검색코드":19503,
            "세대수":128.0,
            "준공년월":"2007-10-18",
            "준공년차":16.0,
            "가까운역이름":"효창공원앞",
            "가까운역거리":484.5,
            "역세권여부":"역세권",
            "30분이내주요거점역":5,
            "1시간이내주요거점역":17,
            "3km이내백화점수":2,
            "5km이내아울렛몰수":1,
            "1km이내대형먀트수":1,
            "500m이내은행수":1,
            "500m이내병원수":30,
            "5km이내대형병원수":11,
            "500m이내공원수":1,
            "3km이내혐오시설수":0,
            "초등학교학업성취도":87.21,
            "중학교학업성취도":73.0,
            "용적률":243,
            "건폐율":24,
            "Y":37.541959,
            "X":126.957036,
            "rank":66.0,
            "area_info":"24평(81.97), 24평(82.43), 24평(82.02), 31평(105.66), 41평(136.42)",
            "last_sales":"2021-09-03,121500.0,24평(82.43)"
        },
        {
            "index":597,
            "아파트명":"래미안마포리버웰",
            "투자타입":"일반",
            "전용면적(m2)":"84.6",
            "전용면적(평)":"25평",
            "법정동주소":"서울시 마포구 용강동 502",
            "도로명주소":"서울시 마포구 토정로31길 23",
            "세대수":50,
            "입주년차":80,
            "용적률점수":"--",
            "건폐율점수":"--",
            "세대당주차수":30,
            "난방방식":100,
            "공급면적":"--",
            "전용률":"--",
            "욕실수":100,
            "현관타입":100,
            "주거총점":68.0,
            "지역구공급총점":100.0,
            "역세권":50,
            "30분내 이동가능 거점":100,
            "1시간내 이동가능 거점":100,
            "교통총점":75.0,
            "백화점":100,
            "아울렛몰":80,
            "대형마트":0,
            "은행":70,
            "병원":60,
            "종합병원":100,
            "공원":100,
            "혐오시설":0,
            "인프라총점":74.0,
            "초등학군":83.06,
            "중학군":50.94,
            "학군총점":57.364,
            "인구수":42.81,
            "인구증감":-2.72,
            "인구총점":29.151,
            "일자리":33.9,
            "소득수준":62.46,
            "일자리총점":42.468,
            "가치 총점":70.6546,
            "매매실거래년":20210828.0,
            "매매실거래가":235000.0,
            "전세실거래년":20220115.0,
            "전세실거래가":70350.0,
            "전세가율":49.72,
            "장기전세가율평균":63.7,
            "전세가율거품지수":13.98,
            "검색코드":104596,
            "세대수":563.0,
            "준공년월":"2015-02-27",
            "준공년차":8.0,
            "가까운역이름":"마포",
            "가까운역거리":520.59,
            "역세권여부":"준역세권",
            "30분이내주요거점역":5,
            "1시간이내주요거점역":17,
            "3km이내백화점수":2,
            "5km이내아울렛몰수":1,
            "1km이내대형먀트수":0,
            "500m이내은행수":4,
            "500m이내병원수":19,
            "5km이내대형병원수":12,
            "500m이내공원수":6,
            "3km이내혐오시설수":0,
            "초등학교학업성취도":83.06,
            "중학교학업성취도":82.9,
            "용적률":248,
            "건폐율":24,
            "Y":37.542859,
            "X":126.941725,
            "rank":67.0,
            "area_info":"25평(84.6), 25평(84.87), 25평(84.89), 33평(109.62), 34평(112.76), 34평(113.09), 34평(113.79), 43평(144.55), 44평(146.23)",
            "last_sales":"2021-08-28,235000.0,44평(146.23)"
        },
        {
            "index":606,
            "아파트명":"마포대림1차",
            "투자타입":"일반",
            "전용면적(m2)":"165.89",
            "전용면적(평)":"50평",
            "법정동주소":"서울시 마포구 용강동 500",
            "도로명주소":"서울시 마포구 마포대로1길 21",
            "세대수":0,
            "입주년차":20,
            "용적률점수":"--",
            "건폐율점수":"--",
            "세대당주차수":80,
            "난방방식":100,
            "공급면적":"--",
            "전용률":"--",
            "욕실수":100,
            "현관타입":100,
            "주거총점":46.0,
            "지역구공급총점":100.0,
            "역세권":80,
            "30분내 이동가능 거점":80,
            "1시간내 이동가능 거점":100,
            "교통총점":84.0,
            "백화점":100,
            "아울렛몰":80,
            "대형마트":0,
            "은행":100,
            "병원":60,
            "종합병원":100,
            "공원":100,
            "혐오시설":0,
            "인프라총점":77.0,
            "초등학군":91.27,
            "중학군":50.94,
            "학군총점":59.006,
            "인구수":42.81,
            "인구증감":-2.72,
            "인구총점":29.151,
            "일자리":33.9,
            "소득수준":62.46,
            "일자리총점":42.468,
            "가치 총점":70.5509,
            "매매실거래년":20210628.0,
            "매매실거래가":170000.0,
            "전세실거래년":20210424.0,
            "전세실거래가":100000.0,
            "전세가율":58.82,
            "장기전세가율평균":63.7,
            "전세가율거품지수":4.88,
            "검색코드":3390,
            "세대수":123.0,
            "준공년월":"2002-10-25",
            "준공년차":21.0,
            "가까운역이름":"마포",
            "가까운역거리":380.44,
            "역세권여부":"역세권",
            "30분이내주요거점역":4,
            "1시간이내주요거점역":17,
            "3km이내백화점수":2,
            "5km이내아울렛몰수":1,
            "1km이내대형먀트수":0,
            "500m이내은행수":7,
            "500m이내병원수":21,
            "5km이내대형병원수":12,
            "500m이내공원수":7,
            "3km이내혐오시설수":0,
            "초등학교학업성취도":91.27,
            "중학교학업성취도":82.9,
            "용적률":301,
            "건폐율":18,
            "Y":37.540444,
            "X":126.941759,
            "rank":68.0,
            "area_info":"50평(165.89), 50평(167.39)",
            "last_sales":"2021-06-28,170000.0,50평(165.89)"
        },
        {
            "index":582,
            "아파트명":"중앙하이츠",
            "투자타입":"일반",
            "전용면적(m2)":"81.4",
            "전용면적(평)":"24평",
            "법정동주소":"서울시 마포구 염리동 161-1",
            "도로명주소":"서울시 마포구 독막로 289",
            "세대수":0,
            "입주년차":0,
            "용적률점수":"--",
            "건폐율점수":"--",
            "세대당주차수":30,
            "난방방식":30,
            "공급면적":"--",
            "전용률":"--",
            "욕실수":50,
            "현관타입":10,
            "주거총점":13.5,
            "지역구공급총점":100.0,
            "역세권":80,
            "30분내 이동가능 거점":100,
            "1시간내 이동가능 거점":100,
            "교통총점":90.0,
            "백화점":100,
            "아울렛몰":80,
            "대형마트":80,
            "은행":100,
            "병원":80,
            "종합병원":100,
            "공원":100,
            "혐오시설":0,
            "인프라총점":91.0,
            "초등학군":91.27,
            "중학군":50.94,
            "학군총점":59.006,
            "인구수":42.81,
            "인구증감":-2.72,
            "인구총점":29.151,
            "일자리":33.9,
            "소득수준":62.46,
            "일자리총점":42.468,
            "가치 총점":70.3509,
            "매매실거래년":20210716.0,
            "매매실거래가":95000.0,
            "전세실거래년":20211202.0,
            "전세실거래가":42000.0,
            "전세가율":44.21,
            "장기전세가율평균":63.7,
            "전세가율거품지수":19.49,
            "검색코드":3300,
            "세대수":114.0,
            "준공년월":"1998-12-19",
            "준공년차":25.0,
            "가까운역이름":"대흥",
            "가까운역거리":406.75,
            "역세권여부":"역세권",
            "30분이내주요거점역":5,
            "1시간이내주요거점역":19,
            "3km이내백화점수":2,
            "5km이내아울렛몰수":1,
            "1km이내대형먀트수":1,
            "500m이내은행수":5,
            "500m이내병원수":41,
            "5km이내대형병원수":11,
            "500m이내공원수":4,
            "3km이내혐오시설수":0,
            "초등학교학업성취도":91.27,
            "중학교학업성취도":82.9,
            "용적률":369,
            "건폐율":28,
            "Y":37.54517,
            "X":126.945313,
            "rank":69.0,
            "area_info":"24평(81.4), 34평(113.71)",
            "last_sales":"2021-07-16,95000.0,24평(81.4)"
        },
        {
            "index":32,
            "아파트명":"공덕현대",
            "투자타입":"재건축",
            "전용면적(m2)":"68.16",
            "전용면적(평)":"20평",
            "법정동주소":"서울시 마포구 공덕동 370-9",
            "도로명주소":"서울시 마포구 마포대로11길 73",
            "세대수":0,
            "입주년차":"--",
            "용적률점수":80,
            "건폐율점수":100,
            "세대당주차수":"--",
            "난방방식":"--",
            "공급면적":50,
            "전용률":60,
            "욕실수":"--",
            "현관타입":"--",
            "주거총점":57.5,
            "지역구공급총점":100.0,
            "역세권":50,
            "30분내 이동가능 거점":60,
            "1시간내 이동가능 거점":100,
            "교통총점":63.0,
            "백화점":100,
            "아울렛몰":80,
            "대형마트":80,
            "은행":100,
            "병원":80,
            "종합병원":100,
            "공원":100,
            "혐오시설":0,
            "인프라총점":91.0,
            "초등학군":91.15,
            "중학군":55.98,
            "학군총점":63.014,
            "인구수":42.81,
            "인구증감":-2.72,
            "인구총점":29.151,
            "일자리":33.9,
            "소득수준":62.46,
            "일자리총점":42.468,
            "가치 총점":70.3021,
            "매매실거래년":20200515.0,
            "매매실거래가":90000.0,
            "전세실거래년":20211208.0,
            "전세실거래가":30450.0,
            "전세가율":42.59,
            "장기전세가율평균":63.7,
            "전세가율거품지수":21.11,
            "검색코드":3289,
            "세대수":183.0,
            "준공년월":"1989-08-07",
            "준공년차":34.0,
            "가까운역이름":"공덕",
            "가까운역거리":502.14,
            "역세권여부":"준역세권",
            "30분이내주요거점역":3,
            "1시간이내주요거점역":17,
            "3km이내백화점수":1,
            "5km이내아울렛몰수":1,
            "1km이내대형먀트수":1,
            "500m이내은행수":8,
            "500m이내병원수":39,
            "5km이내대형병원수":10,
            "500m이내공원수":5,
            "3km이내혐오시설수":0,
            "초등학교학업성취도":91.15,
            "중학교학업성취도":90.9,
            "용적률":201,
            "건폐율":18,
            "Y":37.548404,
            "X":126.950236,
            "rank":70.0,
            "area_info":"20평(68.16), 26평(87.19), 26평(87.41), 29평(98.17), 30평(102.0), 30평(102.23), 31평(102.83)",
            "last_sales":"2020-05-15,90000.0,31평(102.83)"
        },
        {
            "index":370,
            "아파트명":"성산시영",
            "투자타입":"재건축",
            "전용면적(m2)":"66.24",
            "전용면적(평)":"20평",
            "법정동주소":"서울시 마포구 성산동 446",
            "도로명주소":"서울시 마포구 월드컵북로 235",
            "세대수":100,
            "입주년차":"--",
            "용적률점수":100,
            "건폐율점수":100,
            "세대당주차수":"--",
            "난방방식":"--",
            "공급면적":50,
            "전용률":60,
            "욕실수":"--",
            "현관타입":"--",
            "주거총점":95.5,
            "지역구공급총점":100.0,
            "역세권":80,
            "30분내 이동가능 거점":80,
            "1시간내 이동가능 거점":100,
            "교통총점":84.0,
            "백화점":0,
            "아울렛몰":0,
            "대형마트":100,
            "은행":0,
            "병원":60,
            "종합병원":100,
            "공원":100,
            "혐오시설":-50,
            "인프라총점":43.0,
            "초등학군":83.95,
            "중학군":52.66,
            "학군총점":58.918,
            "인구수":42.81,
            "인구증감":-2.72,
            "인구총점":29.151,
            "일자리":33.9,
            "소득수준":62.46,
            "일자리총점":42.468,
            "가치 총점":70.2377,
            "매매실거래년":20211208.0,
            "매매실거래가":105000.0,
            "전세실거래년":20220108.0,
            "전세실거래가":32000.0,
            "전세가율":30.48,
            "장기전세가율평균":63.7,
            "전세가율거품지수":33.22,
            "검색코드":410,
            "세대수":3710.0,
            "준공년월":"1986-06-07",
            "준공년차":37.0,
            "가까운역이름":"월드컵경기장",
            "가까운역거리":259.61,
            "역세권여부":"역세권",
            "30분이내주요거점역":4,
            "1시간이내주요거점역":14,
            "3km이내백화점수":0,
            "5km이내아울렛몰수":0,
            "1km이내대형먀트수":2,
            "500m이내은행수":1,
            "500m이내병원수":21,
            "5km이내대형병원수":5,
            "500m이내공원수":5,
            "3km이내혐오시설수":1,
            "초등학교학업성취도":83.95,
            "중학교학업성취도":86.3,
            "용적률":148,
            "건폐율":10,
            "Y":37.569123,
            "X":126.902198,
            "rank":71.0,
            "area_info":"20평(66.24), 21평(71.83), 23평(77.92)",
            "last_sales":"2021-12-08,105000.0,20평(66.24)"
        },
        {
            "index":592,
            "아파트명":"래미안",
            "투자타입":"일반",
            "전용면적(m2)":"79.52",
            "전용면적(평)":"24평",
            "법정동주소":"서울시 마포구 용강동 380",
            "도로명주소":"서울시 마포구 큰우물로 28",
            "세대수":50,
            "입주년차":20,
            "용적률점수":"--",
            "건폐율점수":"--",
            "세대당주차수":30,
            "난방방식":30,
            "공급면적":"--",
            "전용률":"--",
            "욕실수":100,
            "현관타입":100,
            "주거총점":49.0,
            "지역구공급총점":100.0,
            "역세권":80,
            "30분내 이동가능 거점":100,
            "1시간내 이동가능 거점":100,
            "교통총점":90.0,
            "백화점":100,
            "아울렛몰":80,
            "대형마트":0,
            "은행":0,
            "병원":60,
            "종합병원":100,
            "공원":100,
            "혐오시설":0,
            "인프라총점":67.0,
            "초등학군":83.06,
            "중학군":50.94,
            "학군총점":57.364,
            "인구수":42.81,
            "인구증감":-2.72,
            "인구총점":29.151,
            "일자리":33.9,
            "소득수준":62.46,
            "일자리총점":42.468,
            "가치 총점":70.0046,
            "매매실거래년":20210731.0,
            "매매실거래가":166500.0,
            "전세실거래년":20211023.0,
            "전세실거래가":65000.0,
            "전세가율":59.25,
            "장기전세가율평균":63.7,
            "전세가율거품지수":4.45,
            "검색코드":2995,
            "세대수":430.0,
            "준공년월":"2003-03-21",
            "준공년차":20.0,
            "가까운역이름":"대흥",
            "가까운역거리":443.22,
            "역세권여부":"역세권",
            "30분이내주요거점역":6,
            "1시간이내주요거점역":17,
            "3km이내백화점수":2,
            "5km이내아울렛몰수":1,
            "1km이내대형먀트수":0,
            "500m이내은행수":1,
            "500m이내병원수":24,
            "5km이내대형병원수":12,
            "500m이내공원수":7,
            "3km이내혐오시설수":0,
            "초등학교학업성취도":83.06,
            "중학교학업성취도":82.9,
            "용적률":220,
            "건폐율":16,
            "Y":37.543812,
            "X":126.941485,
            "rank":72.0,
            "area_info":"24평(79.52), 24평(79.43), 31평(104.59), 40평(135.05), 50평(166.24)",
            "last_sales":"2021-07-31,166500.0,31평(104.59)"
        },
        {
            "index":687,
            "아파트명":"한강삼성",
            "투자타입":"일반",
            "전용면적(m2)":"80.53",
            "전용면적(평)":"24평",
            "법정동주소":"서울시 마포구 토정동 138",
            "도로명주소":"서울시 마포구 토정로32길 11",
            "세대수":50,
            "입주년차":0,
            "용적률점수":"--",
            "건폐율점수":"--",
            "세대당주차수":0,
            "난방방식":100,
            "공급면적":"--",
            "전용률":"--",
            "욕실수":50,
            "현관타입":100,
            "주거총점":42.5,
            "지역구공급총점":100.0,
            "역세권":80,
            "30분내 이동가능 거점":80,
            "1시간내 이동가능 거점":100,
            "교통총점":84.0,
            "백화점":100,
            "아울렛몰":80,
            "대형마트":0,
            "은행":100,
            "병원":60,
            "종합병원":100,
            "공원":100,
            "혐오시설":0,
            "인프라총점":77.0,
            "초등학군":91.27,
            "중학군":50.94,
            "학군총점":59.006,
            "인구수":42.81,
            "인구증감":-2.72,
            "인구총점":29.151,
            "일자리":33.9,
            "소득수준":62.46,
            "일자리총점":42.468,
            "가치 총점":69.8509,
            "매매실거래년":20210917.0,
            "매매실거래가":143500.0,
            "전세실거래년":20211226.0,
            "전세실거래가":64500.0,
            "전세가율":52.02,
            "장기전세가율평균":63.7,
            "전세가율거품지수":11.68,
            "검색코드":421,
            "세대수":456.0,
            "준공년월":"1997-10-31",
            "준공년차":26.0,
            "가까운역이름":"마포",
            "가까운역거리":432.94,
            "역세권여부":"역세권",
            "30분이내주요거점역":4,
            "1시간이내주요거점역":14,
            "3km이내백화점수":2,
            "5km이내아울렛몰수":1,
            "1km이내대형먀트수":0,
            "500m이내은행수":6,
            "500m이내병원수":15,
            "5km이내대형병원수":11,
            "500m이내공원수":7,
            "3km이내혐오시설수":0,
            "초등학교학업성취도":91.27,
            "중학교학업성취도":82.9,
            "용적률":387,
            "건폐율":37,
            "Y":37.539663,
            "X":126.941023,
            "rank":73.0,
            "area_info":"24평(80.53), 24평(80.76), 32평(108.82), 32평(108.63)",
            "last_sales":"2021-09-17,143500.0,32평(108.82)"
        },
        {
            "index":452,
            "아파트명":"세양청마루",
            "투자타입":"일반",
            "전용면적(m2)":"79.23",
            "전용면적(평)":"23평",
            "법정동주소":"서울시 마포구 신수동 451",
            "도로명주소":"서울시 마포구 독막로 209",
            "세대수":0,
            "입주년차":20,
            "용적률점수":"--",
            "건폐율점수":"--",
            "세대당주차수":30,
            "난방방식":30,
            "공급면적":"--",
            "전용률":"--",
            "욕실수":100,
            "현관타입":10,
            "주거총점":22.5,
            "지역구공급총점":100.0,
            "역세권":80,
            "30분내 이동가능 거점":100,
            "1시간내 이동가능 거점":100,
            "교통총점":90.0,
            "백화점":100,
            "아울렛몰":80,
            "대형마트":100,
            "은행":20,
            "병원":60,
            "종합병원":100,
            "공원":100,
            "혐오시설":0,
            "인프라총점":84.0,
            "초등학군":83.06,
            "중학군":49.14,
            "학군총점":55.924,
            "인구수":42.81,
            "인구증감":-2.72,
            "인구총점":29.151,
            "일자리":33.9,
            "소득수준":62.46,
            "일자리총점":42.468,
            "가치 총점":69.5886,
            "매매실거래년":20210721.0,
            "매매실거래가":138000.0,
            "전세실거래년":20211223.0,
            "전세실거래가":55000.0,
            "전세가율":62.5,
            "장기전세가율평균":63.7,
            "전세가율거품지수":1.2,
            "검색코드":5618,
            "세대수":192.0,
            "준공년월":"2003-12-15",
            "준공년차":20.0,
            "가까운역이름":"광흥창",
            "가까운역거리":418.84,
            "역세권여부":"역세권",
            "30분이내주요거점역":6,
            "1시간이내주요거점역":17,
            "3km이내백화점수":2,
            "5km이내아울렛몰수":1,
            "1km이내대형먀트수":2,
            "500m이내은행수":2,
            "500m이내병원수":24,
            "5km이내대형병원수":11,
            "500m이내공원수":3,
            "3km이내혐오시설수":0,
            "초등학교학업성취도":83.06,
            "중학교학업성취도":81.5,
            "용적률":214,
            "건폐율":19,
            "Y":37.547995,
            "X":126.936695,
            "rank":74.0,
            "area_info":"23평(79.23), 31평(105.08), 42평(140.86)",
            "last_sales":"2021-07-21,138000.0,42평(140.86)"
        },
        {
            "index":703,
            "아파트명":"강변힐스테이트",
            "투자타입":"일반",
            "전용면적(m2)":"78.52",
            "전용면적(평)":"23평",
            "법정동주소":"서울시 마포구 현석동 222",
            "도로명주소":"서울시 마포구 신수로 15",
            "세대수":50,
            "입주년차":40,
            "용적률점수":"--",
            "건폐율점수":"--",
            "세대당주차수":30,
            "난방방식":30,
            "공급면적":"--",
            "전용률":"--",
            "욕실수":100,
            "현관타입":100,
            "주거총점":53.0,
            "지역구공급총점":100.0,
            "역세권":80,
            "30분내 이동가능 거점":80,
            "1시간내 이동가능 거점":100,
            "교통총점":84.0,
            "백화점":100,
            "아울렛몰":80,
            "대형마트":0,
            "은행":20,
            "병원":60,
            "종합병원":100,
            "공원":100,
            "혐오시설":0,
            "인프라총점":69.0,
            "초등학군":83.06,
            "중학군":50.54,
            "학군총점":57.044,
            "인구수":42.81,
            "인구증감":-2.72,
            "인구총점":29.151,
            "일자리":33.9,
            "소득수준":62.46,
            "일자리총점":42.468,
            "가치 총점":69.2566,
            "매매실거래년":20210812.0,
            "매매실거래가":174000.0,
            "전세실거래년":null,
            "전세실거래가":null,
            "전세가율":null,
            "장기전세가율평균":63.7,
            "전세가율거품지수":null,
            "검색코드":8492,
            "세대수":510.0,
            "준공년월":"2004-02-16",
            "준공년차":19.0,
            "가까운역이름":"광흥창",
            "가까운역거리":469.33,
            "역세권여부":"역세권",
            "30분이내주요거점역":4,
            "1시간이내주요거점역":14,
            "3km이내백화점수":2,
            "5km이내아울렛몰수":1,
            "1km이내대형먀트수":0,
            "500m이내은행수":2,
            "500m이내병원수":13,
            "5km이내대형병원수":11,
            "500m이내공원수":5,
            "3km이내혐오시설수":0,
            "초등학교학업성취도":83.06,
            "중학교학업성취도":83.1,
            "용적률":219,
            "건폐율":18,
            "Y":37.543378,
            "X":126.933366,
            "rank":75.0,
            "area_info":"23평(78.52), 24평(79.37), 24평(79.93), 32평(106.89), 40평(133.44)",
            "last_sales":"2021-08-12,174000.0,40평(133.44)"
        },
        {
            "index":161,
            "아파트명":"마포보성",
            "투자타입":"일반",
            "전용면적(m2)":"80.43",
            "전용면적(평)":"24평",
            "법정동주소":"서울시 마포구 마포동 442",
            "도로명주소":"서울시 마포구 마포대로4길 90",
            "세대수":0,
            "입주년차":0,
            "용적률점수":"--",
            "건폐율점수":"--",
            "세대당주차수":0,
            "난방방식":30,
            "공급면적":"--",
            "전용률":"--",
            "욕실수":50,
            "현관타입":10,
            "주거총점":9.0,
            "지역구공급총점":100.0,
            "역세권":80,
            "30분내 이동가능 거점":100,
            "1시간내 이동가능 거점":100,
            "교통총점":90.0,
            "백화점":100,
            "아울렛몰":80,
            "대형마트":80,
            "은행":100,
            "병원":60,
            "종합병원":100,
            "공원":100,
            "혐오시설":-50,
            "인프라총점":88.0,
            "초등학군":85.97,
            "중학군":54.82,
            "학군총점":61.05,
            "인구수":42.81,
            "인구증감":-2.72,
            "인구총점":29.151,
            "일자리":33.9,
            "소득수준":62.46,
            "일자리총점":42.468,
            "가치 총점":68.8575,
            "매매실거래년":20211009.0,
            "매매실거래가":98000.0,
            "전세실거래년":20211109.0,
            "전세실거래가":48000.0,
            "전세가율":48.98,
            "장기전세가율평균":63.7,
            "전세가율거품지수":14.72,
            "검색코드":409,
            "세대수":133.0,
            "준공년월":"1996-11-28",
            "준공년차":27.0,
            "가까운역이름":"마포",
            "가까운역거리":392.52,
            "역세권여부":"역세권",
            "30분이내주요거점역":5,
            "1시간이내주요거점역":16,
            "3km이내백화점수":2,
            "5km이내아울렛몰수":1,
            "1km이내대형먀트수":1,
            "500m이내은행수":5,
            "500m이내병원수":24,
            "5km이내대형병원수":10,
            "500m이내공원수":3,
            "3km이내혐오시설수":1,
            "초등학교학업성취도":85.97,
            "중학교학업성취도":90.3,
            "용적률":229,
            "건폐율":36,
            "Y":37.536062,
            "X":126.946381,
            "rank":76.0,
            "area_info":"24평(80.43), 31평(104.18), 42평(141.01)",
            "last_sales":"2021-10-09,98000.0,24평(80.43)"
        },
        {
            "index":424,
            "아파트명":"신공덕삼성래미안2차",
            "투자타입":"일반",
            "전용면적(m2)":"78.01",
            "전용면적(평)":"23평",
            "법정동주소":"서울시 마포구 신공덕동 159",
            "도로명주소":"서울시 마포구 만리재로 74",
            "세대수":50,
            "입주년차":20,
            "용적률점수":"--",
            "건폐율점수":"--",
            "세대당주차수":30,
            "난방방식":30,
            "공급면적":"--",
            "전용률":"--",
            "욕실수":50,
            "현관타입":10,
            "주거총점":35.0,
            "지역구공급총점":100.0,
            "역세권":50,
            "30분내 이동가능 거점":100,
            "1시간내 이동가능 거점":100,
            "교통총점":75.0,
            "백화점":100,
            "아울렛몰":100,
            "대형마트":80,
            "은행":100,
            "병원":60,
            "종합병원":100,
            "공원":100,
            "혐오시설":0,
            "인프라총점":91.0,
            "초등학군":91.15,
            "중학군":45.7,
            "학군총점":54.79,
            "인구수":42.81,
            "인구증감":-2.72,
            "인구총점":29.151,
            "일자리":33.9,
            "소득수준":62.46,
            "일자리총점":42.468,
            "가치 총점":68.7685,
            "매매실거래년":20211204.0,
            "매매실거래가":97500.0,
            "전세실거래년":20220113.0,
            "전세실거래가":60000.0,
            "전세가율":61.54,
            "장기전세가율평균":63.7,
            "전세가율거품지수":2.16,
            "검색코드":2993,
            "세대수":458.0,
            "준공년월":"2000-10-28",
            "준공년차":23.0,
            "가까운역이름":"공덕",
            "가까운역거리":634.75,
            "역세권여부":"준역세권",
            "30분이내주요거점역":5,
            "1시간이내주요거점역":17,
            "3km이내백화점수":3,
            "5km이내아울렛몰수":2,
            "1km이내대형먀트수":1,
            "500m이내은행수":5,
            "500m이내병원수":18,
            "5km이내대형병원수":12,
            "500m이내공원수":3,
            "3km이내혐오시설수":0,
            "초등학교학업성취도":91.15,
            "중학교학업성취도":75.1,
            "용적률":295,
            "건폐율":23,
            "Y":37.546527,
            "X":126.958059,
            "rank":77.0,
            "area_info":"23평(78.01), 32평(108.51), 43평(142.74)",
            "last_sales":"2021-12-04,97500.0,23평(78.01)"
        },
        {
            "index":449,
            "아파트명":"성원",
            "투자타입":"일반",
            "전용면적(m2)":"84.66",
            "전용면적(평)":"25평",
            "법정동주소":"서울시 마포구 신수동 190",
            "도로명주소":"서울시 마포구 독막로28길 7",
            "세대수":0,
            "입주년차":0,
            "용적률점수":"--",
            "건폐율점수":"--",
            "세대당주차수":30,
            "난방방식":30,
            "공급면적":"--",
            "전용률":"--",
            "욕실수":50,
            "현관타입":100,
            "주거총점":22.5,
            "지역구공급총점":100.0,
            "역세권":80,
            "30분내 이동가능 거점":100,
            "1시간내 이동가능 거점":100,
            "교통총점":90.0,
            "백화점":100,
            "아울렛몰":80,
            "대형마트":80,
            "은행":20,
            "병원":60,
            "종합병원":100,
            "공원":100,
            "혐오시설":0,
            "인프라총점":81.0,
            "초등학군":83.06,
            "중학군":49.14,
            "학군총점":55.924,
            "인구수":42.81,
            "인구증감":-2.72,
            "인구총점":29.151,
            "일자리":33.9,
            "소득수준":62.46,
            "일자리총점":42.468,
            "가치 총점":68.6886,
            "매매실거래년":20210901.0,
            "매매실거래가":133700.0,
            "전세실거래년":20211115.0,
            "전세실거래가":42000.0,
            "전세가율":46.15,
            "장기전세가율평균":63.7,
            "전세가율거품지수":17.55,
            "검색코드":842,
            "세대수":260.0,
            "준공년월":"1998-12-15",
            "준공년차":25.0,
            "가까운역이름":"대흥",
            "가까운역거리":414.04,
            "역세권여부":"역세권",
            "30분이내주요거점역":6,
            "1시간이내주요거점역":16,
            "3km이내백화점수":2,
            "5km이내아울렛몰수":1,
            "1km이내대형먀트수":1,
            "500m이내은행수":2,
            "500m이내병원수":23,
            "5km이내대형병원수":12,
            "500m이내공원수":4,
            "3km이내혐오시설수":0,
            "초등학교학업성취도":83.06,
            "중학교학업성취도":81.5,
            "용적률":367,
            "건폐율":30,
            "Y":37.546983,
            "X":126.937479,
            "rank":78.0,
            "area_info":"25평(84.66), 32평(107.85), 42평(140.6)",
            "last_sales":"2021-09-01,133700.0,32평(107.85)"
        },
        {
            "index":128,
            "아파트명":"도화현대1차",
            "투자타입":"일반",
            "전용면적(m2)":"75.0",
            "전용면적(평)":"22평",
            "법정동주소":"서울시 마포구 도화동 357",
            "도로명주소":"서울시 마포구 새창로 52",
            "세대수":90,
            "입주년차":0,
            "용적률점수":"--",
            "건폐율점수":"--",
            "세대당주차수":0,
            "난방방식":80,
            "공급면적":"--",
            "전용률":"--",
            "욕실수":50,
            "현관타입":10,
            "주거총점":45.5,
            "지역구공급총점":100.0,
            "역세권":50,
            "30분내 이동가능 거점":100,
            "1시간내 이동가능 거점":100,
            "교통총점":75.0,
            "백화점":100,
            "아울렛몰":80,
            "대형마트":80,
            "은행":20,
            "병원":80,
            "종합병원":100,
            "공원":0,
            "혐오시설":0,
            "인프라총점":80.0,
            "초등학군":85.97,
            "중학군":54.82,
            "학군총점":61.05,
            "인구수":42.81,
            "인구증감":-2.72,
            "인구총점":29.151,
            "일자리":33.9,
            "소득수준":62.46,
            "일자리총점":42.468,
            "가치 총점":68.5075,
            "매매실거래년":20211229.0,
            "매매실거래가":174000.0,
            "전세실거래년":20211124.0,
            "전세실거래가":40000.0,
            "전세가율":38.65,
            "장기전세가율평균":63.7,
            "전세가율거품지수":25.05,
            "검색코드":407,
            "세대수":1021.0,
            "준공년월":"1996-09-25",
            "준공년차":27.0,
            "가까운역이름":"공덕",
            "가까운역거리":520.54,
            "역세권여부":"준역세권",
            "30분이내주요거점역":5,
            "1시간이내주요거점역":18,
            "3km이내백화점수":2,
            "5km이내아울렛몰수":1,
            "1km이내대형먀트수":1,
            "500m이내은행수":2,
            "500m이내병원수":39,
            "5km이내대형병원수":11,
            "500m이내공원수":0,
            "3km이내혐오시설수":0,
            "초등학교학업성취도":85.97,
            "중학교학업성취도":90.3,
            "용적률":266,
            "건폐율":21,
            "Y":37.539927,
            "X":126.954462,
            "rank":79.0,
            "area_info":"22평(75.0), 28평(94.0), 32평(106.37), 39평(130.82), 45평(148.78), 50평(168.52)",
            "last_sales":"2021-12-29,174000.0,50평(168.52)"
        },
        {
            "index":125,
            "아파트명":"도화현대",
            "투자타입":"일반",
            "전용면적(m2)":"79.47",
            "전용면적(평)":"24평",
            "법정동주소":"서울시 마포구 도화동 547",
            "도로명주소":"서울시 마포구 새창로 52",
            "세대수":0,
            "입주년차":0,
            "용적률점수":"--",
            "건폐율점수":"--",
            "세대당주차수":0,
            "난방방식":30,
            "공급면적":"--",
            "전용률":"--",
            "욕실수":50,
            "현관타입":10,
            "주거총점":9.0,
            "지역구공급총점":100.0,
            "역세권":80,
            "30분내 이동가능 거점":100,
            "1시간내 이동가능 거점":100,
            "교통총점":90.0,
            "백화점":100,
            "아울렛몰":80,
            "대형마트":80,
            "은행":20,
            "병원":100,
            "종합병원":100,
            "공원":80,
            "혐오시설":0,
            "인프라총점":84.4,
            "초등학군":85.97,
            "중학군":54.82,
            "학군총점":61.05,
            "인구수":42.81,
            "인구증감":-2.72,
            "인구총점":29.151,
            "일자리":33.9,
            "소득수준":62.46,
            "일자리총점":42.468,
            "가치 총점":67.7775,
            "매매실거래년":20210731.0,
            "매매실거래가":106700.0,
            "전세실거래년":20211102.0,
            "전세실거래가":55000.0,
            "전세가율":51.55,
            "장기전세가율평균":63.7,
            "전세가율거품지수":12.15,
            "검색코드":3294,
            "세대수":196.0,
            "준공년월":"1998-09-24",
            "준공년차":25.0,
            "가까운역이름":"공덕",
            "가까운역거리":459.12,
            "역세권여부":"역세권",
            "30분이내주요거점역":5,
            "1시간이내주요거점역":18,
            "3km이내백화점수":2,
            "5km이내아울렛몰수":1,
            "1km이내대형먀트수":1,
            "500m이내은행수":2,
            "500m이내병원수":66,
            "5km이내대형병원수":11,
            "500m이내공원수":1,
            "3km이내혐오시설수":0,
            "초등학교학업성취도":85.97,
            "중학교학업성취도":90.3,
            "용적률":273,
            "건폐율":22,
            "Y":37.54041,
            "X":126.954124,
            "rank":80.0,
            "area_info":"24평(79.47), 32평(106.0), 41평(135.67)",
            "last_sales":"2021-07-31,106700.0,24평(79.47)"
        },
        {
            "index":271,
            "아파트명":"상수두산위브",
            "투자타입":"일반",
            "전용면적(m2)":"104.89",
            "전용면적(평)":"31평",
            "법정동주소":"서울시 마포구 상수동 396",
            "도로명주소":"서울시 마포구 독막로18길 5",
            "세대수":0,
            "입주년차":40,
            "용적률점수":"--",
            "건폐율점수":"--",
            "세대당주차수":60,
            "난방방식":30,
            "공급면적":"--",
            "전용률":"--",
            "욕실수":100,
            "현관타입":100,
            "주거총점":40.0,
            "지역구공급총점":100.0,
            "역세권":80,
            "30분내 이동가능 거점":100,
            "1시간내 이동가능 거점":100,
            "교통총점":90.0,
            "백화점":100,
            "아울렛몰":80,
            "대형마트":0,
            "은행":0,
            "병원":30,
            "종합병원":100,
            "공원":100,
            "혐오시설":0,
            "인프라총점":64.0,
            "초등학군":86.34,
            "중학군":45.94,
            "학군총점":54.02,
            "인구수":42.81,
            "인구증감":-2.72,
            "인구총점":29.151,
            "일자리":33.9,
            "소득수준":62.46,
            "일자리총점":42.468,
            "가치 총점":66.803,
            "매매실거래년":20210911.0,
            "매매실거래가":170000.0,
            "전세실거래년":20211027.0,
            "전세실거래가":68000.0,
            "전세가율":50.37,
            "장기전세가율평균":63.7,
            "전세가율거품지수":13.33,
            "검색코드":9738,
            "세대수":258.0,
            "준공년월":"2004-12-29",
            "준공년차":19.0,
            "가까운역이름":"상수",
            "가까운역거리":177.47,
            "역세권여부":"역세권",
            "30분이내주요거점역":6,
            "1시간이내주요거점역":15,
            "3km이내백화점수":2,
            "5km이내아울렛몰수":1,
            "1km이내대형먀트수":0,
            "500m이내은행수":1,
            "500m이내병원수":7,
            "5km이내대형병원수":10,
            "500m이내공원수":4,
            "3km이내혐오시설수":0,
            "초등학교학업성취도":86.34,
            "중학교학업성취도":75.9,
            "용적률":307,
            "건폐율":18,
            "Y":37.546666,
            "X":126.924368,
            "rank":81.0,
            "area_info":"31평(104.89), 41평(136.12)",
            "last_sales":"2021-09-11,170000.0,41평(136.12)"
        },
        {
            "index":333,
            "아파트명":"서교대우미래사랑",
            "투자타입":"일반",
            "전용면적(m2)":"33.28",
            "전용면적(평)":"10평",
            "법정동주소":"서울시 마포구 서교동 487",
            "도로명주소":"서울시 마포구 월드컵북로5나길 18",
            "세대수":30,
            "입주년차":40,
            "용적률점수":"--",
            "건폐율점수":"--",
            "세대당주차수":30,
            "난방방식":30,
            "공급면적":"--",
            "전용률":"--",
            "욕실수":50,
            "현관타입":10,
            "주거총점":32.0,
            "지역구공급총점":100.0,
            "역세권":50,
            "30분내 이동가능 거점":100,
            "1시간내 이동가능 거점":100,
            "교통총점":75.0,
            "백화점":100,
            "아울렛몰":80,
            "대형마트":80,
            "은행":70,
            "병원":60,
            "종합병원":100,
            "공원":100,
            "혐오시설":0,
            "인프라총점":86.0,
            "초등학군":86.66,
            "중학군":47.58,
            "학군총점":55.396,
            "인구수":42.81,
            "인구증감":-2.72,
            "인구총점":29.151,
            "일자리":33.9,
            "소득수준":62.46,
            "일자리총점":42.468,
            "가치 총점":66.7594,
            "매매실거래년":20211211.0,
            "매매실거래가":81000.0,
            "전세실거래년":null,
            "전세실거래가":null,
            "전세가율":null,
            "장기전세가율평균":63.7,
            "전세가율거품지수":null,
            "검색코드":13479,
            "세대수":366.0,
            "준공년월":"2005-08-30",
            "준공년차":18.0,
            "가까운역이름":"망원",
            "가까운역거리":609.18,
            "역세권여부":"준역세권",
            "30분이내주요거점역":5,
            "1시간이내주요거점역":16,
            "3km이내백화점수":1,
            "5km이내아울렛몰수":1,
            "1km이내대형먀트수":1,
            "500m이내은행수":3,
            "500m이내병원수":22,
            "5km이내대형병원수":9,
            "500m이내공원수":2,
            "3km이내혐오시설수":0,
            "초등학교학업성취도":86.66,
            "중학교학업성취도":78.9,
            "용적률":399,
            "건폐율":55,
            "Y":37.557427,
            "X":126.916755,
            "rank":82.0,
            "area_info":"10평(33.28), 11평(37.81), 11평(38.81), 12평(42.83), 13평(44.7), 13평(45.35), 16평(53.2), 16평(54.9), 17평(57.77), 18평(59.78), 18평(62.79), 21평(70.57), 22평(74.99), 22평(75.85), 23평(76.09), 26평(86.14), 27평(89.97), 26평(89.16), 27평(90.07), 33평(111.52), 33평(112.34)",
            "last_sales":"2021-12-11,81000.0,33평(112.34)"
        },
        {
            "index":367,
            "아파트명":"성산동성",
            "투자타입":"일반",
            "전용면적(m2)":"80.49",
            "전용면적(평)":"24평",
            "법정동주소":"서울시 마포구 성산동 597",
            "도로명주소":"서울시 마포구 모래내로3길 4",
            "세대수":0,
            "입주년차":20,
            "용적률점수":"--",
            "건폐율점수":"--",
            "세대당주차수":30,
            "난방방식":30,
            "공급면적":"--",
            "전용률":"--",
            "욕실수":50,
            "현관타입":100,
            "주거총점":26.5,
            "지역구공급총점":100.0,
            "역세권":80,
            "30분내 이동가능 거점":100,
            "1시간내 이동가능 거점":100,
            "교통총점":90.0,
            "백화점":100,
            "아울렛몰":0,
            "대형마트":100,
            "은행":0,
            "병원":60,
            "종합병원":100,
            "공원":100,
            "혐오시설":0,
            "인프라총점":74.0,
            "초등학군":83.95,
            "중학군":42.82,
            "학군총점":51.046,
            "인구수":42.81,
            "인구증감":-2.72,
            "인구총점":29.151,
            "일자리":33.9,
            "소득수준":62.46,
            "일자리총점":42.468,
            "가치 총점":66.6569,
            "매매실거래년":20210724.0,
            "매매실거래가":75000.0,
            "전세실거래년":20210708.0,
            "전세실거래가":43000.0,
            "전세가율":57.33,
            "장기전세가율평균":63.7,
            "전세가율거품지수":6.37,
            "검색코드":8421,
            "세대수":127.0,
            "준공년월":"1999-08-31",
            "준공년차":24.0,
            "가까운역이름":"마포구청",
            "가까운역거리":258.74,
            "역세권여부":"역세권",
            "30분이내주요거점역":5,
            "1시간이내주요거점역":12,
            "3km이내백화점수":1,
            "5km이내아울렛몰수":0,
            "1km이내대형먀트수":2,
            "500m이내은행수":1,
            "500m이내병원수":12,
            "5km이내대형병원수":6,
            "500m이내공원수":8,
            "3km이내혐오시설수":0,
            "초등학교학업성취도":83.95,
            "중학교학업성취도":71.1,
            "용적률":0,
            "건폐율":0,
            "Y":37.564876,
            "X":126.905724,
            "rank":83.0,
            "area_info":"24평(80.49), 32평(108.69), 32평(108.49)",
            "last_sales":"2021-07-24,75000.0,24평(80.49)"
        },
        {
            "index":380,
            "아파트명":"월드컵IPARK1차",
            "투자타입":"일반",
            "전용면적(m2)":"78.41",
            "전용면적(평)":"23평",
            "법정동주소":"서울시 마포구 성산동 667",
            "도로명주소":"서울시 마포구 모래내로9길 6",
            "세대수":30,
            "입주년차":60,
            "용적률점수":"--",
            "건폐율점수":"--",
            "세대당주차수":30,
            "난방방식":30,
            "공급면적":"--",
            "전용률":"--",
            "욕실수":100,
            "현관타입":100,
            "주거총점":50.0,
            "지역구공급총점":100.0,
            "역세권":80,
            "30분내 이동가능 거점":80,
            "1시간내 이동가능 거점":100,
            "교통총점":84.0,
            "백화점":100,
            "아울렛몰":0,
            "대형마트":0,
            "은행":70,
            "병원":30,
            "종합병원":100,
            "공원":100,
            "혐오시설":0,
            "인프라총점":63.0,
            "초등학군":85.98,
            "중학군":45.2,
            "학군총점":53.356,
            "인구수":42.81,
            "인구증감":-2.72,
            "인구총점":29.151,
            "일자리":33.9,
            "소득수준":62.46,
            "일자리총점":42.468,
            "가치 총점":66.3034,
            "매매실거래년":20210828.0,
            "매매실거래가":100000.0,
            "전세실거래년":20220118.0,
            "전세실거래가":42000.0,
            "전세가율":42.0,
            "장기전세가율평균":63.7,
            "전세가율거품지수":21.7,
            "검색코드":27020,
            "세대수":320.0,
            "준공년월":"2009-03-05",
            "준공년차":14.0,
            "가까운역이름":"가좌",
            "가까운역거리":107.77,
            "역세권여부":"역세권",
            "30분이내주요거점역":4,
            "1시간이내주요거점역":14,
            "3km이내백화점수":1,
            "5km이내아울렛몰수":0,
            "1km이내대형먀트수":0,
            "500m이내은행수":4,
            "500m이내병원수":5,
            "5km이내대형병원수":7,
            "500m이내공원수":2,
            "3km이내혐오시설수":0,
            "초등학교학업성취도":85.98,
            "중학교학업성취도":74.8,
            "용적률":249,
            "건폐율":19,
            "Y":37.567823,
            "X":126.914601,
            "rank":84.0,
            "area_info":"23평(78.41), 32평(107.9), 42평(140.66)",
            "last_sales":"2021-08-28,100000.0,23평(78.41)"
        },
        {
            "index":242,
            "아파트명":"상암마젤란21",
            "투자타입":"일반",
            "전용면적(m2)":"79.55",
            "전용면적(평)":"24평",
            "법정동주소":"서울시 마포구 망원동 513",
            "도로명주소":"서울시 마포구 방울내로11길 43",
            "세대수":0,
            "입주년차":40,
            "용적률점수":"--",
            "건폐율점수":"--",
            "세대당주차수":30,
            "난방방식":30,
            "공급면적":"--",
            "전용률":"--",
            "욕실수":50,
            "현관타입":10,
            "주거총점":21.5,
            "지역구공급총점":100.0,
            "역세권":80,
            "30분내 이동가능 거점":100,
            "1시간내 이동가능 거점":100,
            "교통총점":90.0,
            "백화점":100,
            "아울렛몰":0,
            "대형마트":100,
            "은행":0,
            "병원":60,
            "종합병원":100,
            "공원":100,
            "혐오시설":0,
            "인프라총점":74.0,
            "초등학군":80.6,
            "중학군":42.82,
            "학군총점":50.376,
            "인구수":42.81,
            "인구증감":-2.72,
            "인구총점":29.151,
            "일자리":33.9,
            "소득수준":62.46,
            "일자리총점":42.468,
            "가치 총점":65.5564,
            "매매실거래년":20211005.0,
            "매매실거래가":95000.0,
            "전세실거래년":20211002.0,
            "전세실거래가":36750.0,
            "전세가율":47.36,
            "장기전세가율평균":63.7,
            "전세가율거품지수":16.34,
            "검색코드":13692,
            "세대수":107.0,
            "준공년월":"2005-03-18",
            "준공년차":18.0,
            "가까운역이름":"마포구청",
            "가까운역거리":138.05,
            "역세권여부":"역세권",
            "30분이내주요거점역":7,
            "1시간이내주요거점역":15,
            "3km이내백화점수":1,
            "5km이내아울렛몰수":0,
            "1km이내대형먀트수":2,
            "500m이내은행수":1,
            "500m이내병원수":15,
            "5km이내대형병원수":6,
            "500m이내공원수":3,
            "3km이내혐오시설수":0,
            "초등학교학업성취도":80.6,
            "중학교학업성취도":71.1,
            "용적률":350,
            "건폐율":25,
            "Y":37.56231,
            "X":126.902966,
            "rank":85.0,
            "area_info":"24평(79.55), 24평(79.55), 30평(101.07)",
            "last_sales":"2021-10-05,95000.0,30평(101.07)"
        },
        {
            "index":470,
            "아파트명":"서강GS",
            "투자타입":"일반",
            "전용면적(m2)":"87.47",
            "전용면적(평)":"26평",
            "법정동주소":"서울시 마포구 신정동 30",
            "도로명주소":"서울시 마포구 창전로 26",
            "세대수":50,
            "입주년차":20,
            "용적률점수":"--",
            "건폐율점수":"--",
            "세대당주차수":0,
            "난방방식":30,
            "공급면적":"--",
            "전용률":"--",
            "욕실수":50,
            "현관타입":10,
            "주거총점":30.5,
            "지역구공급총점":100.0,
            "역세권":80,
            "30분내 이동가능 거점":80,
            "1시간내 이동가능 거점":100,
            "교통총점":84.0,
            "백화점":100,
            "아울렛몰":80,
            "대형마트":0,
            "은행":20,
            "병원":60,
            "종합병원":100,
            "공원":100,
            "혐오시설":0,
            "인프라총점":69.0,
            "초등학군":83.06,
            "중학군":50.54,
            "학군총점":57.044,
            "인구수":42.81,
            "인구증감":-2.72,
            "인구총점":29.151,
            "일자리":33.9,
            "소득수준":62.46,
            "일자리총점":42.468,
            "가치 총점":64.7566,
            "매매실거래년":20210727.0,
            "매매실거래가":100000.0,
            "전세실거래년":20211012.0,
            "전세실거래가":41000.0,
            "전세가율":41.0,
            "장기전세가율평균":63.7,
            "전세가율거품지수":22.7,
            "검색코드":1151,
            "세대수":538.0,
            "준공년월":"1999-07-01",
            "준공년차":24.0,
            "가까운역이름":"광흥창",
            "가까운역거리":336.07,
            "역세권여부":"역세권",
            "30분이내주요거점역":4,
            "1시간이내주요거점역":15,
            "3km이내백화점수":2,
            "5km이내아울렛몰수":1,
            "1km이내대형먀트수":0,
            "500m이내은행수":2,
            "500m이내병원수":13,
            "5km이내대형병원수":11,
            "500m이내공원수":7,
            "3km이내혐오시설수":0,
            "초등학교학업성취도":83.06,
            "중학교학업성취도":83.1,
            "용적률":359,
            "건폐율":22,
            "Y":37.544452,
            "X":126.931574,
            "rank":86.0,
            "area_info":"26평(87.47), 34평(114.15), 34평(114.84), 45평(150.36), 45평(150.36)",
            "last_sales":"2021-07-27,100000.0,26평(87.47)"
        },
        {
            "index":507,
            "아파트명":"서서울삼성",
            "투자타입":"일반",
            "전용면적(m2)":"64.63",
            "전용면적(평)":"19평",
            "법정동주소":"서울시 마포구 아현동 692",
            "도로명주소":"서울시 마포구 마포대로 262",
            "세대수":0,
            "입주년차":0,
            "용적률점수":"--",
            "건폐율점수":"--",
            "세대당주차수":0,
            "난방방식":30,
            "공급면적":"--",
            "전용률":"--",
            "욕실수":50,
            "현관타입":100,
            "주거총점":18.0,
            "지역구공급총점":100.0,
            "역세권":80,
            "30분내 이동가능 거점":100,
            "1시간내 이동가능 거점":100,
            "교통총점":90.0,
            "백화점":100,
            "아울렛몰":100,
            "대형마트":0,
            "은행":20,
            "병원":60,
            "종합병원":100,
            "공원":100,
            "혐오시설":-50,
            "인프라총점":70.0,
            "초등학군":92.13,
            "중학군":45.44,
            "학군총점":54.778,
            "인구수":42.81,
            "인구증감":-2.72,
            "인구총점":29.151,
            "일자리":33.9,
            "소득수준":62.46,
            "일자리총점":42.468,
            "가치 총점":64.3167,
            "매매실거래년":20210709.0,
            "매매실거래가":80500.0,
            "전세실거래년":20211103.0,
            "전세실거래가":40000.0,
            "전세가율":49.69,
            "장기전세가율평균":63.7,
            "전세가율거품지수":14.01,
            "검색코드":1152,
            "세대수":208.0,
            "준공년월":"1998-10-08",
            "준공년차":25.0,
            "가까운역이름":"아현",
            "가까운역거리":276.7,
            "역세권여부":"역세권",
            "30분이내주요거점역":7,
            "1시간이내주요거점역":17,
            "3km이내백화점수":3,
            "5km이내아울렛몰수":2,
            "1km이내대형먀트수":0,
            "500m이내은행수":2,
            "500m이내병원수":25,
            "5km이내대형병원수":10,
            "500m이내공원수":2,
            "3km이내혐오시설수":1,
            "초등학교학업성취도":92.13,
            "중학교학업성취도":74.6,
            "용적률":388,
            "건폐율":28,
            "Y":37.556438,
            "X":126.959064,
            "rank":87.0,
            "area_info":"19평(64.63), 30평(100.3)",
            "last_sales":"2021-07-09,80500.0,19평(64.63)"
        },
        {
            "index":708,
            "아파트명":"래미안웰스트림",
            "투자타입":"일반",
            "전용면적(m2)":"83.3",
            "전용면적(평)":"25평",
            "법정동주소":"서울시 마포구 현석동 225",
            "도로명주소":"서울시 마포구 토정로18길 11",
            "세대수":80,
            "입주년차":80,
            "용적률점수":"--",
            "건폐율점수":"--",
            "세대당주차수":30,
            "난방방식":100,
            "공급면적":"--",
            "전용률":"--",
            "욕실수":100,
            "현관타입":100,
            "주거총점":78.5,
            "지역구공급총점":100.0,
            "역세권":50,
            "30분내 이동가능 거점":40,
            "1시간내 이동가능 거점":100,
            "교통총점":57.0,
            "백화점":100,
            "아울렛몰":80,
            "대형마트":0,
            "은행":20,
            "병원":30,
            "종합병원":100,
            "공원":100,
            "혐오시설":0,
            "인프라총점":66.0,
            "초등학군":83.06,
            "중학군":50.54,
            "학군총점":57.044,
            "인구수":42.81,
            "인구증감":-2.72,
            "인구총점":29.151,
            "일자리":33.9,
            "소득수준":62.46,
            "일자리총점":42.468,
            "가치 총점":64.0066,
            "매매실거래년":20211118.0,
            "매매실거래가":148000.0,
            "전세실거래년":20211218.0,
            "전세실거래가":65000.0,
            "전세가율":43.92,
            "장기전세가율평균":63.7,
            "전세가율거품지수":19.78,
            "검색코드":107438,
            "세대수":773.0,
            "준공년월":"2016-07-14",
            "준공년차":7.0,
            "가까운역이름":"광흥창",
            "가까운역거리":546.95,
            "역세권여부":"준역세권",
            "30분이내주요거점역":2,
            "1시간이내주요거점역":15,
            "3km이내백화점수":2,
            "5km이내아울렛몰수":1,
            "1km이내대형먀트수":0,
            "500m이내은행수":2,
            "500m이내병원수":8,
            "5km이내대형병원수":11,
            "500m이내공원수":6,
            "3km이내혐오시설수":0,
            "초등학교학업성취도":83.06,
            "중학교학업성취도":83.1,
            "용적률":299,
            "건폐율":17,
            "Y":37.54335,
            "X":126.935409,
            "rank":88.0,
            "area_info":"25평(83.3), 25평(84.99), 35평(118.02), 35평(118.4), 36평(119.23), 36평(119.57), 36평(119.14), 36평(119.54), 45평(151.14), 45평(151.68), 45평(151.95)",
            "last_sales":"2021-11-18,148000.0,25평(83.3)"
        },
        {
            "index":373,
            "아파트명":"성산월드타운대림",
            "투자타입":"일반",
            "전용면적(m2)":"84.01",
            "전용면적(평)":"25평",
            "법정동주소":"서울시 마포구 성산동 601",
            "도로명주소":"서울시 마포구 월드컵북로30길 9-22",
            "세대수":80,
            "입주년차":40,
            "용적률점수":"--",
            "건폐율점수":"--",
            "세대당주차수":30,
            "난방방식":100,
            "공급면적":"--",
            "전용률":"--",
            "욕실수":100,
            "현관타입":10,
            "주거총점":61.5,
            "지역구공급총점":100.0,
            "역세권":50,
            "30분내 이동가능 거점":40,
            "1시간내 이동가능 거점":100,
            "교통총점":57.0,
            "백화점":100,
            "아울렛몰":0,
            "대형마트":100,
            "은행":20,
            "병원":60,
            "종합병원":100,
            "공원":100,
            "혐오시설":-50,
            "인프라총점":75.0,
            "초등학군":90.0,
            "중학군":52.66,
            "학군총점":60.128,
            "인구수":42.81,
            "인구증감":-2.72,
            "인구총점":29.151,
            "일자리":33.9,
            "소득수준":62.46,
            "일자리총점":42.468,
            "가치 총점":63.7692,
            "매매실거래년":20210804.0,
            "매매실거래가":123000.0,
            "전세실거래년":20211029.0,
            "전세실거래가":23000.0,
            "전세가율":26.35,
            "장기전세가율평균":63.7,
            "전세가율거품지수":37.35,
            "검색코드":8015,
            "세대수":795.0,
            "준공년월":"2004-08-24",
            "준공년차":19.0,
            "가까운역이름":"가좌",
            "가까운역거리":704.21,
            "역세권여부":"준역세권",
            "30분이내주요거점역":2,
            "1시간이내주요거점역":13,
            "3km이내백화점수":1,
            "5km이내아울렛몰수":0,
            "1km이내대형먀트수":2,
            "500m이내은행수":2,
            "500m이내병원수":20,
            "5km이내대형병원수":4,
            "500m이내공원수":8,
            "3km이내혐오시설수":1,
            "초등학교학업성취도":90.0,
            "중학교학업성취도":86.3,
            "용적률":341,
            "건폐율":20,
            "Y":37.569868,
            "X":126.907688,
            "rank":89.0,
            "area_info":"25평(84.01), 32평(107.9), 35평(116.82), 35평(117.84), 43평(144.17), 46평(153.38), 57평(188.56)",
            "last_sales":"2021-08-04,123000.0,46평(153.38)"
        },
        {
            "index":614,
            "아파트명":"DMC마포청구",
            "투자타입":"일반",
            "전용면적(m2)":"106.51",
            "전용면적(평)":"32평",
            "법정동주소":"서울시 마포구 중동 390",
            "도로명주소":"서울시 마포구 성암로11길 60",
            "세대수":50,
            "입주년차":0,
            "용적률점수":"--",
            "건폐율점수":"--",
            "세대당주차수":0,
            "난방방식":100,
            "공급면적":"--",
            "전용률":"--",
            "욕실수":100,
            "현관타입":100,
            "주거총점":47.5,
            "지역구공급총점":100.0,
            "역세권":80,
            "30분내 이동가능 거점":80,
            "1시간내 이동가능 거점":100,
            "교통총점":84.0,
            "백화점":0,
            "아울렛몰":0,
            "대형마트":100,
            "은행":70,
            "병원":60,
            "종합병원":100,
            "공원":100,
            "혐오시설":-50,
            "인프라총점":50.0,
            "초등학군":90.0,
            "중학군":52.66,
            "학군총점":60.128,
            "인구수":42.81,
            "인구증감":-2.72,
            "인구총점":29.151,
            "일자리":33.9,
            "소득수준":62.46,
            "일자리총점":42.468,
            "가치 총점":62.9192,
            "매매실거래년":20211016.0,
            "매매실거래가":109500.0,
            "전세실거래년":20220107.0,
            "전세실거래가":55000.0,
            "전세가율":48.03,
            "장기전세가율평균":63.7,
            "전세가율거품지수":15.67,
            "검색코드":845,
            "세대수":420.0,
            "준공년월":"1994-09-29",
            "준공년차":29.0,
            "가까운역이름":"디지털미디어시티",
            "가까운역거리":265.54,
            "역세권여부":"역세권",
            "30분이내주요거점역":4,
            "1시간이내주요거점역":14,
            "3km이내백화점수":0,
            "5km이내아울렛몰수":0,
            "1km이내대형먀트수":3,
            "500m이내은행수":4,
            "500m이내병원수":10,
            "5km이내대형병원수":5,
            "500m이내공원수":2,
            "3km이내혐오시설수":1,
            "초등학교학업성취도":90.0,
            "중학교학업성취도":86.3,
            "용적률":343,
            "건폐율":25,
            "Y":37.574336,
            "X":126.901748,
            "rank":90.0,
            "area_info":"32평(106.51), 32평(106.1)",
            "last_sales":"2021-10-16,109500.0,32평(106.1)"
        },
        {
            "index":616,
            "아파트명":"건영월드컵",
            "투자타입":"일반",
            "전용면적(m2)":"88.53",
            "전용면적(평)":"26평",
            "법정동주소":"서울시 마포구 중동 393",
            "도로명주소":"서울시 마포구 성암로 41",
            "세대수":0,
            "입주년차":20,
            "용적률점수":"--",
            "건폐율점수":"--",
            "세대당주차수":30,
            "난방방식":30,
            "공급면적":"--",
            "전용률":"--",
            "욕실수":50,
            "현관타입":10,
            "주거총점":17.5,
            "지역구공급총점":100.0,
            "역세권":80,
            "30분내 이동가능 거점":60,
            "1시간내 이동가능 거점":100,
            "교통총점":78.0,
            "백화점":100,
            "아울렛몰":0,
            "대형마트":80,
            "은행":100,
            "병원":30,
            "종합병원":100,
            "공원":100,
            "혐오시설":0,
            "인프라총점":78.0,
            "초등학군":85.98,
            "중학군":45.2,
            "학군총점":53.356,
            "인구수":42.81,
            "인구증감":-2.72,
            "인구총점":29.151,
            "일자리":33.9,
            "소득수준":62.46,
            "일자리총점":42.468,
            "가치 총점":62.2034,
            "매매실거래년":20211224.0,
            "매매실거래가":89500.0,
            "전세실거래년":20210327.0,
            "전세실거래가":32500.0,
            "전세가율":50.78,
            "장기전세가율평균":63.7,
            "전세가율거품지수":12.92,
            "검색코드":3391,
            "세대수":206.0,
            "준공년월":"2002-11-01",
            "준공년차":21.0,
            "가까운역이름":"가좌",
            "가까운역거리":336.06,
            "역세권여부":"역세권",
            "30분이내주요거점역":3,
            "1시간이내주요거점역":13,
            "3km이내백화점수":1,
            "5km이내아울렛몰수":0,
            "1km이내대형먀트수":1,
            "500m이내은행수":5,
            "500m이내병원수":7,
            "5km이내대형병원수":6,
            "500m이내공원수":7,
            "3km이내혐오시설수":0,
            "초등학교학업성취도":85.98,
            "중학교학업성취도":74.8,
            "용적률":310,
            "건폐율":19,
            "Y":37.568905,
            "X":126.91171,
            "rank":91.0,
            "area_info":"26평(88.53), 26평(88.53), 31평(103.97), 32평(106.38), 32평(107.22), 42평(141.98), 49평(164.22)",
            "last_sales":"2021-12-24,89500.0,31평(103.97)"
        },
        {
            "index":532,
            "아파트명":"코오롱하늘채",
            "투자타입":"일반",
            "전용면적(m2)":"72.82",
            "전용면적(평)":"22평",
            "법정동주소":"서울시 마포구 연남동 573",
            "도로명주소":"서울시 마포구 연남로 52",
            "세대수":50,
            "입주년차":20,
            "용적률점수":"--",
            "건폐율점수":"--",
            "세대당주차수":30,
            "난방방식":30,
            "공급면적":"--",
            "전용률":"--",
            "욕실수":50,
            "현관타입":100,
            "주거총점":44.0,
            "지역구공급총점":100.0,
            "역세권":50,
            "30분내 이동가능 거점":100,
            "1시간내 이동가능 거점":100,
            "교통총점":75.0,
            "백화점":100,
            "아울렛몰":80,
            "대형마트":0,
            "은행":0,
            "병원":30,
            "종합병원":100,
            "공원":100,
            "혐오시설":0,
            "인프라총점":64.0,
            "초등학군":86.66,
            "중학군":44.34,
            "학군총점":52.804,
            "인구수":42.81,
            "인구증감":-2.72,
            "인구총점":29.151,
            "일자리":33.9,
            "소득수준":62.46,
            "일자리총점":42.468,
            "가치 총점":62.1706,
            "매매실거래년":20210915.0,
            "매매실거래가":114000.0,
            "전세실거래년":20211226.0,
            "전세실거래가":52000.0,
            "전세가율":55.91,
            "장기전세가율평균":63.7,
            "전세가율거품지수":7.79,
            "검색코드":3389,
            "세대수":466.0,
            "준공년월":"2003-06-28",
            "준공년차":20.0,
            "가까운역이름":"가좌",
            "가까운역거리":748.8,
            "역세권여부":"준역세권",
            "30분이내주요거점역":5,
            "1시간이내주요거점역":13,
            "3km이내백화점수":1,
            "5km이내아울렛몰수":1,
            "1km이내대형먀트수":0,
            "500m이내은행수":0,
            "500m이내병원수":5,
            "5km이내대형병원수":7,
            "500m이내공원수":2,
            "3km이내혐오시설수":0,
            "초등학교학업성취도":86.66,
            "중학교학업성취도":73.5,
            "용적률":374,
            "건폐율":32,
            "Y":37.56356,
            "X":126.921273,
            "rank":92.0,
            "area_info":"22평(72.82), 29평(98.39), 34평(114.18), 38평(128.32), 50평(167.71)",
            "last_sales":"2021-09-15,114000.0,29평(98.39)"
        },
        {
            "index":190,
            "아파트명":"마포영화블렌하임",
            "투자타입":"일반",
            "전용면적(m2)":"117.93",
            "전용면적(평)":"35평",
            "법정동주소":"서울시 마포구 망원동 517",
            "도로명주소":"서울시 마포구 월드컵로25길 26",
            "세대수":0,
            "입주년차":60,
            "용적률점수":"--",
            "건폐율점수":"--",
            "세대당주차수":80,
            "난방방식":30,
            "공급면적":"--",
            "전용률":"--",
            "욕실수":100,
            "현관타입":100,
            "주거총점":47.0,
            "지역구공급총점":100.0,
            "역세권":80,
            "30분내 이동가능 거점":20,
            "1시간내 이동가능 거점":100,
            "교통총점":66.0,
            "백화점":100,
            "아울렛몰":0,
            "대형마트":0,
            "은행":70,
            "병원":100,
            "종합병원":100,
            "공원":100,
            "혐오시설":0,
            "인프라총점":70.0,
            "초등학군":85.82,
            "중학군":42.82,
            "학군총점":51.42,
            "인구수":42.81,
            "인구증감":-2.72,
            "인구총점":29.151,
            "일자리":33.9,
            "소득수준":62.46,
            "일자리총점":42.468,
            "가치 총점":61.213,
            "매매실거래년":20210602.0,
            "매매실거래가":125500.0,
            "전세실거래년":null,
            "전세실거래가":null,
            "전세가율":null,
            "장기전세가율평균":63.7,
            "전세가율거품지수":null,
            "검색코드":100315,
            "세대수":130.0,
            "준공년월":"2009-09-18",
            "준공년차":14.0,
            "가까운역이름":"망원",
            "가까운역거리":432.9,
            "역세권여부":"역세권",
            "30분이내주요거점역":1,
            "1시간이내주요거점역":14,
            "3km이내백화점수":1,
            "5km이내아울렛몰수":0,
            "1km이내대형먀트수":0,
            "500m이내은행수":3,
            "500m이내병원수":62,
            "5km이내대형병원수":7,
            "500m이내공원수":2,
            "3km이내혐오시설수":0,
            "초등학교학업성취도":85.82,
            "중학교학업성취도":71.1,
            "용적률":382,
            "건폐율":59,
            "Y":37.558419,
            "X":126.906113,
            "rank":93.0,
            "area_info":"35평(117.93), 39평(131.42), 40평(132.49), 40평(134.19), 40평(135.07), 45평(150.89), 51평(171.36)",
            "last_sales":"2021-06-02,125500.0,51평(171.36)"
        },
        {
            "index":359,
            "아파트명":"성사풍림1차",
            "투자타입":"일반",
            "전용면적(m2)":"65.7",
            "전용면적(평)":"19평",
            "법정동주소":"서울시 마포구 성산동 600",
            "도로명주소":"서울시 마포구 성암로1길 8",
            "세대수":0,
            "입주년차":20,
            "용적률점수":"--",
            "건폐율점수":"--",
            "세대당주차수":30,
            "난방방식":30,
            "공급면적":"--",
            "전용률":"--",
            "욕실수":50,
            "현관타입":10,
            "주거총점":17.5,
            "지역구공급총점":100.0,
            "역세권":80,
            "30분내 이동가능 거점":40,
            "1시간내 이동가능 거점":100,
            "교통총점":72.0,
            "백화점":100,
            "아울렛몰":0,
            "대형마트":80,
            "은행":100,
            "병원":30,
            "종합병원":100,
            "공원":100,
            "혐오시설":0,
            "인프라총점":78.0,
            "초등학군":85.98,
            "중학군":45.2,
            "학군총점":53.356,
            "인구수":42.81,
            "인구증감":-2.72,
            "인구총점":29.151,
            "일자리":33.9,
            "소득수준":62.46,
            "일자리총점":42.468,
            "가치 총점":60.1034,
            "매매실거래년":20201202.0,
            "매매실거래가":80000.0,
            "전세실거래년":20200924.0,
            "전세실거래가":30000.0,
            "전세가율":75.95,
            "장기전세가율평균":63.7,
            "전세가율거품지수":-12.25,
            "검색코드":412,
            "세대수":172.0,
            "준공년월":"2000-04-01",
            "준공년차":23.0,
            "가까운역이름":"가좌",
            "가까운역거리":267.52,
            "역세권여부":"역세권",
            "30분이내주요거점역":2,
            "1시간이내주요거점역":14,
            "3km이내백화점수":1,
            "5km이내아울렛몰수":0,
            "1km이내대형먀트수":1,
            "500m이내은행수":5,
            "500m이내병원수":7,
            "5km이내대형병원수":6,
            "500m이내공원수":5,
            "3km이내혐오시설수":0,
            "초등학교학업성취도":85.98,
            "중학교학업성취도":74.8,
            "용적률":322,
            "건폐율":31,
            "Y":37.568669,
            "X":126.91246,
            "rank":94.0,
            "area_info":"19평(65.7), 19평(65.75), 25평(84.02), 33평(111.06), 42평(142.04)",
            "last_sales":"2020-12-02,80000.0,33평(111.06)"
        },
        {
            "index":323,
            "아파트명":"휴먼시아2단지",
            "투자타입":"일반",
            "전용면적(m2)":"53.49",
            "전용면적(평)":"16평",
            "법정동주소":"서울시 마포구 상암동 1618",
            "도로명주소":"서울시 마포구 월드컵북로42가길 11",
            "세대수":0,
            "입주년차":60,
            "용적률점수":"--",
            "건폐율점수":"--",
            "세대당주차수":0,
            "난방방식":100,
            "공급면적":"--",
            "전용률":"--",
            "욕실수":50,
            "현관타입":100,
            "주거총점":37.0,
            "지역구공급총점":100.0,
            "역세권":80,
            "30분내 이동가능 거점":60,
            "1시간내 이동가능 거점":100,
            "교통총점":78.0,
            "백화점":0,
            "아울렛몰":0,
            "대형마트":100,
            "은행":20,
            "병원":60,
            "종합병원":100,
            "공원":100,
            "혐오시설":-50,
            "인프라총점":45.0,
            "초등학군":89.64,
            "중학군":52.66,
            "학군총점":60.056,
            "인구수":42.81,
            "인구증감":-2.72,
            "인구총점":29.151,
            "일자리":33.9,
            "소득수준":62.46,
            "일자리총점":42.468,
            "가치 총점":57.2084,
            "매매실거래년":20210501.0,
            "매매실거래가":98000.0,
            "전세실거래년":20210829.0,
            "전세실거래가":31500.0,
            "전세가율":50.4,
            "장기전세가율평균":63.7,
            "전세가율거품지수":13.3,
            "검색코드":100716,
            "세대수":184.0,
            "준공년월":"2009-06-22",
            "준공년차":14.0,
            "가까운역이름":"디지털미디어시티",
            "가까운역거리":424.6,
            "역세권여부":"역세권",
            "30분이내주요거점역":3,
            "1시간이내주요거점역":14,
            "3km이내백화점수":0,
            "5km이내아울렛몰수":0,
            "1km이내대형먀트수":3,
            "500m이내은행수":2,
            "500m이내병원수":10,
            "5km이내대형병원수":4,
            "500m이내공원수":6,
            "3km이내혐오시설수":1,
            "초등학교학업성취도":89.64,
            "중학교학업성취도":86.3,
            "용적률":199,
            "건폐율":23,
            "Y":37.575108,
            "X":126.896574,
            "rank":95.0,
            "area_info":"16평(53.49), 22평(75.78), 22평(75.75), 24평(80.96), 30평(100.83)",
            "last_sales":"2021-05-01,98000.0,24평(80.96)"
        },
        {
            "index":292,
            "아파트명":"상암월드컵파크4단지",
            "투자타입":"일반",
            "전용면적(m2)":"109.67",
            "전용면적(평)":"33평",
            "법정동주소":"서울시 마포구 상암동 1655",
            "도로명주소":"서울시 마포구 상암산로1길 24",
            "세대수":80,
            "입주년차":40,
            "용적률점수":"--",
            "건폐율점수":"--",
            "세대당주차수":30,
            "난방방식":100,
            "공급면적":"--",
            "전용률":"--",
            "욕실수":100,
            "현관타입":100,
            "주거총점":70.5,
            "지역구공급총점":100.0,
            "역세권":50,
            "30분내 이동가능 거점":20,
            "1시간내 이동가능 거점":100,
            "교통총점":51.0,
            "백화점":0,
            "아울렛몰":0,
            "대형마트":80,
            "은행":100,
            "병원":80,
            "종합병원":100,
            "공원":100,
            "혐오시설":0,
            "인프라총점":53.0,
            "초등학군":89.64,
            "중학군":53.18,
            "학군총점":60.472,
            "인구수":42.81,
            "인구증감":-2.72,
            "인구총점":29.151,
            "일자리":33.9,
            "소득수준":62.46,
            "일자리총점":42.468,
            "가치 총점":56.9208,
            "매매실거래년":20211229.0,
            "매매실거래가":165000.0,
            "전세실거래년":20211208.0,
            "전세실거래가":54500.0,
            "전세가율":39.21,
            "장기전세가율평균":63.7,
            "전세가율거품지수":24.49,
            "검색코드":23620,
            "세대수":761.0,
            "준공년월":"2006-10-11",
            "준공년차":17.0,
            "가까운역이름":"수색",
            "가까운역거리":636.81,
            "역세권여부":"준역세권",
            "30분이내주요거점역":1,
            "1시간이내주요거점역":12,
            "3km이내백화점수":0,
            "5km이내아울렛몰수":0,
            "1km이내대형먀트수":1,
            "500m이내은행수":5,
            "500m이내병원수":39,
            "5km이내대형병원수":4,
            "500m이내공원수":5,
            "3km이내혐오시설수":0,
            "초등학교학업성취도":89.64,
            "중학교학업성취도":86.5,
            "용적률":244,
            "건폐율":15,
            "Y":37.578416,
            "X":126.889065,
            "rank":96.0,
            "area_info":"33평(109.67), 33평(109.61), 33평(110.37), 33평(110.03), 33평(110.13), 40평(134.93)",
            "last_sales":"2021-12-29,165000.0,40평(134.93)"
        },
        {
            "index":197,
            "아파트명":"마포한강아이파크",
            "투자타입":"일반",
            "전용면적(m2)":"76.96",
            "전용면적(평)":"23평",
            "법정동주소":"서울시 마포구 망원동 521",
            "도로명주소":"서울시 마포구 희우정로 77",
            "세대수":30,
            "입주년차":80,
            "용적률점수":"--",
            "건폐율점수":"--",
            "세대당주차수":30,
            "난방방식":30,
            "공급면적":"--",
            "전용률":"--",
            "욕실수":100,
            "현관타입":100,
            "주거총점":54.0,
            "지역구공급총점":100.0,
            "역세권":50,
            "30분내 이동가능 거점":20,
            "1시간내 이동가능 거점":100,
            "교통총점":51.0,
            "백화점":100,
            "아울렛몰":0,
            "대형마트":80,
            "은행":0,
            "병원":30,
            "종합병원":100,
            "공원":100,
            "혐오시설":0,
            "인프라총점":68.0,
            "초등학군":85.82,
            "중학군":42.82,
            "학군총점":51.42,
            "인구수":42.81,
            "인구증감":-2.72,
            "인구총점":29.151,
            "일자리":33.9,
            "소득수준":62.46,
            "일자리총점":42.468,
            "가치 총점":56.763,
            "매매실거래년":20211112.0,
            "매매실거래가":134000.0,
            "전세실거래년":20211117.0,
            "전세실거래가":50000.0,
            "전세가율":37.31,
            "장기전세가율평균":63.7,
            "전세가율거품지수":26.39,
            "검색코드":115201,
            "세대수":385.0,
            "준공년월":"2018-08-01",
            "준공년차":5.0,
            "가까운역이름":"망원",
            "가까운역거리":713.72,
            "역세권여부":"준역세권",
            "30분이내주요거점역":1,
            "1시간이내주요거점역":12,
            "3km이내백화점수":1,
            "5km이내아울렛몰수":0,
            "1km이내대형먀트수":1,
            "500m이내은행수":1,
            "500m이내병원수":9,
            "5km이내대형병원수":9,
            "500m이내공원수":3,
            "3km이내혐오시설수":0,
            "초등학교학업성취도":85.82,
            "중학교학업성취도":71.1,
            "용적률":249,
            "건폐율":24,
            "Y":37.552564,
            "X":126.90329,
            "rank":97.0,
            "area_info":"23평(76.96), 23평(77.41), 32평(108.97), 32평(108.63), 32평(108.72), 42평(141.91), 43평(142.18)",
            "last_sales":"2021-11-12,134000.0,23평(76.96)"
        },
        {
            "index":528,
            "아파트명":"대명",
            "투자타입":"일반",
            "전용면적(m2)":"78.05",
            "전용면적(평)":"23평",
            "법정동주소":"서울시 마포구 연남동 259-1",
            "도로명주소":"서울시 마포구 동교로39길 11",
            "세대수":0,
            "입주년차":0,
            "용적률점수":"--",
            "건폐율점수":"--",
            "세대당주차수":0,
            "난방방식":30,
            "공급면적":"--",
            "전용률":"--",
            "욕실수":50,
            "현관타입":10,
            "주거총점":9.0,
            "지역구공급총점":100.0,
            "역세권":50,
            "30분내 이동가능 거점":100,
            "1시간내 이동가능 거점":100,
            "교통총점":75.0,
            "백화점":100,
            "아울렛몰":80,
            "대형마트":0,
            "은행":20,
            "병원":60,
            "종합병원":100,
            "공원":100,
            "혐오시설":0,
            "인프라총점":69.0,
            "초등학군":85.28,
            "중학군":44.34,
            "학군총점":52.528,
            "인구수":42.81,
            "인구증감":-2.72,
            "인구총점":29.151,
            "일자리":33.9,
            "소득수준":62.46,
            "일자리총점":42.468,
            "가치 총점":56.6292,
            "매매실거래년":20211122.0,
            "매매실거래가":57000.0,
            "전세실거래년":20211102.0,
            "전세실거래가":42000.0,
            "전세가율":60.87,
            "장기전세가율평균":63.7,
            "전세가율거품지수":2.83,
            "검색코드":843,
            "세대수":128.0,
            "준공년월":"1995-11-15",
            "준공년차":28.0,
            "가까운역이름":"홍대입구",
            "가까운역거리":523.46,
            "역세권여부":"준역세권",
            "30분이내주요거점역":5,
            "1시간이내주요거점역":15,
            "3km이내백화점수":1,
            "5km이내아울렛몰수":1,
            "1km이내대형먀트수":0,
            "500m이내은행수":2,
            "500m이내병원수":26,
            "5km이내대형병원수":8,
            "500m이내공원수":3,
            "3km이내혐오시설수":0,
            "초등학교학업성취도":85.28,
            "중학교학업성취도":73.5,
            "용적률":345,
            "건폐율":25,
            "Y":37.5617,
            "X":126.92367,
            "rank":98.0,
            "area_info":"23평(78.05), 25평(84.77), 33평(109.53), 43평(143.39)",
            "last_sales":"2021-11-22,57000.0,33평(109.53)"
        },
        {
            "index":719,
            "아파트명":"밤섬현대",
            "투자타입":"일반",
            "전용면적(m2)":"87.91",
            "전용면적(평)":"26평",
            "법정동주소":"서울시 마포구 현석동 220",
            "도로명주소":"서울시 마포구 신수로3길 23",
            "세대수":0,
            "입주년차":20,
            "용적률점수":"--",
            "건폐율점수":"--",
            "세대당주차수":30,
            "난방방식":30,
            "공급면적":"--",
            "전용률":"--",
            "욕실수":50,
            "현관타입":10,
            "주거총점":17.5,
            "지역구공급총점":100.0,
            "역세권":50,
            "30분내 이동가능 거점":80,
            "1시간내 이동가능 거점":100,
            "교통총점":69.0,
            "백화점":100,
            "아울렛몰":80,
            "대형마트":0,
            "은행":20,
            "병원":30,
            "종합병원":100,
            "공원":100,
            "혐오시설":0,
            "인프라총점":66.0,
            "초등학군":83.06,
            "중학군":50.54,
            "학군총점":57.044,
            "인구수":42.81,
            "인구증감":-2.72,
            "인구총점":29.151,
            "일자리":33.9,
            "소득수준":62.46,
            "일자리총점":42.468,
            "가치 총점":56.0066,
            "매매실거래년":20210903.0,
            "매매실거래가":210000.0,
            "전세실거래년":20211115.0,
            "전세실거래가":42000.0,
            "전세가율":34.71,
            "장기전세가율평균":63.7,
            "전세가율거품지수":28.99,
            "검색코드":1155,
            "세대수":219.0,
            "준공년월":"1999-07-26",
            "준공년차":24.0,
            "가까운역이름":"광흥창",
            "가까운역거리":506.57,
            "역세권여부":"준역세권",
            "30분이내주요거점역":4,
            "1시간이내주요거점역":14,
            "3km이내백화점수":2,
            "5km이내아울렛몰수":1,
            "1km이내대형먀트수":0,
            "500m이내은행수":2,
            "500m이내병원수":9,
            "5km이내대형병원수":11,
            "500m이내공원수":5,
            "3km이내혐오시설수":0,
            "초등학교학업성취도":83.06,
            "중학교학업성취도":83.1,
            "용적률":397,
            "건폐율":24,
            "Y":37.54293,
            "X":126.932648,
            "rank":99.0,
            "area_info":"26평(87.91), 33평(110.3), 45평(149.25)",
            "last_sales":"2021-09-03,210000.0,45평(149.25)"
        },
        {
            "index":628,
            "아파트명":"성산현대2차",
            "투자타입":"일반",
            "전용면적(m2)":"81.59",
            "전용면적(평)":"24평",
            "법정동주소":"서울시 마포구 중동 40-12",
            "도로명주소":"서울시 마포구 성암로7길 3",
            "세대수":0,
            "입주년차":20,
            "용적률점수":"--",
            "건폐율점수":"--",
            "세대당주차수":30,
            "난방방식":30,
            "공급면적":"--",
            "전용률":"--",
            "욕실수":50,
            "현관타입":10,
            "주거총점":17.5,
            "지역구공급총점":100.0,
            "역세권":50,
            "30분내 이동가능 거점":40,
            "1시간내 이동가능 거점":100,
            "교통총점":57.0,
            "백화점":100,
            "아울렛몰":0,
            "대형마트":80,
            "은행":70,
            "병원":60,
            "종합병원":100,
            "공원":100,
            "혐오시설":-50,
            "인프라총점":77.0,
            "초등학군":90.0,
            "중학군":52.66,
            "학군총점":60.128,
            "인구수":42.81,
            "인구증감":-2.72,
            "인구총점":29.151,
            "일자리":33.9,
            "소득수준":62.46,
            "일자리총점":42.468,
            "가치 총점":55.5692,
            "매매실거래년":20211016.0,
            "매매실거래가":119500.0,
            "전세실거래년":20210308.0,
            "전세실거래가":35700.0,
            "전세가율":55.09,
            "장기전세가율평균":63.7,
            "전세가율거품지수":8.61,
            "검색코드":3473,
            "세대수":282.0,
            "준공년월":"2000-12-16",
            "준공년차":23.0,
            "가까운역이름":"가좌",
            "가까운역거리":682.09,
            "역세권여부":"준역세권",
            "30분이내주요거점역":2,
            "1시간이내주요거점역":13,
            "3km이내백화점수":1,
            "5km이내아울렛몰수":0,
            "1km이내대형먀트수":1,
            "500m이내은행수":3,
            "500m이내병원수":20,
            "5km이내대형병원수":4,
            "500m이내공원수":6,
            "3km이내혐오시설수":1,
            "초등학교학업성취도":90.0,
            "중학교학업성취도":86.3,
            "용적률":365,
            "건폐율":24,
            "Y":37.570603,
            "X":126.908221,
            "rank":100.0,
            "area_info":"24평(81.59), 24평(81.57), 33평(109.22), 43평(142.19)",
            "last_sales":"2021-10-16,119500.0,43평(142.19)"
        },
        {
            "index":571,
            "아파트명":"상록",
            "투자타입":"일반",
            "전용면적(m2)":"69.38",
            "전용면적(평)":"20평",
            "법정동주소":"서울시 마포구 염리동 515-1",
            "도로명주소":"서울시 마포구 숭문길 106",
            "세대수":50,
            "입주년차":0,
            "용적률점수":"--",
            "건폐율점수":"--",
            "세대당주차수":0,
            "난방방식":30,
            "공급면적":"--",
            "전용률":"--",
            "욕실수":50,
            "현관타입":10,
            "주거총점":26.5,
            "지역구공급총점":100.0,
            "역세권":50,
            "30분내 이동가능 거점":60,
            "1시간내 이동가능 거점":100,
            "교통총점":63.0,
            "백화점":100,
            "아울렛몰":80,
            "대형마트":0,
            "은행":0,
            "병원":30,
            "종합병원":100,
            "공원":100,
            "혐오시설":0,
            "인프라총점":64.0,
            "초등학군":88.53,
            "중학군":51.64,
            "학군총점":59.018,
            "인구수":42.81,
            "인구증감":-2.72,
            "인구총점":29.151,
            "일자리":33.9,
            "소득수준":62.46,
            "일자리총점":42.468,
            "가치 총점":55.4027,
            "매매실거래년":20211213.0,
            "매매실거래가":90000.0,
            "전세실거래년":20210501.0,
            "전세실거래가":26250.0,
            "전세가율":31.25,
            "장기전세가율평균":63.7,
            "전세가율거품지수":32.45,
            "검색코드":844,
            "세대수":678.0,
            "준공년월":"1997-08-30",
            "준공년차":26.0,
            "가까운역이름":"이대",
            "가까운역거리":627.6,
            "역세권여부":"준역세권",
            "30분이내주요거점역":3,
            "1시간이내주요거점역":16,
            "3km이내백화점수":1,
            "5km이내아울렛몰수":1,
            "1km이내대형먀트수":0,
            "500m이내은행수":1,
            "500m이내병원수":9,
            "5km이내대형병원수":9,
            "500m이내공원수":3,
            "3km이내혐오시설수":0,
            "초등학교학업성취도":88.53,
            "중학교학업성취도":84.6,
            "용적률":217,
            "건폐율":17,
            "Y":37.55127,
            "X":126.947802,
            "rank":101.0,
            "area_info":"20평(69.38), 21평(70.48), 24평(81.92), 25평(83.1)",
            "last_sales":"2021-12-13,90000.0,25평(83.1)"
        },
        {
            "index":211,
            "아파트명":"망원대림1차",
            "투자타입":"일반",
            "전용면적(m2)":"86.01",
            "전용면적(평)":"26평",
            "법정동주소":"서울시 마포구 망원동 496",
            "도로명주소":"서울시 마포구 망원로2길 103",
            "세대수":0,
            "입주년차":20,
            "용적률점수":"--",
            "건폐율점수":"--",
            "세대당주차수":30,
            "난방방식":30,
            "공급면적":"--",
            "전용률":"--",
            "욕실수":50,
            "현관타입":10,
            "주거총점":17.5,
            "지역구공급총점":100.0,
            "역세권":50,
            "30분내 이동가능 거점":60,
            "1시간내 이동가능 거점":100,
            "교통총점":63.0,
            "백화점":100,
            "아울렛몰":0,
            "대형마트":80,
            "은행":0,
            "병원":60,
            "종합병원":100,
            "공원":100,
            "혐오시설":0,
            "인프라총점":71.0,
            "초등학군":84.33,
            "중학군":47.58,
            "학군총점":54.93,
            "인구수":42.81,
            "인구증감":-2.72,
            "인구총점":29.151,
            "일자리":33.9,
            "소득수준":62.46,
            "일자리총점":42.468,
            "가치 총점":55.0895,
            "매매실거래년":20211025.0,
            "매매실거래가":120000.0,
            "전세실거래년":20181201.0,
            "전세실거래가":40000.0,
            "전세가율":61.54,
            "장기전세가율평균":63.7,
            "전세가율거품지수":2.16,
            "검색코드":3388,
            "세대수":181.0,
            "준공년월":"2002-10-02",
            "준공년차":21.0,
            "가까운역이름":"망원",
            "가까운역거리":542.8,
            "역세권여부":"준역세권",
            "30분이내주요거점역":3,
            "1시간이내주요거점역":12,
            "3km이내백화점수":1,
            "5km이내아울렛몰수":0,
            "1km이내대형먀트수":1,
            "500m이내은행수":0,
            "500m이내병원수":21,
            "5km이내대형병원수":9,
            "500m이내공원수":4,
            "3km이내혐오시설수":0,
            "초등학교학업성취도":84.33,
            "중학교학업성취도":78.9,
            "용적률":258,
            "건폐율":30,
            "Y":37.55352,
            "X":126.90482,
            "rank":102.0,
            "area_info":"26평(86.01), 32평(108.69), 43평(142.27)",
            "last_sales":"2021-10-25,120000.0,32평(108.69)"
        },
        {
            "index":623,
            "아파트명":"동원월드타운",
            "투자타입":"일반",
            "전용면적(m2)":"78.31",
            "전용면적(평)":"23평",
            "법정동주소":"서울시 마포구 중동 395",
            "도로명주소":"서울시 마포구 성암로5길 12",
            "세대수":0,
            "입주년차":40,
            "용적률점수":"--",
            "건폐율점수":"--",
            "세대당주차수":30,
            "난방방식":30,
            "공급면적":"--",
            "전용률":"--",
            "욕실수":50,
            "현관타입":10,
            "주거총점":21.5,
            "지역구공급총점":100.0,
            "역세권":50,
            "30분내 이동가능 거점":40,
            "1시간내 이동가능 거점":100,
            "교통총점":57.0,
            "백화점":100,
            "아울렛몰":0,
            "대형마트":80,
            "은행":70,
            "병원":30,
            "종합병원":100,
            "공원":100,
            "혐오시설":0,
            "인프라총점":75.0,
            "초등학군":85.98,
            "중학군":45.2,
            "학군총점":53.356,
            "인구수":42.81,
            "인구증감":-2.72,
            "인구총점":29.151,
            "일자리":33.9,
            "소득수준":62.46,
            "일자리총점":42.468,
            "가치 총점":54.7534,
            "매매실거래년":20210427.0,
            "매매실거래가":71000.0,
            "전세실거래년":20211004.0,
            "전세실거래가":34650.0,
            "전세가율":48.8,
            "장기전세가율평균":63.7,
            "전세가율거품지수":14.9,
            "검색코드":11219,
            "세대수":102.0,
            "준공년월":"2004-09-22",
            "준공년차":19.0,
            "가까운역이름":"가좌",
            "가까운역거리":541.28,
            "역세권여부":"준역세권",
            "30분이내주요거점역":2,
            "1시간이내주요거점역":11,
            "3km이내백화점수":1,
            "5km이내아울렛몰수":0,
            "1km이내대형먀트수":1,
            "500m이내은행수":4,
            "500m이내병원수":6,
            "5km이내대형병원수":4,
            "500m이내공원수":7,
            "3km이내혐오시설수":0,
            "초등학교학업성취도":85.98,
            "중학교학업성취도":74.8,
            "용적률":289,
            "건폐율":24,
            "Y":37.570121,
            "X":126.9097,
            "rank":103.0,
            "area_info":"23평(78.31), 23평(79.29), 31평(104.53), 32평(108.82), 42평(141.5)",
            "last_sales":"2021-04-27,71000.0,23평(78.31)"
        },
        {
            "index":455,
            "아파트명":"신수현대",
            "투자타입":"일반",
            "전용면적(m2)":"101.42",
            "전용면적(평)":"30평",
            "법정동주소":"서울시 마포구 신수동 445-5",
            "도로명주소":"서울시 마포구 토정로 242",
            "세대수":0,
            "입주년차":0,
            "용적률점수":"--",
            "건폐율점수":"--",
            "세대당주차수":0,
            "난방방식":30,
            "공급면적":"--",
            "전용률":"--",
            "욕실수":100,
            "현관타입":100,
            "주거총점":23.0,
            "지역구공급총점":100.0,
            "역세권":50,
            "30분내 이동가능 거점":60,
            "1시간내 이동가능 거점":100,
            "교통총점":63.0,
            "백화점":100,
            "아울렛몰":80,
            "대형마트":0,
            "은행":0,
            "병원":30,
            "종합병원":100,
            "공원":100,
            "혐오시설":0,
            "인프라총점":64.0,
            "초등학군":83.06,
            "중학군":50.54,
            "학군총점":57.044,
            "인구수":42.81,
            "인구증감":-2.72,
            "인구총점":29.151,
            "일자리":33.9,
            "소득수준":62.46,
            "일자리총점":42.468,
            "가치 총점":54.4066,
            "매매실거래년":20210821.0,
            "매매실거래가":119500.0,
            "전세실거래년":20220115.0,
            "전세실거래가":49300.0,
            "전세가율":41.26,
            "장기전세가율평균":63.7,
            "전세가율거품지수":22.44,
            "검색코드":418,
            "세대수":210.0,
            "준공년월":"1996-09-14",
            "준공년차":27.0,
            "가까운역이름":"광흥창",
            "가까운역거리":623.96,
            "역세권여부":"준역세권",
            "30분이내주요거점역":3,
            "1시간이내주요거점역":15,
            "3km이내백화점수":2,
            "5km이내아울렛몰수":1,
            "1km이내대형먀트수":0,
            "500m이내은행수":1,
            "500m이내병원수":5,
            "5km이내대형병원수":11,
            "500m이내공원수":5,
            "3km이내혐오시설수":0,
            "초등학교학업성취도":83.06,
            "중학교학업성취도":83.1,
            "용적률":247,
            "건폐율":17,
            "Y":37.543401,
            "X":126.936885,
            "rank":104.0,
            "area_info":"30평(101.42), 30평(101.8)",
            "last_sales":"2021-08-21,119500.0,30평(101.42)"
        },
        {
            "index":356,
            "아파트명":"대원",
            "투자타입":"일반",
            "전용면적(m2)":"80.39",
            "전용면적(평)":"24평",
            "법정동주소":"서울시 마포구 성산동 596",
            "도로명주소":"서울시 마포구 성산로4길 75",
            "세대수":0,
            "입주년차":20,
            "용적률점수":"--",
            "건폐율점수":"--",
            "세대당주차수":30,
            "난방방식":30,
            "공급면적":"--",
            "전용률":"--",
            "욕실수":50,
            "현관타입":10,
            "주거총점":17.5,
            "지역구공급총점":100.0,
            "역세권":50,
            "30분내 이동가능 거점":60,
            "1시간내 이동가능 거점":100,
            "교통총점":63.0,
            "백화점":100,
            "아울렛몰":0,
            "대형마트":80,
            "은행":20,
            "병원":30,
            "종합병원":100,
            "공원":100,
            "혐오시설":0,
            "인프라총점":70.0,
            "초등학군":85.98,
            "중학군":42.82,
            "학군총점":51.452,
            "인구수":42.81,
            "인구증감":-2.72,
            "인구총점":29.151,
            "일자리":33.9,
            "소득수준":62.46,
            "일자리총점":42.468,
            "가치 총점":54.2678,
            "매매실거래년":20210625.0,
            "매매실거래가":83000.0,
            "전세실거래년":20211213.0,
            "전세실거래가":40000.0,
            "전세가율":57.97,
            "장기전세가율평균":63.7,
            "전세가율거품지수":5.73,
            "검색코드":8422,
            "세대수":112.0,
            "준공년월":"1999-06-30",
            "준공년차":24.0,
            "가까운역이름":"마포구청",
            "가까운역거리":626.46,
            "역세권여부":"준역세권",
            "30분이내주요거점역":3,
            "1시간이내주요거점역":11,
            "3km이내백화점수":1,
            "5km이내아울렛몰수":0,
            "1km이내대형먀트수":1,
            "500m이내은행수":2,
            "500m이내병원수":7,
            "5km이내대형병원수":5,
            "500m이내공원수":8,
            "3km이내혐오시설수":0,
            "초등학교학업성취도":85.98,
            "중학교학업성취도":71.1,
            "용적률":371,
            "건폐율":31,
            "Y":37.564522,
            "X":126.910336,
            "rank":105.0,
            "area_info":"24평(80.39), 28평(94.34), 34평(114.33)",
            "last_sales":"2021-06-25,83000.0,34평(114.33)"
        },
        {
            "index":632,
            "아파트명":"월드컵참누리",
            "투자타입":"일반",
            "전용면적(m2)":"82.18",
            "전용면적(평)":"24평",
            "법정동주소":"서울시 마포구 중동 398",
            "도로명주소":"서울시 마포구 월드컵북로38길 54",
            "세대수":50,
            "입주년차":40,
            "용적률점수":"--",
            "건폐율점수":"--",
            "세대당주차수":30,
            "난방방식":30,
            "공급면적":"--",
            "전용률":"--",
            "욕실수":100,
            "현관타입":100,
            "주거총점":53.0,
            "지역구공급총점":100.0,
            "역세권":50,
            "30분내 이동가능 거점":20,
            "1시간내 이동가능 거점":100,
            "교통총점":51.0,
            "백화점":0,
            "아울렛몰":0,
            "대형마트":100,
            "은행":70,
            "병원":60,
            "종합병원":100,
            "공원":100,
            "혐오시설":-50,
            "인프라총점":50.0,
            "초등학군":90.0,
            "중학군":52.66,
            "학군총점":60.128,
            "인구수":42.81,
            "인구증감":-2.72,
            "인구총점":29.151,
            "일자리":33.9,
            "소득수준":62.46,
            "일자리총점":42.468,
            "가치 총점":52.4692,
            "매매실거래년":20211214.0,
            "매매실거래가":133000.0,
            "전세실거래년":20210321.0,
            "전세실거래가":43000.0,
            "전세가율":53.22,
            "장기전세가율평균":63.7,
            "전세가율거품지수":10.48,
            "검색코드":11360,
            "세대수":499.0,
            "준공년월":"2006-05-04",
            "준공년차":17.0,
            "가까운역이름":"월드컵경기장",
            "가까운역거리":602.76,
            "역세권여부":"준역세권",
            "30분이내주요거점역":1,
            "1시간이내주요거점역":13,
            "3km이내백화점수":0,
            "5km이내아울렛몰수":0,
            "1km이내대형먀트수":2,
            "500m이내은행수":3,
            "500m이내병원수":17,
            "5km이내대형병원수":4,
            "500m이내공원수":4,
            "3km이내혐오시설수":1,
            "초등학교학업성취도":90.0,
            "중학교학업성취도":86.3,
            "용적률":287,
            "건폐율":17,
            "Y":37.57226,
            "X":126.905208,
            "rank":106.0,
            "area_info":"24평(82.18), 32평(107.51), 32평(107.39), 33평(111.69)",
            "last_sales":"2021-12-14,133000.0,32평(107.51)"
        },
        {
            "index":251,
            "아파트명":"우림",
            "투자타입":"일반",
            "전용면적(m2)":"77.0",
            "전용면적(평)":"23평",
            "법정동주소":"서울시 마포구 망원동 498",
            "도로명주소":"서울시 마포구 월드컵로31길 77",
            "세대수":0,
            "입주년차":20,
            "용적률점수":"--",
            "건폐율점수":"--",
            "세대당주차수":30,
            "난방방식":30,
            "공급면적":"--",
            "전용률":"--",
            "욕실수":100,
            "현관타입":100,
            "주거총점":31.5,
            "지역구공급총점":100.0,
            "역세권":80,
            "30분내 이동가능 거점":40,
            "1시간내 이동가능 거점":100,
            "교통총점":72.0,
            "백화점":0,
            "아울렛몰":0,
            "대형마트":80,
            "은행":0,
            "병원":60,
            "종합병원":100,
            "공원":100,
            "혐오시설":0,
            "인프라총점":41.0,
            "초등학군":80.6,
            "중학군":42.82,
            "학군총점":50.376,
            "인구수":42.81,
            "인구증감":-2.72,
            "인구총점":29.151,
            "일자리":33.9,
            "소득수준":62.46,
            "일자리총점":42.468,
            "가치 총점":51.3564,
            "매매실거래년":20210621.0,
            "매매실거래가":91000.0,
            "전세실거래년":20220108.0,
            "전세실거래가":39000.0,
            "전세가율":55.71,
            "장기전세가율평균":63.7,
            "전세가율거품지수":7.99,
            "검색코드":9934,
            "세대수":119.0,
            "준공년월":"2003-03-21",
            "준공년차":20.0,
            "가까운역이름":"마포구청",
            "가까운역거리":467.65,
            "역세권여부":"역세권",
            "30분이내주요거점역":2,
            "1시간이내주요거점역":13,
            "3km이내백화점수":0,
            "5km이내아울렛몰수":0,
            "1km이내대형먀트수":1,
            "500m이내은행수":1,
            "500m이내병원수":17,
            "5km이내대형병원수":7,
            "500m이내공원수":2,
            "3km이내혐오시설수":0,
            "초등학교학업성취도":80.6,
            "중학교학업성취도":71.1,
            "용적률":298,
            "건폐율":28,
            "Y":37.5597,
            "X":126.90111,
            "rank":107.0,
            "area_info":"23평(77.0), 32평(106.25), 32평(107.66)",
            "last_sales":"2021-06-21,91000.0,32평(107.66)"
        },
        {
            "index":225,
            "아파트명":"망원동원데쟈뷰",
            "투자타입":"일반",
            "전용면적(m2)":"100.43",
            "전용면적(평)":"30평",
            "법정동주소":"서울시 마포구 망원동 516",
            "도로명주소":"서울시 마포구 방울내로9안길 57",
            "세대수":0,
            "입주년차":40,
            "용적률점수":"--",
            "건폐율점수":"--",
            "세대당주차수":30,
            "난방방식":30,
            "공급면적":"--",
            "전용률":"--",
            "욕실수":100,
            "현관타입":100,
            "주거총점":35.5,
            "지역구공급총점":100.0,
            "역세권":80,
            "30분내 이동가능 거점":40,
            "1시간내 이동가능 거점":100,
            "교통총점":72.0,
            "백화점":0,
            "아울렛몰":0,
            "대형마트":80,
            "은행":0,
            "병원":30,
            "종합병원":100,
            "공원":100,
            "혐오시설":0,
            "인프라총점":38.0,
            "초등학군":80.6,
            "중학군":42.82,
            "학군총점":50.376,
            "인구수":42.81,
            "인구증감":-2.72,
            "인구총점":29.151,
            "일자리":33.9,
            "소득수준":62.46,
            "일자리총점":42.468,
            "가치 총점":51.2564,
            "매매실거래년":20200509.0,
            "매매실거래가":87000.0,
            "전세실거래년":20210719.0,
            "전세실거래가":17186.0,
            "전세가율":23.38,
            "장기전세가율평균":63.7,
            "전세가율거품지수":40.32,
            "검색코드":27124,
            "세대수":101.0,
            "준공년월":"2008-10-10",
            "준공년차":15.0,
            "가까운역이름":"마포구청",
            "가까운역거리":435.49,
            "역세권여부":"역세권",
            "30분이내주요거점역":2,
            "1시간이내주요거점역":12,
            "3km이내백화점수":0,
            "5km이내아울렛몰수":0,
            "1km이내대형먀트수":1,
            "500m이내은행수":1,
            "500m이내병원수":9,
            "5km이내대형병원수":7,
            "500m이내공원수":2,
            "3km이내혐오시설수":0,
            "초등학교학업성취도":80.6,
            "중학교학업성취도":71.1,
            "용적률":240,
            "건폐율":31,
            "Y":37.560402,
            "X":126.900345,
            "rank":108.0,
            "area_info":"30평(100.43), 31평(102.66), 40평(134.83)",
            "last_sales":"2020-05-09,87000.0,40평(134.83)"
        },
        {
            "index":640,
            "아파트명":"현대1차",
            "투자타입":"일반",
            "전용면적(m2)":"83.85",
            "전용면적(평)":"25평",
            "법정동주소":"서울시 마포구 중동 392",
            "도로명주소":"서울시 마포구 성암로 91",
            "세대수":50,
            "입주년차":20,
            "용적률점수":"--",
            "건폐율점수":"--",
            "세대당주차수":30,
            "난방방식":30,
            "공급면적":"--",
            "전용률":"--",
            "욕실수":50,
            "현관타입":10,
            "주거총점":35.0,
            "지역구공급총점":100.0,
            "역세권":50,
            "30분내 이동가능 거점":40,
            "1시간내 이동가능 거점":100,
            "교통총점":57.0,
            "백화점":0,
            "아울렛몰":0,
            "대형마트":100,
            "은행":70,
            "병원":60,
            "종합병원":100,
            "공원":100,
            "혐오시설":-50,
            "인프라총점":50.0,
            "초등학군":90.0,
            "중학군":52.66,
            "학군총점":60.128,
            "인구수":42.81,
            "인구증감":-2.72,
            "인구총점":29.151,
            "일자리":33.9,
            "소득수준":62.46,
            "일자리총점":42.468,
            "가치 총점":50.9692,
            "매매실거래년":20210909.0,
            "매매실거래가":89700.0,
            "전세실거래년":20211209.0,
            "전세실거래가":56000.0,
            "전세가율":62.43,
            "장기전세가율평균":63.7,
            "전세가율거품지수":1.27,
            "검색코드":3472,
            "세대수":477.0,
            "준공년월":"2001-07-27",
            "준공년차":22.0,
            "가까운역이름":"월드컵경기장",
            "가까운역거리":697.71,
            "역세권여부":"준역세권",
            "30분이내주요거점역":2,
            "1시간이내주요거점역":13,
            "3km이내백화점수":0,
            "5km이내아울렛몰수":0,
            "1km이내대형먀트수":2,
            "500m이내은행수":3,
            "500m이내병원수":18,
            "5km이내대형병원수":4,
            "500m이내공원수":6,
            "3km이내혐오시설수":1,
            "초등학교학업성취도":90.0,
            "중학교학업성취도":86.3,
            "용적률":353,
            "건폐율":21,
            "Y":37.57131,
            "X":126.90689,
            "rank":109.0,
            "area_info":"25평(83.85), 32평(108.93), 43평(142.69)",
            "last_sales":"2021-09-09,89700.0,25평(83.85)"
        },
        {
            "index":364,
            "아파트명":"성산e편한세상2차",
            "투자타입":"일반",
            "전용면적(m2)":"81.63",
            "전용면적(평)":"24평",
            "법정동주소":"서울시 마포구 성산동 604",
            "도로명주소":"서울시 마포구 월드컵북로 216",
            "세대수":0,
            "입주년차":40,
            "용적률점수":"--",
            "건폐율점수":"--",
            "세대당주차수":30,
            "난방방식":100,
            "공급면적":"--",
            "전용률":"--",
            "욕실수":100,
            "현관타입":100,
            "주거총점":42.5,
            "지역구공급총점":100.0,
            "역세권":50,
            "30분내 이동가능 거점":40,
            "1시간내 이동가능 거점":100,
            "교통총점":57.0,
            "백화점":0,
            "아울렛몰":0,
            "대형마트":100,
            "은행":0,
            "병원":60,
            "종합병원":100,
            "공원":100,
            "혐오시설":-50,
            "인프라총점":43.0,
            "초등학군":90.0,
            "중학군":52.66,
            "학군총점":60.128,
            "인구수":42.81,
            "인구증감":-2.72,
            "인구총점":29.151,
            "일자리":33.9,
            "소득수준":62.46,
            "일자리총점":42.468,
            "가치 총점":50.3692,
            "매매실거래년":20211126.0,
            "매매실거래가":105000.0,
            "전세실거래년":20200925.0,
            "전세실거래가":42000.0,
            "전세가율":73.68,
            "장기전세가율평균":63.7,
            "전세가율거품지수":-9.98,
            "검색코드":13838,
            "세대수":189.0,
            "준공년월":"2005-07-26",
            "준공년차":18.0,
            "가까운역이름":"월드컵경기장",
            "가까운역거리":533.66,
            "역세권여부":"준역세권",
            "30분이내주요거점역":2,
            "1시간이내주요거점역":12,
            "3km이내백화점수":0,
            "5km이내아울렛몰수":0,
            "1km이내대형먀트수":2,
            "500m이내은행수":1,
            "500m이내병원수":20,
            "5km이내대형병원수":4,
            "500m이내공원수":9,
            "3km이내혐오시설수":1,
            "초등학교학업성취도":90.0,
            "중학교학업성취도":86.3,
            "용적률":244,
            "건폐율":22,
            "Y":37.569747,
            "X":126.905347,
            "rank":110.0,
            "area_info":"24평(81.63), 26평(86.45), 33평(109.19)",
            "last_sales":"2021-11-26,105000.0,33평(109.19)"
        },
        {
            "index":321,
            "아파트명":"휴먼시아1단지",
            "투자타입":"일반",
            "전용면적(m2)":"108.62",
            "전용면적(평)":"32평",
            "법정동주소":"서울시 마포구 상암동 1630",
            "도로명주소":"서울시 마포구 월드컵북로43길 11",
            "세대수":0,
            "입주년차":60,
            "용적률점수":"--",
            "건폐율점수":"--",
            "세대당주차수":30,
            "난방방식":100,
            "공급면적":"--",
            "전용률":"--",
            "욕실수":100,
            "현관타입":100,
            "주거총점":46.5,
            "지역구공급총점":100.0,
            "역세권":50,
            "30분내 이동가능 거점":40,
            "1시간내 이동가능 거점":100,
            "교통총점":57.0,
            "백화점":0,
            "아울렛몰":0,
            "대형마트":100,
            "은행":0,
            "병원":30,
            "종합병원":100,
            "공원":100,
            "혐오시설":-50,
            "인프라총점":40.0,
            "초등학군":89.64,
            "중학군":52.66,
            "학군총점":60.056,
            "인구수":42.81,
            "인구증감":-2.72,
            "인구총점":29.151,
            "일자리":33.9,
            "소득수준":62.46,
            "일자리총점":42.468,
            "가치 총점":50.2584,
            "매매실거래년":20210925.0,
            "매매실거래가":127000.0,
            "전세실거래년":20211211.0,
            "전세실거래가":73000.0,
            "전세가율":57.48,
            "장기전세가율평균":63.7,
            "전세가율거품지수":6.22,
            "검색코드":26193,
            "세대수":213.0,
            "준공년월":"2009-06-22",
            "준공년차":14.0,
            "가까운역이름":"디지털미디어시티",
            "가까운역거리":513.35,
            "역세권여부":"준역세권",
            "30분이내주요거점역":2,
            "1시간이내주요거점역":13,
            "3km이내백화점수":0,
            "5km이내아울렛몰수":0,
            "1km이내대형먀트수":3,
            "500m이내은행수":1,
            "500m이내병원수":9,
            "5km이내대형병원수":4,
            "500m이내공원수":5,
            "3km이내혐오시설수":1,
            "초등학교학업성취도":89.64,
            "중학교학업성취도":86.3,
            "용적률":193,
            "건폐율":19,
            "Y":37.574229,
            "X":126.896021,
            "rank":111.0,
            "area_info":"32평(108.62), 44평(145.72)",
            "last_sales":"2021-09-25,127000.0,32평(108.62)"
        },
        {
            "index":298,
            "아파트명":"상암월드컵파크5단지",
            "투자타입":"일반",
            "전용면적(m2)":"108.65",
            "전용면적(평)":"32평",
            "법정동주소":"서울시 마포구 상암동 1658",
            "도로명주소":"서울시 마포구 상암산로1길 52",
            "세대수":50,
            "입주년차":40,
            "용적률점수":"--",
            "건폐율점수":"--",
            "세대당주차수":30,
            "난방방식":100,
            "공급면적":"--",
            "전용률":"--",
            "욕실수":100,
            "현관타입":100,
            "주거총점":60.0,
            "지역구공급총점":100.0,
            "역세권":50,
            "30분내 이동가능 거점":20,
            "1시간내 이동가능 거점":100,
            "교통총점":51.0,
            "백화점":0,
            "아울렛몰":0,
            "대형마트":0,
            "은행":70,
            "병원":60,
            "종합병원":100,
            "공원":100,
            "혐오시설":0,
            "인프라총점":36.0,
            "초등학군":86.37,
            "중학군":53.18,
            "학군총점":59.818,
            "인구수":42.81,
            "인구증감":-2.72,
            "인구총점":29.151,
            "일자리":33.9,
            "소득수준":62.46,
            "일자리총점":42.468,
            "가치 총점":49.6227,
            "매매실거래년":20210809.0,
            "매매실거래가":135000.0,
            "전세실거래년":20211108.0,
            "전세실거래가":63000.0,
            "전세가율":46.67,
            "장기전세가율평균":63.7,
            "전세가율거품지수":17.03,
            "검색코드":19427,
            "세대수":436.0,
            "준공년월":"2005-09-20",
            "준공년차":18.0,
            "가까운역이름":"수색",
            "가까운역거리":853.32,
            "역세권여부":"준역세권",
            "30분이내주요거점역":1,
            "1시간이내주요거점역":12,
            "3km이내백화점수":0,
            "5km이내아울렛몰수":0,
            "1km이내대형먀트수":0,
            "500m이내은행수":4,
            "500m이내병원수":28,
            "5km이내대형병원수":3,
            "500m이내공원수":5,
            "3km이내혐오시설수":0,
            "초등학교학업성취도":86.37,
            "중학교학업성취도":86.5,
            "용적률":240,
            "건폐율":15,
            "Y":37.580234,
            "X":126.885958,
            "rank":112.0,
            "area_info":"32평(108.65), 32평(108.57), 33평(109.34), 40평(134.03)",
            "last_sales":"2021-08-09,135000.0,32평(108.65)"
        },
        {
            "index":290,
            "아파트명":"상암월드컵파크3단지",
            "투자타입":"일반",
            "전용면적(m2)":"108.59",
            "전용면적(평)":"32평",
            "법정동주소":"서울시 마포구 상암동 1643",
            "도로명주소":"서울시 마포구 월드컵로 338",
            "세대수":50,
            "입주년차":20,
            "용적률점수":"--",
            "건폐율점수":"--",
            "세대당주차수":30,
            "난방방식":100,
            "공급면적":"--",
            "전용률":"--",
            "욕실수":100,
            "현관타입":100,
            "주거총점":56.0,
            "지역구공급총점":100.0,
            "역세권":50,
            "30분내 이동가능 거점":20,
            "1시간내 이동가능 거점":100,
            "교통총점":51.0,
            "백화점":0,
            "아울렛몰":0,
            "대형마트":80,
            "은행":0,
            "병원":30,
            "종합병원":100,
            "공원":100,
            "혐오시설":-50,
            "인프라총점":37.0,
            "초등학군":89.64,
            "중학군":53.18,
            "학군총점":60.472,
            "인구수":42.81,
            "인구증감":-2.72,
            "인구총점":29.151,
            "일자리":33.9,
            "소득수준":62.46,
            "일자리총점":42.468,
            "가치 총점":49.2208,
            "매매실거래년":20210818.0,
            "매매실거래가":130000.0,
            "전세실거래년":20220108.0,
            "전세실거래가":52500.0,
            "전세가율":40.23,
            "장기전세가율평균":63.7,
            "전세가율거품지수":23.47,
            "검색코드":13941,
            "세대수":540.0,
            "준공년월":"2003-09-30",
            "준공년차":20.0,
            "가까운역이름":"월드컵경기장",
            "가까운역거리":935.65,
            "역세권여부":"준역세권",
            "30분이내주요거점역":1,
            "1시간이내주요거점역":11,
            "3km이내백화점수":0,
            "5km이내아울렛몰수":0,
            "1km이내대형먀트수":1,
            "500m이내은행수":0,
            "500m이내병원수":9,
            "5km이내대형병원수":4,
            "500m이내공원수":2,
            "3km이내혐오시설수":1,
            "초등학교학업성취도":89.64,
            "중학교학업성취도":86.5,
            "용적률":215,
            "건폐율":19,
            "Y":37.572934,
            "X":126.889588,
            "rank":113.0,
            "area_info":"32평(108.59), 32평(108.46)",
            "last_sales":"2021-08-18,130000.0,32평(108.46)"
        },
        {
            "index":284,
            "아파트명":"상암월드컵파크2단지",
            "투자타입":"일반",
            "전용면적(m2)":"69.79",
            "전용면적(평)":"21평",
            "법정동주소":"서울시 마포구 상암동 1637",
            "도로명주소":"서울시 마포구 월드컵북로47길 46",
            "세대수":50,
            "입주년차":20,
            "용적률점수":"--",
            "건폐율점수":"--",
            "세대당주차수":0,
            "난방방식":100,
            "공급면적":"--",
            "전용률":"--",
            "욕실수":50,
            "현관타입":100,
            "주거총점":46.5,
            "지역구공급총점":100.0,
            "역세권":50,
            "30분내 이동가능 거점":0,
            "1시간내 이동가능 거점":100,
            "교통총점":45.0,
            "백화점":0,
            "아울렛몰":0,
            "대형마트":100,
            "은행":70,
            "병원":60,
            "종합병원":100,
            "공원":100,
            "혐오시설":-50,
            "인프라총점":50.0,
            "초등학군":89.64,
            "중학군":53.18,
            "학군총점":60.472,
            "인구수":42.81,
            "인구증감":-2.72,
            "인구총점":29.151,
            "일자리":33.9,
            "소득수준":62.46,
            "일자리총점":42.468,
            "가치 총점":49.1208,
            "매매실거래년":20211005.0,
            "매매실거래가":105000.0,
            "전세실거래년":20211009.0,
            "전세실거래가":38850.0,
            "전세가율":38.85,
            "장기전세가율평균":63.7,
            "전세가율거품지수":24.85,
            "검색코드":13940,
            "세대수":657.0,
            "준공년월":"2003-11-12",
            "준공년차":20.0,
            "가까운역이름":"수색",
            "가까운역거리":760.8,
            "역세권여부":"준역세권",
            "30분이내주요거점역":0,
            "1시간이내주요거점역":12,
            "3km이내백화점수":0,
            "5km이내아울렛몰수":0,
            "1km이내대형먀트수":2,
            "500m이내은행수":3,
            "500m이내병원수":14,
            "5km이내대형병원수":4,
            "500m이내공원수":6,
            "3km이내혐오시설수":1,
            "초등학교학업성취도":89.64,
            "중학교학업성취도":86.5,
            "용적률":243,
            "건폐율":18,
            "Y":37.574808,
            "X":126.891541,
            "rank":114.0,
            "area_info":"21평(69.79), 21평(69.93), 25평(83.98), 25평(83.98), 25평(83.98), 25평(83.87)",
            "last_sales":"2021-10-05,105000.0,25평(83.98)"
        },
        {
            "index":315,
            "아파트명":"상암카이저팰리스클래식",
            "투자타입":"일반",
            "전용면적(m2)":"118.6",
            "전용면적(평)":"35평",
            "법정동주소":"서울시 마포구 상암동 1641",
            "도로명주소":"서울시 마포구 월드컵북로47길 37",
            "세대수":0,
            "입주년차":60,
            "용적률점수":"--",
            "건폐율점수":"--",
            "세대당주차수":60,
            "난방방식":100,
            "공급면적":"--",
            "전용률":"--",
            "욕실수":100,
            "현관타입":100,
            "주거총점":51.0,
            "지역구공급총점":100.0,
            "역세권":50,
            "30분내 이동가능 거점":0,
            "1시간내 이동가능 거점":100,
            "교통총점":45.0,
            "백화점":0,
            "아울렛몰":0,
            "대형마트":100,
            "은행":0,
            "병원":60,
            "종합병원":100,
            "공원":100,
            "혐오시설":-50,
            "인프라총점":43.0,
            "초등학군":89.64,
            "중학군":53.18,
            "학군총점":60.472,
            "인구수":42.81,
            "인구증감":-2.72,
            "인구총점":29.151,
            "일자리":33.9,
            "소득수준":62.46,
            "일자리총점":42.468,
            "가치 총점":47.9208,
            "매매실거래년":20160307.0,
            "매매실거래가":81500.0,
            "전세실거래년":20200612.0,
            "전세실거래가":75000.0,
            "전세가율":92.02,
            "장기전세가율평균":63.7,
            "전세가율거품지수":-28.32,
            "검색코드":26204,
            "세대수":240.0,
            "준공년월":"2010-12-30",
            "준공년차":13.0,
            "가까운역이름":"월드컵경기장",
            "가까운역거리":883.78,
            "역세권여부":"준역세권",
            "30분이내주요거점역":0,
            "1시간이내주요거점역":12,
            "3km이내백화점수":0,
            "5km이내아울렛몰수":0,
            "1km이내대형먀트수":2,
            "500m이내은행수":0,
            "500m이내병원수":11,
            "5km이내대형병원수":4,
            "500m이내공원수":4,
            "3km이내혐오시설수":1,
            "초등학교학업성취도":89.64,
            "중학교학업성취도":86.5,
            "용적률":249,
            "건폐율":29,
            "Y":37.573749,
            "X":126.890798,
            "rank":115.0,
            "area_info":"35평(118.6), 49평(162.68), 49평(163.78), 58평(192.53), 93평(309.1), 98평(326.9)",
            "last_sales":"2016-03-07,81500.0,35평(118.6)"
        },
        {
            "index":228,
            "아파트명":"망원미원2차",
            "투자타입":"일반",
            "전용면적(m2)":"58.63",
            "전용면적(평)":"17평",
            "법정동주소":"서울시 마포구 망원동 433-9",
            "도로명주소":"서울시 마포구 월드컵로29길 68",
            "세대수":0,
            "입주년차":0,
            "용적률점수":"--",
            "건폐율점수":"--",
            "세대당주차수":0,
            "난방방식":30,
            "공급면적":"--",
            "전용률":"--",
            "욕실수":50,
            "현관타입":10,
            "주거총점":9.0,
            "지역구공급총점":100.0,
            "역세권":50,
            "30분내 이동가능 거점":40,
            "1시간내 이동가능 거점":100,
            "교통총점":57.0,
            "백화점":100,
            "아울렛몰":0,
            "대형마트":0,
            "은행":20,
            "병원":60,
            "종합병원":100,
            "공원":100,
            "혐오시설":0,
            "인프라총점":61.0,
            "초등학군":85.82,
            "중학군":42.82,
            "학군총점":51.42,
            "인구수":42.81,
            "인구증감":-2.72,
            "인구총점":29.151,
            "일자리":33.9,
            "소득수준":62.46,
            "일자리총점":42.468,
            "가치 총점":47.763,
            "매매실거래년":20210828.0,
            "매매실거래가":85000.0,
            "전세실거래년":null,
            "전세실거래가":null,
            "전세가율":null,
            "장기전세가율평균":63.7,
            "전세가율거품지수":null,
            "검색코드":937,
            "세대수":105.0,
            "준공년월":"1997-04-30",
            "준공년차":26.0,
            "가까운역이름":"마포구청",
            "가까운역거리":529.85,
            "역세권여부":"준역세권",
            "30분이내주요거점역":2,
            "1시간이내주요거점역":12,
            "3km이내백화점수":1,
            "5km이내아울렛몰수":0,
            "1km이내대형먀트수":0,
            "500m이내은행수":2,
            "500m이내병원수":22,
            "5km이내대형병원수":7,
            "500m이내공원수":3,
            "3km이내혐오시설수":0,
            "초등학교학업성취도":85.82,
            "중학교학업성취도":71.1,
            "용적률":268,
            "건폐율":35,
            "Y":37.55884,
            "X":126.90218,
            "rank":116.0,
            "area_info":"17평(58.63), 18평(59.62), 20평(67.75), 22평(73.7), 22평(74.87), 24평(80.97), 24평(80.94), 32평(107.99), 34평(115.04), 35평(116.76), 38평(126.82)",
            "last_sales":"2021-08-28,85000.0,38평(126.82)"
        },
        {
            "index":636,
            "아파트명":"중동계룡",
            "투자타입":"일반",
            "전용면적(m2)":"80.48",
            "전용면적(평)":"24평",
            "법정동주소":"서울시 마포구 중동 391",
            "도로명주소":"서울시 마포구 월드컵북로38가길 20",
            "세대수":0,
            "입주년차":20,
            "용적률점수":"--",
            "건폐율점수":"--",
            "세대당주차수":30,
            "난방방식":30,
            "공급면적":"--",
            "전용률":"--",
            "욕실수":50,
            "현관타입":100,
            "주거총점":26.5,
            "지역구공급총점":100.0,
            "역세권":50,
            "30분내 이동가능 거점":20,
            "1시간내 이동가능 거점":100,
            "교통총점":51.0,
            "백화점":0,
            "아울렛몰":0,
            "대형마트":100,
            "은행":70,
            "병원":60,
            "종합병원":100,
            "공원":100,
            "혐오시설":-50,
            "인프라총점":50.0,
            "초등학군":90.0,
            "중학군":52.66,
            "학군총점":60.128,
            "인구수":42.81,
            "인구증감":-2.72,
            "인구총점":29.151,
            "일자리":33.9,
            "소득수준":62.46,
            "일자리총점":42.468,
            "가치 총점":47.1692,
            "매매실거래년":20210729.0,
            "매매실거래가":100000.0,
            "전세실거래년":20210607.0,
            "전세실거래가":50000.0,
            "전세가율":66.67,
            "장기전세가율평균":63.7,
            "전세가율거품지수":-2.97,
            "검색코드":3471,
            "세대수":180.0,
            "준공년월":"2000-09-30",
            "준공년차":23.0,
            "가까운역이름":"월드컵경기장",
            "가까운역거리":591.31,
            "역세권여부":"준역세권",
            "30분이내주요거점역":1,
            "1시간이내주요거점역":13,
            "3km이내백화점수":0,
            "5km이내아울렛몰수":0,
            "1km이내대형먀트수":2,
            "500m이내은행수":3,
            "500m이내병원수":18,
            "5km이내대형병원수":4,
            "500m이내공원수":7,
            "3km이내혐오시설수":1,
            "초등학교학업성취도":90.0,
            "중학교학업성취도":86.3,
            "용적률":255,
            "건폐율":29,
            "Y":37.570662,
            "X":126.905854,
            "rank":117.0,
            "area_info":"24평(80.48), 32평(106.97), 34평(113.48), 42평(141.47)",
            "last_sales":"2021-07-29,100000.0,34평(113.48)"
        },
        {
            "index":204,
            "아파트명":"마포한강제이스카이(도시형)",
            "투자타입":"일반",
            "전용면적(m2)":"44.16",
            "전용면적(평)":"13평",
            "법정동주소":"서울시 마포구 망원동 522",
            "도로명주소":"서울시 마포구 방울내로 37",
            "세대수":0,
            "입주년차":100,
            "용적률점수":"--",
            "건폐율점수":"--",
            "세대당주차수":0,
            "난방방식":30,
            "공급면적":"--",
            "전용률":"--",
            "욕실수":50,
            "현관타입":10,
            "주거총점":29.0,
            "지역구공급총점":100.0,
            "역세권":50,
            "30분내 이동가능 거점":20,
            "1시간내 이동가능 거점":100,
            "교통총점":51.0,
            "백화점":0,
            "아울렛몰":0,
            "대형마트":80,
            "은행":0,
            "병원":30,
            "종합병원":100,
            "공원":100,
            "혐오시설":0,
            "인프라총점":38.0,
            "초등학군":80.6,
            "중학군":42.82,
            "학군총점":50.376,
            "인구수":42.81,
            "인구증감":-2.72,
            "인구총점":29.151,
            "일자리":33.9,
            "소득수준":62.46,
            "일자리총점":42.468,
            "가치 총점":42.6064,
            "매매실거래년":20210202.0,
            "매매실거래가":50000.0,
            "전세실거래년":20211224.0,
            "전세실거래가":25200.0,
            "전세가율":86.9,
            "장기전세가율평균":63.7,
            "전세가율거품지수":-23.2,
            "검색코드":126426,
            "세대수":149.0,
            "준공년월":"2019-09-10",
            "준공년차":4.0,
            "가까운역이름":"마포구청",
            "가까운역거리":625.65,
            "역세권여부":"준역세권",
            "30분이내주요거점역":1,
            "1시간이내주요거점역":12,
            "3km이내백화점수":0,
            "5km이내아울렛몰수":0,
            "1km이내대형먀트수":1,
            "500m이내은행수":1,
            "500m이내병원수":6,
            "5km이내대형병원수":7,
            "500m이내공원수":3,
            "3km이내혐오시설수":0,
            "초등학교학업성취도":80.6,
            "중학교학업성취도":71.1,
            "용적률":199,
            "건폐율":26,
            "Y":37.558828,
            "X":126.899416,
            "rank":118.0,
            "area_info":"13평(44.16), 13평(44.16), 13평(45.4), 21평(69.47), 20평(69.11), 20평(69.11), 20평(69.11)",
            "last_sales":"2021-02-02,50000.0,20평(69.11)"
        },
        {
            "index":239,
            "아파트명":"망원휴먼빌",
            "투자타입":"일반",
            "전용면적(m2)":"77.92",
            "전용면적(평)":"23평",
            "법정동주소":"서울시 마포구 망원동 509",
            "도로명주소":"서울시 마포구 방울내로 31",
            "세대수":0,
            "입주년차":40,
            "용적률점수":"--",
            "건폐율점수":"--",
            "세대당주차수":0,
            "난방방식":30,
            "공급면적":"--",
            "전용률":"--",
            "욕실수":100,
            "현관타입":100,
            "주거총점":31.0,
            "지역구공급총점":100.0,
            "역세권":50,
            "30분내 이동가능 거점":20,
            "1시간내 이동가능 거점":100,
            "교통총점":51.0,
            "백화점":0,
            "아울렛몰":0,
            "대형마트":80,
            "은행":0,
            "병원":10,
            "종합병원":100,
            "공원":100,
            "혐오시설":0,
            "인프라총점":36.0,
            "초등학군":80.6,
            "중학군":42.82,
            "학군총점":50.376,
            "인구수":42.81,
            "인구증감":-2.72,
            "인구총점":29.151,
            "일자리":33.9,
            "소득수준":62.46,
            "일자리총점":42.468,
            "가치 총점":42.4064,
            "매매실거래년":20210717.0,
            "매매실거래가":101000.0,
            "전세실거래년":null,
            "전세실거래가":null,
            "전세가율":null,
            "장기전세가율평균":63.7,
            "전세가율거품지수":null,
            "검색코드":10500,
            "세대수":210.0,
            "준공년월":"2004-07-30",
            "준공년차":19.0,
            "가까운역이름":"마포구청",
            "가까운역거리":670.74,
            "역세권여부":"준역세권",
            "30분이내주요거점역":1,
            "1시간이내주요거점역":12,
            "3km이내백화점수":0,
            "5km이내아울렛몰수":0,
            "1km이내대형먀트수":1,
            "500m이내은행수":1,
            "500m이내병원수":3,
            "5km이내대형병원수":7,
            "500m이내공원수":2,
            "3km이내혐오시설수":0,
            "초등학교학업성취도":80.6,
            "중학교학업성취도":71.1,
            "용적률":299,
            "건폐율":24,
            "Y":37.55867,
            "X":126.89881,
            "rank":119.0,
            "area_info":"23평(77.92), 24평(80.51), 32평(106.26)",
            "last_sales":"2021-07-17,101000.0,32평(106.26)"
        },
        {
            "index":302,
            "아파트명":"상암월드컵파크6단지",
            "투자타입":"일반",
            "전용면적(m2)":"108.03",
            "전용면적(평)":"32평",
            "법정동주소":"서울시 마포구 상암동 1689",
            "도로명주소":"서울시 마포구 상암산로1길 57",
            "세대수":50,
            "입주년차":40,
            "용적률점수":"--",
            "건폐율점수":"--",
            "세대당주차수":60,
            "난방방식":100,
            "공급면적":"--",
            "전용률":"--",
            "욕실수":100,
            "현관타입":100,
            "주거총점":64.5,
            "지역구공급총점":100.0,
            "역세권":0,
            "30분내 이동가능 거점":20,
            "1시간내 이동가능 거점":100,
            "교통총점":26.0,
            "백화점":0,
            "아울렛몰":0,
            "대형마트":0,
            "은행":70,
            "병원":60,
            "종합병원":100,
            "공원":100,
            "혐오시설":0,
            "인프라총점":36.0,
            "초등학군":86.37,
            "중학군":53.18,
            "학군총점":59.818,
            "인구수":42.81,
            "인구증감":-2.72,
            "인구총점":29.151,
            "일자리":33.9,
            "소득수준":62.46,
            "일자리총점":42.468,
            "가치 총점":41.7727,
            "매매실거래년":20211223.0,
            "매매실거래가":161000.0,
            "전세실거래년":20211210.0,
            "전세실거래가":55650.0,
            "전세가율":39.75,
            "장기전세가율평균":63.7,
            "전세가율거품지수":23.95,
            "검색코드":19428,
            "세대수":484.0,
            "준공년월":"2005-07-15",
            "준공년차":18.0,
            "가까운역이름":"수색",
            "가까운역거리":1083.08,
            "역세권여부":"비역세권",
            "30분이내주요거점역":1,
            "1시간이내주요거점역":11,
            "3km이내백화점수":0,
            "5km이내아울렛몰수":0,
            "1km이내대형먀트수":0,
            "500m이내은행수":3,
            "500m이내병원수":15,
            "5km이내대형병원수":4,
            "500m이내공원수":5,
            "3km이내혐오시설수":0,
            "초등학교학업성취도":86.37,
            "중학교학업성취도":86.5,
            "용적률":161,
            "건폐율":17,
            "Y":37.579867,
            "X":126.883382,
            "rank":120.0,
            "area_info":"32평(108.03), 40평(132.3)",
            "last_sales":"2021-12-23,161000.0,40평(132.3)"
        },
        {
            "index":311,
            "아파트명":"상암월드컵파크9단지",
            "투자타입":"일반",
            "전용면적(m2)":"113.89",
            "전용면적(평)":"34평",
            "법정동주소":"서울시 마포구 상암동 1752",
            "도로명주소":"서울시 마포구 월드컵북로 501",
            "세대수":90,
            "입주년차":60,
            "용적률점수":"--",
            "건폐율점수":"--",
            "세대당주차수":30,
            "난방방식":100,
            "공급면적":"--",
            "전용률":"--",
            "욕실수":100,
            "현관타입":100,
            "주거총점":78.0,
            "지역구공급총점":100.0,
            "역세권":0,
            "30분내 이동가능 거점":20,
            "1시간내 이동가능 거점":100,
            "교통총점":26.0,
            "백화점":0,
            "아울렛몰":0,
            "대형마트":0,
            "은행":0,
            "병원":10,
            "종합병원":100,
            "공원":100,
            "혐오시설":-50,
            "인프라총점":23.0,
            "초등학군":87.43,
            "중학군":53.18,
            "학군총점":60.03,
            "인구수":42.81,
            "인구증감":-2.72,
            "인구총점":29.151,
            "일자리":33.9,
            "소득수준":62.46,
            "일자리총점":42.468,
            "가치 총점":40.6045,
            "매매실거래년":20210128.0,
            "매매실거래가":102000.0,
            "전세실거래년":20210624.0,
            "전세실거래가":37500.0,
            "전세가율":60.29,
            "장기전세가율평균":63.7,
            "전세가율거품지수":3.41,
            "검색코드":101608,
            "세대수":1036.0,
            "준공년월":"2010-10-14",
            "준공년차":13.0,
            "가까운역이름":"수색",
            "가까운역거리":1513.64,
            "역세권여부":"비역세권",
            "30분이내주요거점역":1,
            "1시간이내주요거점역":10,
            "3km이내백화점수":0,
            "5km이내아울렛몰수":0,
            "1km이내대형먀트수":0,
            "500m이내은행수":0,
            "500m이내병원수":3,
            "5km이내대형병원수":2,
            "500m이내공원수":7,
            "3km이내혐오시설수":1,
            "초등학교학업성취도":87.43,
            "중학교학업성취도":86.5,
            "용적률":197,
            "건폐율":20,
            "Y":37.583626,
            "X":126.878797,
            "rank":121.0,
            "area_info":"34평(113.89), 34평(114.12), 34평(114.84), 35평(116.43)",
            "last_sales":"2021-01-28,102000.0,35평(116.43)"
        },
        {
            "index":219,
            "아파트명":"망원대상3차",
            "투자타입":"일반",
            "전용면적(m2)":"79.42",
            "전용면적(평)":"24평",
            "법정동주소":"서울시 마포구 망원동 491",
            "도로명주소":"서울시 마포구 월드컵로31길 103",
            "세대수":0,
            "입주년차":20,
            "용적률점수":"--",
            "건폐율점수":"--",
            "세대당주차수":30,
            "난방방식":30,
            "공급면적":"--",
            "전용률":"--",
            "욕실수":50,
            "현관타입":10,
            "주거총점":17.5,
            "지역구공급총점":100.0,
            "역세권":50,
            "30분내 이동가능 거점":20,
            "1시간내 이동가능 거점":100,
            "교통총점":51.0,
            "백화점":0,
            "아울렛몰":0,
            "대형마트":80,
            "은행":0,
            "병원":30,
            "종합병원":100,
            "공원":100,
            "혐오시설":0,
            "인프라총점":38.0,
            "초등학군":80.6,
            "중학군":42.82,
            "학군총점":50.376,
            "인구수":42.81,
            "인구증감":-2.72,
            "인구총점":29.151,
            "일자리":33.9,
            "소득수준":62.46,
            "일자리총점":42.468,
            "가치 총점":40.3064,
            "매매실거래년":20210726.0,
            "매매실거래가":85000.0,
            "전세실거래년":20211103.0,
            "전세실거래가":42000.0,
            "전세가율":64.81,
            "장기전세가율평균":63.7,
            "전세가율거품지수":-1.11,
            "검색코드":1272,
            "세대수":117.0,
            "준공년월":"2000-04-29",
            "준공년차":23.0,
            "가까운역이름":"마포구청",
            "가까운역거리":564.14,
            "역세권여부":"준역세권",
            "30분이내주요거점역":1,
            "1시간이내주요거점역":12,
            "3km이내백화점수":0,
            "5km이내아울렛몰수":0,
            "1km이내대형먀트수":1,
            "500m이내은행수":1,
            "500m이내병원수":6,
            "5km이내대형병원수":7,
            "500m이내공원수":2,
            "3km이내혐오시설수":0,
            "초등학교학업성취도":80.6,
            "중학교학업성취도":71.1,
            "용적률":0,
            "건폐율":0,
            "Y":37.559386,
            "X":126.899624,
            "rank":122.0,
            "area_info":"24평(79.42), 24평(79.42), 34평(113.11), 34평(113.11), 34평(113.11), 34평(113.11)",
            "last_sales":"2021-07-26,85000.0,34평(113.11)"
        },
        {
            "index":304,
            "아파트명":"상암월드컵파크7단지",
            "투자타입":"일반",
            "전용면적(m2)":"108.25",
            "전용면적(평)":"32평",
            "법정동주소":"서울시 마포구 상암동 1660",
            "도로명주소":"서울시 마포구 상암산로1길 92",
            "세대수":80,
            "입주년차":40,
            "용적률점수":"--",
            "건폐율점수":"--",
            "세대당주차수":30,
            "난방방식":100,
            "공급면적":"--",
            "전용률":"--",
            "욕실수":100,
            "현관타입":100,
            "주거총점":70.5,
            "지역구공급총점":100.0,
            "역세권":0,
            "30분내 이동가능 거점":20,
            "1시간내 이동가능 거점":100,
            "교통총점":26.0,
            "백화점":0,
            "아울렛몰":0,
            "대형마트":0,
            "은행":0,
            "병원":30,
            "종합병원":100,
            "공원":100,
            "혐오시설":0,
            "인프라총점":26.0,
            "초등학군":86.37,
            "중학군":53.18,
            "학군총점":59.818,
            "인구수":42.81,
            "인구증감":-2.72,
            "인구총점":29.151,
            "일자리":33.9,
            "소득수준":62.46,
            "일자리총점":42.468,
            "가치 총점":39.9727,
            "매매실거래년":20210611.0,
            "매매실거래가":139000.0,
            "전세실거래년":20211228.0,
            "전세실거래가":52500.0,
            "전세가율":43.39,
            "장기전세가율평균":63.7,
            "전세가율거품지수":20.31,
            "검색코드":17628,
            "세대수":733.0,
            "준공년월":"2005-06-02",
            "준공년차":18.0,
            "가까운역이름":"수색",
            "가까운역거리":1255.47,
            "역세권여부":"비역세권",
            "30분이내주요거점역":1,
            "1시간이내주요거점역":11,
            "3km이내백화점수":0,
            "5km이내아울렛몰수":0,
            "1km이내대형먀트수":0,
            "500m이내은행수":1,
            "500m이내병원수":8,
            "5km이내대형병원수":3,
            "500m이내공원수":7,
            "3km이내혐오시설수":0,
            "초등학교학업성취도":86.37,
            "중학교학업성취도":86.5,
            "용적률":174,
            "건폐율":16,
            "Y":37.582138,
            "X":126.881458,
            "rank":123.0,
            "area_info":"32평(108.25), 32평(108.25), 32평(108.27), 33평(109.34), 33평(109.52), 40평(133.5), 40평(133.83)",
            "last_sales":"2021-06-11,139000.0,40평(133.83)"
        },
        {
            "index":214,
            "아파트명":"망원대림2차",
            "투자타입":"일반",
            "전용면적(m2)":"78.98",
            "전용면적(평)":"23평",
            "법정동주소":"서울시 마포구 망원동 497",
            "도로명주소":"서울시 마포구 망원로1길 27",
            "세대수":0,
            "입주년차":20,
            "용적률점수":"--",
            "건폐율점수":"--",
            "세대당주차수":30,
            "난방방식":30,
            "공급면적":"--",
            "전용률":"--",
            "욕실수":100,
            "현관타입":100,
            "주거총점":31.5,
            "지역구공급총점":100.0,
            "역세권":50,
            "30분내 이동가능 거점":20,
            "1시간내 이동가능 거점":90,
            "교통총점":49.0,
            "백화점":0,
            "아울렛몰":0,
            "대형마트":0,
            "은행":0,
            "병원":30,
            "종합병원":100,
            "공원":100,
            "혐오시설":0,
            "인프라총점":26.0,
            "초등학군":85.82,
            "중학군":42.82,
            "학군총점":51.42,
            "인구수":42.81,
            "인구증감":-2.72,
            "인구총점":29.151,
            "일자리":33.9,
            "소득수준":62.46,
            "일자리총점":42.468,
            "가치 총점":38.963,
            "매매실거래년":20210427.0,
            "매매실거래가":85000.0,
            "전세실거래년":20210403.0,
            "전세실거래가":50000.0,
            "전세가율":58.82,
            "장기전세가율평균":63.7,
            "전세가율거품지수":4.88,
            "검색코드":3387,
            "세대수":240.0,
            "준공년월":"2002-12-18",
            "준공년차":21.0,
            "가까운역이름":"마포구청",
            "가까운역거리":777.24,
            "역세권여부":"준역세권",
            "30분이내주요거점역":1,
            "1시간이내주요거점역":9,
            "3km이내백화점수":0,
            "5km이내아울렛몰수":0,
            "1km이내대형먀트수":0,
            "500m이내은행수":1,
            "500m이내병원수":5,
            "5km이내대형병원수":7,
            "500m이내공원수":3,
            "3km이내혐오시설수":0,
            "초등학교학업성취도":85.82,
            "중학교학업성취도":71.1,
            "용적률":299,
            "건폐율":23,
            "Y":37.557311,
            "X":126.899281,
            "rank":124.0,
            "area_info":"23평(78.98), 33평(109.73), 33평(109.62), 33평(109.97), 41평(136.8)",
            "last_sales":"2021-04-27,85000.0,23평(78.98)"
        },
        {
            "index":276,
            "아파트명":"상암월드컵파크11단지",
            "투자타입":"일반",
            "전용면적(m2)":"114.31",
            "전용면적(평)":"34평",
            "법정동주소":"서울시 마포구 상암동 1741",
            "도로명주소":"서울시 마포구 월드컵북로 502-37",
            "세대수":50,
            "입주년차":60,
            "용적률점수":"--",
            "건폐율점수":"--",
            "세대당주차수":30,
            "난방방식":100,
            "공급면적":"--",
            "전용률":"--",
            "욕실수":100,
            "현관타입":100,
            "주거총점":64.0,
            "지역구공급총점":100.0,
            "역세권":0,
            "30분내 이동가능 거점":0,
            "1시간내 이동가능 거점":100,
            "교통총점":20.0,
            "백화점":0,
            "아울렛몰":80,
            "대형마트":0,
            "은행":0,
            "병원":10,
            "종합병원":100,
            "공원":100,
            "혐오시설":-50,
            "인프라총점":31.0,
            "초등학군":87.43,
            "중학군":53.18,
            "학군총점":60.03,
            "인구수":42.81,
            "인구증감":-2.72,
            "인구총점":29.151,
            "일자리":33.9,
            "소득수준":62.46,
            "일자리총점":42.468,
            "가치 총점":38.1045,
            "매매실거래년":20210607.0,
            "매매실거래가":107000.0,
            "전세실거래년":20211223.0,
            "전세실거래가":37500.0,
            "전세가율":37.5,
            "장기전세가율평균":63.7,
            "전세가율거품지수":26.2,
            "검색코드":101610,
            "세대수":588.0,
            "준공년월":"2010-06-23",
            "준공년차":13.0,
            "가까운역이름":"수색",
            "가까운역거리":1476.34,
            "역세권여부":"비역세권",
            "30분이내주요거점역":0,
            "1시간이내주요거점역":11,
            "3km이내백화점수":0,
            "5km이내아울렛몰수":1,
            "1km이내대형먀트수":0,
            "500m이내은행수":0,
            "500m이내병원수":3,
            "5km이내대형병원수":2,
            "500m이내공원수":4,
            "3km이내혐오시설수":1,
            "초등학교학업성취도":87.43,
            "중학교학업성취도":86.5,
            "용적률":199,
            "건폐율":19,
            "Y":37.587695,
            "X":126.881261,
            "rank":125.0,
            "area_info":"34평(114.31), 34평(114.09)",
            "last_sales":"2021-06-07,107000.0,34평(114.09)"
        },
        {
            "index":273,
            "아파트명":"상암월드컵파크10단지",
            "투자타입":"일반",
            "전용면적(m2)":"80.75",
            "전용면적(평)":"24평",
            "법정동주소":"서울시 마포구 상암동 1736",
            "도로명주소":"서울시 마포구 월드컵북로 502-36",
            "세대수":80,
            "입주년차":60,
            "용적률점수":"--",
            "건폐율점수":"--",
            "세대당주차수":30,
            "난방방식":100,
            "공급면적":"--",
            "전용률":"--",
            "욕실수":100,
            "현관타입":100,
            "주거총점":74.5,
            "지역구공급총점":100.0,
            "역세권":0,
            "30분내 이동가능 거점":0,
            "1시간내 이동가능 거점":100,
            "교통총점":20.0,
            "백화점":0,
            "아울렛몰":0,
            "대형마트":0,
            "은행":0,
            "병원":10,
            "종합병원":100,
            "공원":100,
            "혐오시설":-50,
            "인프라총점":23.0,
            "초등학군":87.43,
            "중학군":53.18,
            "학군총점":60.03,
            "인구수":42.81,
            "인구증감":-2.72,
            "인구총점":29.151,
            "일자리":33.9,
            "소득수준":62.46,
            "일자리총점":42.468,
            "가치 총점":37.8045,
            "매매실거래년":20210416.0,
            "매매실거래가":96500.0,
            "전세실거래년":20211117.0,
            "전세실거래가":66000.0,
            "전세가율":73.33,
            "장기전세가율평균":63.7,
            "전세가율거품지수":-9.63,
            "검색코드":101609,
            "세대수":861.0,
            "준공년월":"2010-07-20",
            "준공년차":13.0,
            "가까운역이름":"수색",
            "가까운역거리":1304.0,
            "역세권여부":"비역세권",
            "30분이내주요거점역":0,
            "1시간이내주요거점역":11,
            "3km이내백화점수":0,
            "5km이내아울렛몰수":0,
            "1km이내대형먀트수":0,
            "500m이내은행수":1,
            "500m이내병원수":3,
            "5km이내대형병원수":2,
            "500m이내공원수":6,
            "3km이내혐오시설수":1,
            "초등학교학업성취도":87.43,
            "중학교학업성취도":86.5,
            "용적률":177,
            "건폐율":18,
            "Y":37.58583,
            "X":126.882218,
            "rank":126.0,
            "area_info":"24평(80.75), 34평(112.79), 34평(112.57)",
            "last_sales":"2021-04-16,96500.0,34평(112.57)"
        },
        {
            "index":248,
            "아파트명":"성원2차",
            "투자타입":"일반",
            "전용면적(m2)":"80.77",
            "전용면적(평)":"24평",
            "법정동주소":"서울시 마포구 망원동 489",
            "도로명주소":"서울시 마포구 망원로4길 8",
            "세대수":0,
            "입주년차":20,
            "용적률점수":"--",
            "건폐율점수":"--",
            "세대당주차수":30,
            "난방방식":30,
            "공급면적":"--",
            "전용률":"--",
            "욕실수":50,
            "현관타입":10,
            "주거총점":17.5,
            "지역구공급총점":100.0,
            "역세권":50,
            "30분내 이동가능 거점":20,
            "1시간내 이동가능 거점":100,
            "교통총점":51.0,
            "백화점":0,
            "아울렛몰":0,
            "대형마트":0,
            "은행":0,
            "병원":60,
            "종합병원":100,
            "공원":100,
            "혐오시설":0,
            "인프라총점":29.0,
            "초등학군":85.82,
            "중학군":42.82,
            "학군총점":51.42,
            "인구수":42.81,
            "인구증감":-2.72,
            "인구총점":29.151,
            "일자리":33.9,
            "소득수준":62.46,
            "일자리총점":42.468,
            "가치 총점":37.763,
            "매매실거래년":20211016.0,
            "매매실거래가":70000.0,
            "전세실거래년":20211230.0,
            "전세실거래가":32550.0,
            "전세가율":46.5,
            "장기전세가율평균":63.7,
            "전세가율거품지수":17.2,
            "검색코드":1149,
            "세대수":134.0,
            "준공년월":"1999-12-29",
            "준공년차":24.0,
            "가까운역이름":"망원",
            "가까운역거리":774.45,
            "역세권여부":"준역세권",
            "30분이내주요거점역":1,
            "1시간이내주요거점역":10,
            "3km이내백화점수":0,
            "5km이내아울렛몰수":0,
            "1km이내대형먀트수":0,
            "500m이내은행수":1,
            "500m이내병원수":16,
            "5km이내대형병원수":7,
            "500m이내공원수":3,
            "3km이내혐오시설수":0,
            "초등학교학업성취도":85.82,
            "중학교학업성취도":71.1,
            "용적률":304,
            "건폐율":25,
            "Y":37.556401,
            "X":126.901275,
            "rank":127.0,
            "area_info":"24평(80.77), 32평(106.31), 42평(139.46)",
            "last_sales":"2021-10-16,70000.0,24평(80.77)"
        },
        {
            "index":278,
            "아파트명":"상암월드컵파크12단지",
            "투자타입":"일반",
            "전용면적(m2)":"81.23",
            "전용면적(평)":"24평",
            "법정동주소":"서울시 마포구 상암동 1743",
            "도로명주소":"서울시 마포구 월드컵북로 502-7",
            "세대수":30,
            "입주년차":60,
            "용적률점수":"--",
            "건폐율점수":"--",
            "세대당주차수":30,
            "난방방식":100,
            "공급면적":"--",
            "전용률":"--",
            "욕실수":100,
            "현관타입":100,
            "주거총점":57.0,
            "지역구공급총점":100.0,
            "역세권":0,
            "30분내 이동가능 거점":0,
            "1시간내 이동가능 거점":100,
            "교통총점":20.0,
            "백화점":0,
            "아울렛몰":80,
            "대형마트":0,
            "은행":0,
            "병원":10,
            "종합병원":100,
            "공원":100,
            "혐오시설":-50,
            "인프라총점":31.0,
            "초등학군":87.43,
            "중학군":53.18,
            "학군총점":60.03,
            "인구수":42.81,
            "인구증감":-2.72,
            "인구총점":29.151,
            "일자리":33.9,
            "소득수준":62.46,
            "일자리총점":42.468,
            "가치 총점":36.7045,
            "매매실거래년":20211110.0,
            "매매실거래가":129000.0,
            "전세실거래년":20220103.0,
            "전세실거래가":55000.0,
            "전세가율":55.17,
            "장기전세가율평균":63.7,
            "전세가율거품지수":8.53,
            "검색코드":101611,
            "세대수":380.0,
            "준공년월":"2010-10-14",
            "준공년차":13.0,
            "가까운역이름":"수색",
            "가까운역거리":1508.06,
            "역세권여부":"비역세권",
            "30분이내주요거점역":0,
            "1시간이내주요거점역":11,
            "3km이내백화점수":0,
            "5km이내아울렛몰수":1,
            "1km이내대형먀트수":0,
            "500m이내은행수":0,
            "500m이내병원수":3,
            "5km이내대형병원수":2,
            "500m이내공원수":5,
            "3km이내혐오시설수":1,
            "초등학교학업성취도":87.43,
            "중학교학업성취도":86.5,
            "용적률":149,
            "건폐율":16,
            "Y":37.586612,
            "X":126.880123,
            "rank":128.0,
            "area_info":"24평(81.23), 34평(113.47), 34평(113.25), 45평(151.84), 46평(152.98), 46평(153.2)",
            "last_sales":"2021-11-10,129000.0,46평(153.2)"
        },
        {
            "index":245,
            "아파트명":"성원1차",
            "투자타입":"일반",
            "전용면적(m2)":"84.41",
            "전용면적(평)":"25평",
            "법정동주소":"서울시 마포구 망원동 420",
            "도로명주소":"서울시 마포구 월드컵로25길 125",
            "세대수":0,
            "입주년차":0,
            "용적률점수":"--",
            "건폐율점수":"--",
            "세대당주차수":0,
            "난방방식":30,
            "공급면적":"--",
            "전용률":"--",
            "욕실수":50,
            "현관타입":10,
            "주거총점":9.0,
            "지역구공급총점":100.0,
            "역세권":50,
            "30분내 이동가능 거점":20,
            "1시간내 이동가능 거점":100,
            "교통총점":51.0,
            "백화점":0,
            "아울렛몰":0,
            "대형마트":0,
            "은행":0,
            "병원":60,
            "종합병원":100,
            "공원":100,
            "혐오시설":0,
            "인프라총점":29.0,
            "초등학군":85.82,
            "중학군":42.82,
            "학군총점":51.42,
            "인구수":42.81,
            "인구증감":-2.72,
            "인구총점":29.151,
            "일자리":33.9,
            "소득수준":62.46,
            "일자리총점":42.468,
            "가치 총점":36.063,
            "매매실거래년":20210210.0,
            "매매실거래가":72000.0,
            "전세실거래년":20210722.0,
            "전세실거래가":33500.0,
            "전세가율":57.76,
            "장기전세가율평균":63.7,
            "전세가율거품지수":5.94,
            "검색코드":939,
            "세대수":100.0,
            "준공년월":"1998-06-27",
            "준공년차":25.0,
            "가까운역이름":"마포구청",
            "가까운역거리":782.32,
            "역세권여부":"준역세권",
            "30분이내주요거점역":1,
            "1시간이내주요거점역":10,
            "3km이내백화점수":0,
            "5km이내아울렛몰수":0,
            "1km이내대형먀트수":0,
            "500m이내은행수":1,
            "500m이내병원수":14,
            "5km이내대형병원수":7,
            "500m이내공원수":3,
            "3km이내혐오시설수":0,
            "초등학교학업성취도":85.82,
            "중학교학업성취도":71.1,
            "용적률":367,
            "건폐율":32,
            "Y":37.55674,
            "X":126.90095,
            "rank":129.0,
            "area_info":"25평(84.41), 29평(95.92), 33평(109.32)",
            "last_sales":"2021-02-10,72000.0,29평(95.92)"
        },
        {
            "index":254,
            "아파트명":"한강대주파크빌2차",
            "투자타입":"일반",
            "전용면적(m2)":"106.66",
            "전용면적(평)":"32평",
            "법정동주소":"서울시 마포구 망원동 499",
            "도로명주소":"서울시 마포구 동교로3길 115",
            "세대수":0,
            "입주년차":20,
            "용적률점수":"--",
            "건폐율점수":"--",
            "세대당주차수":30,
            "난방방식":30,
            "공급면적":"--",
            "전용률":"--",
            "욕실수":100,
            "현관타입":100,
            "주거총점":31.5,
            "지역구공급총점":100.0,
            "역세권":0,
            "30분내 이동가능 거점":20,
            "1시간내 이동가능 거점":100,
            "교통총점":26.0,
            "백화점":0,
            "아울렛몰":0,
            "대형마트":0,
            "은행":0,
            "병원":0,
            "종합병원":100,
            "공원":100,
            "혐오시설":0,
            "인프라총점":23.0,
            "초등학군":85.82,
            "중학군":42.82,
            "학군총점":51.42,
            "인구수":42.81,
            "인구증감":-2.72,
            "인구총점":29.151,
            "일자리":33.9,
            "소득수준":62.46,
            "일자리총점":42.468,
            "가치 총점":30.013,
            "매매실거래년":20201116.0,
            "매매실거래가":84750.0,
            "전세실거래년":20211223.0,
            "전세실거래가":45150.0,
            "전세가율":53.27,
            "장기전세가율평균":63.7,
            "전세가율거품지수":10.43,
            "검색코드":100334,
            "세대수":117.0,
            "준공년월":"2003-04-10",
            "준공년차":20.0,
            "가까운역이름":"망원",
            "가까운역거리":1040.31,
            "역세권여부":"비역세권",
            "30분이내주요거점역":1,
            "1시간이내주요거점역":10,
            "3km이내백화점수":0,
            "5km이내아울렛몰수":0,
            "1km이내대형먀트수":0,
            "500m이내은행수":1,
            "500m이내병원수":0,
            "5km이내대형병원수":7,
            "500m이내공원수":2,
            "3km이내혐오시설수":0,
            "초등학교학업성취도":85.82,
            "중학교학업성취도":71.1,
            "용적률":299,
            "건폐율":22,
            "Y":37.555004,
            "X":126.898331,
            "rank":130.0,
            "area_info":"32평(106.66), 37평(123.94)",
            "last_sales":"2020-11-16,84750.0,32평(106.66)"
        }
    ]
}