{
    "schema":{
        "fields":[
            {
                "name":"index",
                "type":"integer"
            },
            {
                "name":"아파트명",
                "type":"string"
            },
            {
                "name":"투자타입",
                "type":"string"
            },
            {
                "name":"전용면적(m2)",
                "type":"string"
            },
            {
                "name":"전용면적(평)",
                "type":"string"
            },
            {
                "name":"법정동주소",
                "type":"string"
            },
            {
                "name":"도로명주소",
                "type":"string"
            },
            {
                "name":"세대수",
                "type":"integer"
            },
            {
                "name":"입주년차",
                "type":"string"
            },
            {
                "name":"용적률점수",
                "type":"string"
            },
            {
                "name":"건폐율점수",
                "type":"string"
            },
            {
                "name":"세대당주차수",
                "type":"string"
            },
            {
                "name":"난방방식",
                "type":"string"
            },
            {
                "name":"공급면적",
                "type":"string"
            },
            {
                "name":"전용률",
                "type":"string"
            },
            {
                "name":"욕실수",
                "type":"string"
            },
            {
                "name":"현관타입",
                "type":"string"
            },
            {
                "name":"주거총점",
                "type":"number"
            },
            {
                "name":"지역구공급총점",
                "type":"number"
            },
            {
                "name":"역세권",
                "type":"integer"
            },
            {
                "name":"30분내 이동가능 거점",
                "type":"integer"
            },
            {
                "name":"1시간내 이동가능 거점",
                "type":"integer"
            },
            {
                "name":"교통총점",
                "type":"number"
            },
            {
                "name":"백화점",
                "type":"integer"
            },
            {
                "name":"아울렛몰",
                "type":"integer"
            },
            {
                "name":"대형마트",
                "type":"integer"
            },
            {
                "name":"은행",
                "type":"integer"
            },
            {
                "name":"병원",
                "type":"integer"
            },
            {
                "name":"종합병원",
                "type":"integer"
            },
            {
                "name":"공원",
                "type":"integer"
            },
            {
                "name":"혐오시설",
                "type":"integer"
            },
            {
                "name":"인프라총점",
                "type":"number"
            },
            {
                "name":"초등학군",
                "type":"number"
            },
            {
                "name":"중학군",
                "type":"number"
            },
            {
                "name":"학군총점",
                "type":"number"
            },
            {
                "name":"인구수",
                "type":"number"
            },
            {
                "name":"인구증감",
                "type":"number"
            },
            {
                "name":"인구총점",
                "type":"number"
            },
            {
                "name":"일자리",
                "type":"number"
            },
            {
                "name":"소득수준",
                "type":"number"
            },
            {
                "name":"일자리총점",
                "type":"number"
            },
            {
                "name":"가치 총점",
                "type":"number"
            },
            {
                "name":"매매실거래년",
                "type":"string"
            },
            {
                "name":"매매실거래가",
                "type":"number"
            },
            {
                "name":"전세실거래년",
                "type":"number"
            },
            {
                "name":"전세실거래가",
                "type":"number"
            },
            {
                "name":"전세가율",
                "type":"number"
            },
            {
                "name":"장기전세가율평균",
                "type":"number"
            },
            {
                "name":"전세가율거품지수",
                "type":"number"
            },
            {
                "name":"검색코드",
                "type":"integer"
            },
            {
                "name":"세대수",
                "type":"number"
            },
            {
                "name":"준공년월",
                "type":"string"
            },
            {
                "name":"준공년차",
                "type":"number"
            },
            {
                "name":"가까운역이름",
                "type":"string"
            },
            {
                "name":"가까운역거리",
                "type":"number"
            },
            {
                "name":"역세권여부",
                "type":"string"
            },
            {
                "name":"30분이내주요거점역",
                "type":"integer"
            },
            {
                "name":"1시간이내주요거점역",
                "type":"integer"
            },
            {
                "name":"3km이내백화점수",
                "type":"integer"
            },
            {
                "name":"5km이내아울렛몰수",
                "type":"integer"
            },
            {
                "name":"1km이내대형먀트수",
                "type":"integer"
            },
            {
                "name":"500m이내은행수",
                "type":"integer"
            },
            {
                "name":"500m이내병원수",
                "type":"integer"
            },
            {
                "name":"5km이내대형병원수",
                "type":"integer"
            },
            {
                "name":"500m이내공원수",
                "type":"integer"
            },
            {
                "name":"3km이내혐오시설수",
                "type":"integer"
            },
            {
                "name":"초등학교학업성취도",
                "type":"number"
            },
            {
                "name":"중학교학업성취도",
                "type":"number"
            },
            {
                "name":"용적률",
                "type":"integer"
            },
            {
                "name":"건폐율",
                "type":"integer"
            },
            {
                "name":"Y",
                "type":"number"
            },
            {
                "name":"X",
                "type":"number"
            },
            {
                "name":"rank",
                "type":"number"
            },
            {
                "name":"area_info",
                "type":"string"
            },
            {
                "name":"last_sales",
                "type":"string"
            }
        ],
        "primaryKey":[
            "index"
        ],
        "pandas_version":"1.4.0"
    },
    "data":[
        {
            "index":191,
            "아파트명":"목동신시가지7단지",
            "투자타입":"재건축",
            "전용면적(m2)":"72.19",
            "전용면적(평)":"21평",
            "법정동주소":"서울시 양천구 목동 925",
            "도로명주소":"서울시 양천구 목동로 212",
            "세대수":100,
            "입주년차":"--",
            "용적률점수":100,
            "건폐율점수":100,
            "세대당주차수":"--",
            "난방방식":"--",
            "공급면적":50,
            "전용률":80,
            "욕실수":"--",
            "현관타입":"--",
            "주거총점":96.5,
            "지역구공급총점":100.0,
            "역세권":80,
            "30분내 이동가능 거점":80,
            "1시간내 이동가능 거점":100,
            "교통총점":84.0,
            "백화점":100,
            "아울렛몰":0,
            "대형마트":100,
            "은행":70,
            "병원":80,
            "종합병원":100,
            "공원":100,
            "혐오시설":0,
            "인프라총점":83.0,
            "초등학군":97.16,
            "중학군":59.64,
            "학군총점":67.144,
            "인구수":52.04,
            "인구증감":-10.48,
            "인구총점":33.284,
            "일자리":14.8,
            "소득수준":58.01,
            "일자리총점":27.763,
            "가치 총점":83.6716,
            "매매실거래년":20211019.0,
            "매매실거래가":158000.0,
            "전세실거래년":20211204.0,
            "전세실거래가":42000.0,
            "전세가율":25.77,
            "장기전세가율평균":60.67,
            "전세가율거품지수":34.9,
            "검색코드":659,
            "세대수":2550.0,
            "준공년월":"1986-11-01",
            "준공년차":37.0,
            "가까운역이름":"목동",
            "가까운역거리":286.12,
            "역세권여부":"역세권",
            "30분이내주요거점역":4,
            "1시간이내주요거점역":14,
            "3km이내백화점수":2,
            "5km이내아울렛몰수":0,
            "1km이내대형먀트수":3,
            "500m이내은행수":4,
            "500m이내병원수":50,
            "5km이내대형병원수":11,
            "500m이내공원수":3,
            "3km이내혐오시설수":0,
            "초등학교학업성취도":97.16,
            "중학교학업성취도":96.4,
            "용적률":125,
            "건폐율":11,
            "Y":37.527957,
            "X":126.86713,
            "rank":1.0,
            "area_info":"21평(72.19), 22평(74.74), 23평(78.27), 27평(89.88), 27평(89.96), 27평(90.09), 32평(106.67), 36평(121.19)",
            "last_sales":"2021-10-19,158000.0,22평(74.74)"
        },
        {
            "index":280,
            "아파트명":"목동현대하이페리온II",
            "투자타입":"일반",
            "전용면적(m2)":"120.83",
            "전용면적(평)":"36평",
            "법정동주소":"서울시 양천구 목동 961",
            "도로명주소":"서울시 양천구 오목로 300",
            "세대수":50,
            "입주년차":40,
            "용적률점수":"--",
            "건폐율점수":"--",
            "세대당주차수":100,
            "난방방식":100,
            "공급면적":"--",
            "전용률":"--",
            "욕실수":100,
            "현관타입":50,
            "주거총점":65.5,
            "지역구공급총점":100.0,
            "역세권":80,
            "30분내 이동가능 거점":100,
            "1시간내 이동가능 거점":100,
            "교통총점":90.0,
            "백화점":100,
            "아울렛몰":0,
            "대형마트":100,
            "은행":100,
            "병원":100,
            "종합병원":100,
            "공원":100,
            "혐오시설":0,
            "인프라총점":88.0,
            "초등학군":98.96,
            "중학군":59.64,
            "학군총점":67.504,
            "인구수":52.04,
            "인구증감":-10.48,
            "인구총점":33.284,
            "일자리":14.8,
            "소득수준":58.01,
            "일자리총점":27.763,
            "가치 총점":81.1256,
            "매매실거래년":20210308.0,
            "매매실거래가":285000.0,
            "전세실거래년":20201124.0,
            "전세실거래가":140000.0,
            "전세가율":73.88,
            "장기전세가율평균":60.67,
            "전세가율거품지수":-13.21,
            "검색코드":11327,
            "세대수":576.0,
            "준공년월":"2006-11-30",
            "준공년차":17.0,
            "가까운역이름":"오목교",
            "가까운역거리":414.82,
            "역세권여부":"역세권",
            "30분이내주요거점역":5,
            "1시간이내주요거점역":13,
            "3km이내백화점수":2,
            "5km이내아울렛몰수":0,
            "1km이내대형먀트수":3,
            "500m이내은행수":7,
            "500m이내병원수":67,
            "5km이내대형병원수":14,
            "500m이내공원수":2,
            "3km이내혐오시설수":0,
            "초등학교학업성취도":98.96,
            "중학교학업성취도":96.4,
            "용적률":631,
            "건폐율":31,
            "Y":37.524232,
            "X":126.870489,
            "rank":2.0,
            "area_info":"36평(120.83), 42평(140.6), 42평(140.42), 47평(156.88), 48평(160.08), 48평(160.08), 55평(183.03), 56평(187.61), 66평(220.99), 67평(224.79), 67평(224.63), 74평(245.29), 74평(246.25), 74평(246.37)",
            "last_sales":"2021-03-08,285000.0,67평(224.79)"
        },
        {
            "index":650,
            "아파트명":"목동신시가지12단지",
            "투자타입":"재건축",
            "전용면적(m2)":"63.03",
            "전용면적(평)":"19평",
            "법정동주소":"서울시 양천구 신정동 326",
            "도로명주소":"서울시 양천구 목동동로 50",
            "세대수":100,
            "입주년차":"--",
            "용적률점수":100,
            "건폐율점수":100,
            "세대당주차수":"--",
            "난방방식":"--",
            "공급면적":50,
            "전용률":60,
            "욕실수":"--",
            "현관타입":"--",
            "주거총점":95.5,
            "지역구공급총점":100.0,
            "역세권":80,
            "30분내 이동가능 거점":80,
            "1시간내 이동가능 거점":100,
            "교통총점":84.0,
            "백화점":100,
            "아울렛몰":100,
            "대형마트":0,
            "은행":70,
            "병원":60,
            "종합병원":100,
            "공원":100,
            "혐오시설":0,
            "인프라총점":76.0,
            "초등학군":96.69,
            "중학군":57.22,
            "학군총점":65.114,
            "인구수":52.04,
            "인구증감":-10.48,
            "인구총점":33.284,
            "일자리":14.8,
            "소득수준":58.01,
            "일자리총점":27.763,
            "가치 총점":81.0671,
            "매매실거래년":20210202.0,
            "매매실거래가":149000.0,
            "전세실거래년":20181025.0,
            "전세실거래가":25500.0,
            "전세가율":48.11,
            "장기전세가율평균":60.67,
            "전세가율거품지수":12.56,
            "검색코드":666,
            "세대수":1860.0,
            "준공년월":"1988-10-06",
            "준공년차":35.0,
            "가까운역이름":"양천구청",
            "가까운역거리":402.43,
            "역세권여부":"역세권",
            "30분이내주요거점역":4,
            "1시간이내주요거점역":12,
            "3km이내백화점수":2,
            "5km이내아울렛몰수":2,
            "1km이내대형먀트수":0,
            "500m이내은행수":3,
            "500m이내병원수":19,
            "5km이내대형병원수":13,
            "500m이내공원수":4,
            "3km이내혐오시설수":0,
            "초등학교학업성취도":96.69,
            "중학교학업성취도":94.1,
            "용적률":119,
            "건폐율":12,
            "Y":37.513197,
            "X":126.861369,
            "rank":3.0,
            "area_info":"19평(63.03), 19평(65.04), 20평(68.38), 21평(70.51), 22평(75.19), 24평(80.31), 25평(82.88), 26평(88.99), 26평(88.83), 27평(90.37)",
            "last_sales":"2021-02-02,149000.0,27평(90.37)"
        },
        {
            "index":721,
            "아파트명":"목동힐스테이트",
            "투자타입":"일반",
            "전용면적(m2)":"77.18",
            "전용면적(평)":"23평",
            "법정동주소":"서울시 양천구 신정동 1323",
            "도로명주소":"서울시 양천구 중앙로36길 15",
            "세대수":90,
            "입주년차":80,
            "용적률점수":"--",
            "건폐율점수":"--",
            "세대당주차수":30,
            "난방방식":30,
            "공급면적":"--",
            "전용률":"--",
            "욕실수":100,
            "현관타입":100,
            "주거총점":75.0,
            "지역구공급총점":100.0,
            "역세권":80,
            "30분내 이동가능 거점":100,
            "1시간내 이동가능 거점":100,
            "교통총점":90.0,
            "백화점":100,
            "아울렛몰":0,
            "대형마트":80,
            "은행":70,
            "병원":100,
            "종합병원":100,
            "공원":100,
            "혐오시설":0,
            "인프라총점":82.0,
            "초등학군":98.98,
            "중학군":53.64,
            "학군총점":62.708,
            "인구수":52.04,
            "인구증감":-10.48,
            "인구총점":33.284,
            "일자리":14.8,
            "소득수준":58.01,
            "일자리총점":27.763,
            "가치 총점":80.5062,
            "매매실거래년":20190401.0,
            "매매실거래가":170000.0,
            "전세실거래년":null,
            "전세실거래가":null,
            "전세가율":null,
            "장기전세가율평균":60.67,
            "전세가율거품지수":null,
            "검색코드":108438,
            "세대수":1081.0,
            "준공년월":"2016-05-19",
            "준공년차":7.0,
            "가까운역이름":"신정네거리",
            "가까운역거리":288.45,
            "역세권여부":"역세권",
            "30분이내주요거점역":5,
            "1시간이내주요거점역":15,
            "3km이내백화점수":1,
            "5km이내아울렛몰수":0,
            "1km이내대형먀트수":1,
            "500m이내은행수":4,
            "500m이내병원수":62,
            "5km이내대형병원수":12,
            "500m이내공원수":6,
            "3km이내혐오시설수":0,
            "초등학교학업성취도":98.98,
            "중학교학업성취도":85.8,
            "용적률":252,
            "건폐율":22,
            "Y":37.520319,
            "X":126.856168,
            "rank":4.0,
            "area_info":"23평(77.18), 23평(77.18), 23평(77.09), 33평(109.42), 33평(109.28), 33평(109.35), 33평(109.42), 33평(109.42), 39평(129.84), 44평(146.38), 44평(146.3), 60평(200.57)",
            "last_sales":"2019-04-01,170000.0,60평(200.57)"
        },
        {
            "index":733,
            "아파트명":"삼성쉐르빌1",
            "투자타입":"일반",
            "전용면적(m2)":"87.09",
            "전용면적(평)":"26평",
            "법정동주소":"서울시 양천구 신정동 318-10",
            "도로명주소":"서울시 양천구 목동동로 189",
            "세대수":30,
            "입주년차":20,
            "용적률점수":"--",
            "건폐율점수":"--",
            "세대당주차수":80,
            "난방방식":100,
            "공급면적":"--",
            "전용률":"--",
            "욕실수":50,
            "현관타입":100,
            "주거총점":51.5,
            "지역구공급총점":100.0,
            "역세권":80,
            "30분내 이동가능 거점":100,
            "1시간내 이동가능 거점":100,
            "교통총점":90.0,
            "백화점":100,
            "아울렛몰":80,
            "대형마트":100,
            "은행":100,
            "병원":80,
            "종합병원":100,
            "공원":100,
            "혐오시설":0,
            "인프라총점":94.0,
            "초등학군":98.96,
            "중학군":53.62,
            "학군총점":62.688,
            "인구수":52.04,
            "인구증감":-10.48,
            "인구총점":33.284,
            "일자리":14.8,
            "소득수준":58.01,
            "일자리총점":27.763,
            "가치 총점":79.4032,
            "매매실거래년":20180704.0,
            "매매실거래가":149000.0,
            "전세실거래년":null,
            "전세실거래가":null,
            "전세가율":null,
            "장기전세가율평균":60.67,
            "전세가율거품지수":null,
            "검색코드":3445,
            "세대수":312.0,
            "준공년월":"2003-04-02",
            "준공년차":20.0,
            "가까운역이름":"오목교",
            "가까운역거리":461.76,
            "역세권여부":"역세권",
            "30분이내주요거점역":5,
            "1시간이내주요거점역":14,
            "3km이내백화점수":2,
            "5km이내아울렛몰수":1,
            "1km이내대형먀트수":3,
            "500m이내은행수":7,
            "500m이내병원수":57,
            "5km이내대형병원수":14,
            "500m이내공원수":2,
            "3km이내혐오시설수":0,
            "초등학교학업성취도":98.96,
            "중학교학업성취도":87.1,
            "용적률":860,
            "건폐율":56,
            "Y":37.52287,
            "X":126.870363,
            "rank":5.0,
            "area_info":"26평(87.09), 28평(94.67), 32평(107.95), 35평(118.33), 40평(132.86), 42평(141.32), 44평(148.02), 46평(152.2), 53평(177.3), 54평(180.39), 56평(186.7), 59평(196.8), 59평(197.39), 59평(198.06), 60평(199.28), 68평(226.75), 69평(228.81), 69평(228.87), 70평(231.67), 72평(238.51), 72평(241.19), 74평(247.53), 76평(251.66), 78평(261.01), 80평(265.94), 80평(267.22), 82평(272.42), 88평(291.44), 88평(292.26)",
            "last_sales":"2018-07-04,149000.0,88평(292.26)"
        },
        {
            "index":85,
            "아파트명":"목동센트럴푸르지오",
            "투자타입":"일반",
            "전용면적(m2)":"110.42",
            "전용면적(평)":"33평",
            "법정동주소":"서울시 양천구 목동 404-13",
            "도로명주소":"서울시 양천구 오목로 354",
            "세대수":0,
            "입주년차":80,
            "용적률점수":"--",
            "건폐율점수":"--",
            "세대당주차수":80,
            "난방방식":100,
            "공급면적":"--",
            "전용률":"--",
            "욕실수":100,
            "현관타입":100,
            "주거총점":58.0,
            "지역구공급총점":100.0,
            "역세권":80,
            "30분내 이동가능 거점":80,
            "1시간내 이동가능 거점":100,
            "교통총점":84.0,
            "백화점":100,
            "아울렛몰":80,
            "대형마트":100,
            "은행":70,
            "병원":100,
            "종합병원":100,
            "공원":100,
            "혐오시설":0,
            "인프라총점":93.0,
            "초등학군":98.96,
            "중학군":59.64,
            "학군총점":67.504,
            "인구수":52.04,
            "인구증감":-10.48,
            "인구총점":33.284,
            "일자리":14.8,
            "소득수준":58.01,
            "일자리총점":27.763,
            "가치 총점":79.0256,
            "매매실거래년":20210917.0,
            "매매실거래가":191000.0,
            "전세실거래년":20211213.0,
            "전세실거래가":140000.0,
            "전세가율":73.3,
            "장기전세가율평균":60.67,
            "전세가율거품지수":-12.63,
            "검색코드":106189,
            "세대수":248.0,
            "준공년월":"2015-06-30",
            "준공년차":8.0,
            "가까운역이름":"오목교",
            "가까운역거리":160.15,
            "역세권여부":"역세권",
            "30분이내주요거점역":4,
            "1시간이내주요거점역":15,
            "3km이내백화점수":4,
            "5km이내아울렛몰수":1,
            "1km이내대형먀트수":3,
            "500m이내은행수":4,
            "500m이내병원수":66,
            "5km이내대형병원수":13,
            "500m이내공원수":2,
            "3km이내혐오시설수":0,
            "초등학교학업성취도":98.96,
            "중학교학업성취도":96.4,
            "용적률":499,
            "건폐율":38,
            "Y":37.523806,
            "X":126.876775,
            "rank":6.0,
            "area_info":"33평(110.42), 33평(110.36), 33평(110.36), 43평(142.48), 43평(142.48), 44평(148.53), 46평(152.79), 46평(152.79), 49평(165.02)",
            "last_sales":"2021-09-17,191000.0,33평(110.42)"
        },
        {
            "index":603,
            "아파트명":"래미안목동아델리체",
            "투자타입":"일반",
            "전용면적(m2)":"82.9",
            "전용면적(평)":"25평",
            "법정동주소":"서울시 양천구 신정동 1175-28",
            "도로명주소":"서울시 양천구 중앙로43길 14",
            "세대수":90,
            "입주년차":100,
            "용적률점수":"--",
            "건폐율점수":"--",
            "세대당주차수":60,
            "난방방식":100,
            "공급면적":"--",
            "전용률":"--",
            "욕실수":100,
            "현관타입":100,
            "주거총점":90.5,
            "지역구공급총점":100.0,
            "역세권":80,
            "30분내 이동가능 거점":80,
            "1시간내 이동가능 거점":100,
            "교통총점":84.0,
            "백화점":100,
            "아울렛몰":0,
            "대형마트":80,
            "은행":70,
            "병원":80,
            "종합병원":100,
            "공원":100,
            "혐오시설":0,
            "인프라총점":80.0,
            "초등학군":88.49,
            "중학군":40.18,
            "학군총점":49.842,
            "인구수":52.04,
            "인구증감":-10.48,
            "인구총점":33.284,
            "일자리":14.8,
            "소득수준":58.01,
            "일자리총점":27.763,
            "가치 총점":78.9763,
            "매매실거래년":20200701.0,
            "매매실거래가":160000.0,
            "전세실거래년":null,
            "전세실거래가":null,
            "전세가율":null,
            "장기전세가율평균":60.67,
            "전세가율거품지수":null,
            "검색코드":121979,
            "세대수":1497.0,
            "준공년월":"2021-01-01",
            "준공년차":2.0,
            "가까운역이름":"신정네거리",
            "가까운역거리":186.69,
            "역세권여부":"역세권",
            "30분이내주요거점역":4,
            "1시간이내주요거점역":12,
            "3km이내백화점수":1,
            "5km이내아울렛몰수":0,
            "1km이내대형먀트수":1,
            "500m이내은행수":3,
            "500m이내병원수":51,
            "5km이내대형병원수":10,
            "500m이내공원수":5,
            "3km이내혐오시설수":0,
            "초등학교학업성취도":88.49,
            "중학교학업성취도":66.5,
            "용적률":236,
            "건폐율":25,
            "Y":37.518826,
            "X":126.851496,
            "rank":7.0,
            "area_info":"25평(82.9), 25평(83.66), 25평(83.23), 32평(108.52), 33평(109.43), 33평(110.59), 33평(110.41), 33평(111.35), 38평(126.78), 46평(152.68)",
            "last_sales":"2020-07-01,160000.0,46평(152.68)"
        },
        {
            "index":361,
            "아파트명":"현대하이페리온",
            "투자타입":"일반",
            "전용면적(m2)":"177.94",
            "전용면적(평)":"53평",
            "법정동주소":"서울시 양천구 목동 916",
            "도로명주소":"서울시 양천구 목동동로 257",
            "세대수":50,
            "입주년차":20,
            "용적률점수":"--",
            "건폐율점수":"--",
            "세대당주차수":100,
            "난방방식":100,
            "공급면적":"--",
            "전용률":"--",
            "욕실수":100,
            "현관타입":100,
            "주거총점":66.5,
            "지역구공급총점":100.0,
            "역세권":80,
            "30분내 이동가능 거점":80,
            "1시간내 이동가능 거점":100,
            "교통총점":84.0,
            "백화점":100,
            "아울렛몰":0,
            "대형마트":100,
            "은행":100,
            "병원":100,
            "종합병원":100,
            "공원":80,
            "혐오시설":0,
            "인프라총점":87.4,
            "초등학군":96.51,
            "중학군":59.64,
            "학군총점":67.014,
            "인구수":52.04,
            "인구증감":-10.48,
            "인구총점":33.284,
            "일자리":14.8,
            "소득수준":58.01,
            "일자리총점":27.763,
            "가치 총점":78.9721,
            "매매실거래년":20210823.0,
            "매매실거래가":248000.0,
            "전세실거래년":20210204.0,
            "전세실거래가":150000.0,
            "전세가율":60.48,
            "장기전세가율평균":60.67,
            "전세가율거품지수":0.19,
            "검색코드":8493,
            "세대수":466.0,
            "준공년월":"2003-07-21",
            "준공년차":20.0,
            "가까운역이름":"오목교",
            "가까운역거리":243.36,
            "역세권여부":"역세권",
            "30분이내주요거점역":4,
            "1시간이내주요거점역":15,
            "3km이내백화점수":3,
            "5km이내아울렛몰수":0,
            "1km이내대형먀트수":3,
            "500m이내은행수":8,
            "500m이내병원수":84,
            "5km이내대형병원수":14,
            "500m이내공원수":1,
            "3km이내혐오시설수":0,
            "초등학교학업성취도":96.51,
            "중학교학업성취도":96.4,
            "용적률":817,
            "건폐율":59,
            "Y":37.526613,
            "X":126.874481,
            "rank":8.0,
            "area_info":"53평(177.94), 59평(195.15), 60평(198.35), 61평(203.39), 65평(215.58), 70평(232.3)",
            "last_sales":"2021-08-23,248000.0,53평(177.94)"
        },
        {
            "index":810,
            "아파트명":"신정아이파크",
            "투자타입":"일반",
            "전용면적(m2)":"86.32",
            "전용면적(평)":"26평",
            "법정동주소":"서울시 양천구 신정동 1296",
            "도로명주소":"서울시 양천구 목동동로 180",
            "세대수":50,
            "입주년차":20,
            "용적률점수":"--",
            "건폐율점수":"--",
            "세대당주차수":60,
            "난방방식":100,
            "공급면적":"--",
            "전용률":"--",
            "욕실수":100,
            "현관타입":10,
            "주거총점":51.5,
            "지역구공급총점":100.0,
            "역세권":80,
            "30분내 이동가능 거점":80,
            "1시간내 이동가능 거점":100,
            "교통총점":84.0,
            "백화점":100,
            "아울렛몰":80,
            "대형마트":100,
            "은행":100,
            "병원":100,
            "종합병원":100,
            "공원":100,
            "혐오시설":0,
            "인프라총점":96.0,
            "초등학군":98.96,
            "중학군":53.62,
            "학군총점":62.688,
            "인구수":52.04,
            "인구증감":-10.48,
            "인구총점":33.284,
            "일자리":14.8,
            "소득수준":58.01,
            "일자리총점":27.763,
            "가치 총점":77.9032,
            "매매실거래년":20210928.0,
            "매매실거래가":132000.0,
            "전세실거래년":20211229.0,
            "전세실거래가":52500.0,
            "전세가율":39.77,
            "장기전세가율평균":60.67,
            "전세가율거품지수":20.9,
            "검색코드":3447,
            "세대수":590.0,
            "준공년월":"2002-07-30",
            "준공년차":21.0,
            "가까운역이름":"오목교",
            "가까운역거리":428.73,
            "역세권여부":"역세권",
            "30분이내주요거점역":4,
            "1시간이내주요거점역":13,
            "3km이내백화점수":3,
            "5km이내아울렛몰수":1,
            "1km이내대형먀트수":3,
            "500m이내은행수":7,
            "500m이내병원수":73,
            "5km이내대형병원수":13,
            "500m이내공원수":3,
            "3km이내혐오시설수":0,
            "초등학교학업성취도":98.96,
            "중학교학업성취도":87.1,
            "용적률":298,
            "건폐율":23,
            "Y":37.521766,
            "X":126.871748,
            "rank":9.0,
            "area_info":"26평(86.32), 32평(108.57), 32평(108.39), 32평(108.57), 41평(137.49)",
            "last_sales":"2021-09-28,132000.0,26평(86.32)"
        },
        {
            "index":660,
            "아파트명":"목동신시가지13단지",
            "투자타입":"재건축",
            "전용면적(m2)":"66.12",
            "전용면적(평)":"20평",
            "법정동주소":"서울시 양천구 신정동 327",
            "도로명주소":"서울시 양천구 목동동로 100",
            "세대수":100,
            "입주년차":"--",
            "용적률점수":80,
            "건폐율점수":100,
            "세대당주차수":"--",
            "난방방식":"--",
            "공급면적":50,
            "전용률":80,
            "욕실수":"--",
            "현관타입":"--",
            "주거총점":88.5,
            "지역구공급총점":100.0,
            "역세권":80,
            "30분내 이동가능 거점":60,
            "1시간내 이동가능 거점":100,
            "교통총점":78.0,
            "백화점":100,
            "아울렛몰":100,
            "대형마트":0,
            "은행":70,
            "병원":60,
            "종합병원":100,
            "공원":100,
            "혐오시설":0,
            "인프라총점":76.0,
            "초등학군":92.97,
            "중학군":57.74,
            "학군총점":64.786,
            "인구수":52.04,
            "인구증감":-10.48,
            "인구총점":33.284,
            "일자리":14.8,
            "소득수준":58.01,
            "일자리총점":27.763,
            "가치 총점":77.5179,
            "매매실거래년":20211023.0,
            "매매실거래가":205000.0,
            "전세실거래년":20211231.0,
            "전세실거래가":39000.0,
            "전세가율":30.3,
            "장기전세가율평균":60.67,
            "전세가율거품지수":30.37,
            "검색코드":438,
            "세대수":2280.0,
            "준공년월":"1987-07-30",
            "준공년차":36.0,
            "가까운역이름":"양천구청",
            "가까운역거리":245.39,
            "역세권여부":"역세권",
            "30분이내주요거점역":3,
            "1시간이내주요거점역":12,
            "3km이내백화점수":2,
            "5km이내아울렛몰수":2,
            "1km이내대형먀트수":0,
            "500m이내은행수":4,
            "500m이내병원수":21,
            "5km이내대형병원수":14,
            "500m이내공원수":6,
            "3km이내혐오시설수":0,
            "초등학교학업성취도":92.97,
            "중학교학업성취도":93.3,
            "용적률":159,
            "건폐율":15,
            "Y":37.51451,
            "X":126.866626,
            "rank":10.0,
            "area_info":"20평(66.12), 27평(89.26), 29평(99.17), 34평(115.7), 37평(122.91), 38평(125.62), 45평(149.47), 45평(149.47), 46평(155.3), 55평(181.82), 55평(181.82), 55평(181.82)",
            "last_sales":"2021-10-23,205000.0,34평(115.7)"
        },
        {
            "index":216,
            "아파트명":"목동트라팰리스웨스턴에비뉴",
            "투자타입":"일반",
            "전용면적(m2)":"139.87",
            "전용면적(평)":"42평",
            "법정동주소":"서울시 양천구 목동 962",
            "도로명주소":"서울시 양천구 오목로 299",
            "세대수":0,
            "입주년차":60,
            "용적률점수":"--",
            "건폐율점수":"--",
            "세대당주차수":100,
            "난방방식":100,
            "공급면적":"--",
            "전용률":"--",
            "욕실수":100,
            "현관타입":100,
            "주거총점":57.0,
            "지역구공급총점":100.0,
            "역세권":80,
            "30분내 이동가능 거점":80,
            "1시간내 이동가능 거점":100,
            "교통총점":84.0,
            "백화점":100,
            "아울렛몰":0,
            "대형마트":100,
            "은행":100,
            "병원":100,
            "종합병원":100,
            "공원":100,
            "혐오시설":0,
            "인프라총점":88.0,
            "초등학군":96.51,
            "중학군":59.64,
            "학군총점":67.014,
            "인구수":52.04,
            "인구증감":-10.48,
            "인구총점":33.284,
            "일자리":14.8,
            "소득수준":58.01,
            "일자리총점":27.763,
            "가치 총점":77.2521,
            "매매실거래년":20211202.0,
            "매매실거래가":341500.0,
            "전세실거래년":20210419.0,
            "전세실거래가":163000.0,
            "전세가율":81.5,
            "장기전세가율평균":60.67,
            "전세가율거품지수":-20.83,
            "검색코드":26087,
            "세대수":264.0,
            "준공년월":"2009-01-23",
            "준공년차":14.0,
            "가까운역이름":"오목교",
            "가까운역거리":411.17,
            "역세권여부":"역세권",
            "30분이내주요거점역":4,
            "1시간이내주요거점역":14,
            "3km이내백화점수":2,
            "5km이내아울렛몰수":0,
            "1km이내대형먀트수":3,
            "500m이내은행수":9,
            "500m이내병원수":68,
            "5km이내대형병원수":13,
            "500m이내공원수":2,
            "3km이내혐오시설수":0,
            "초등학교학업성취도":96.51,
            "중학교학업성취도":96.4,
            "용적률":632,
            "건폐율":49,
            "Y":37.525948,
            "X":126.870893,
            "rank":11.0,
            "area_info":"42평(139.87), 47평(155.59), 47평(155.59), 48평(158.95), 55평(181.93), 60평(200.93), 61평(203.7), 61평(203.7), 66평(221.0), 79평(262.34), 79평(263.73), 89평(296.97), 89평(296.97)",
            "last_sales":"2021-12-02,341500.0,66평(221.0)"
        },
        {
            "index":229,
            "아파트명":"목동트라팰리스이스턴에비뉴",
            "투자타입":"일반",
            "전용면적(m2)":"140.12",
            "전용면적(평)":"42평",
            "법정동주소":"서울시 양천구 목동 962-1",
            "도로명주소":"서울시 양천구 오목로 299",
            "세대수":0,
            "입주년차":60,
            "용적률점수":"--",
            "건폐율점수":"--",
            "세대당주차수":100,
            "난방방식":100,
            "공급면적":"--",
            "전용률":"--",
            "욕실수":100,
            "현관타입":100,
            "주거총점":57.0,
            "지역구공급총점":100.0,
            "역세권":80,
            "30분내 이동가능 거점":80,
            "1시간내 이동가능 거점":100,
            "교통총점":84.0,
            "백화점":100,
            "아울렛몰":0,
            "대형마트":100,
            "은행":100,
            "병원":100,
            "종합병원":100,
            "공원":100,
            "혐오시설":0,
            "인프라총점":88.0,
            "초등학군":96.51,
            "중학군":59.64,
            "학군총점":67.014,
            "인구수":52.04,
            "인구증감":-10.48,
            "인구총점":33.284,
            "일자리":14.8,
            "소득수준":58.01,
            "일자리총점":27.763,
            "가치 총점":77.2521,
            "매매실거래년":20191030.0,
            "매매실거래가":232000.0,
            "전세실거래년":20211206.0,
            "전세실거래가":157500.0,
            "전세가율":85.6,
            "장기전세가율평균":60.67,
            "전세가율거품지수":-24.93,
            "검색코드":24841,
            "세대수":258.0,
            "준공년월":"2009-01-23",
            "준공년차":14.0,
            "가까운역이름":"오목교",
            "가까운역거리":413.46,
            "역세권여부":"역세권",
            "30분이내주요거점역":4,
            "1시간이내주요거점역":14,
            "3km이내백화점수":2,
            "5km이내아울렛몰수":0,
            "1km이내대형먀트수":3,
            "500m이내은행수":9,
            "500m이내병원수":68,
            "5km이내대형병원수":13,
            "500m이내공원수":2,
            "3km이내혐오시설수":0,
            "초등학교학업성취도":96.51,
            "중학교학업성취도":96.4,
            "용적률":632,
            "건폐율":49,
            "Y":37.525939,
            "X":126.87086,
            "rank":11.0,
            "area_info":"42평(140.12), 47평(155.86), 47평(155.86), 48평(159.23), 55평(182.24), 60평(201.28), 61평(204.06), 61평(204.06), 66평(221.39), 79평(262.82), 79평(264.23), 89평(297.52), 89평(297.52)",
            "last_sales":"2019-10-30,232000.0,60평(201.28)"
        },
        {
            "index":870,
            "아파트명":"유원목동",
            "투자타입":"재건축",
            "전용면적(m2)":"91.47",
            "전용면적(평)":"27평",
            "법정동주소":"서울시 양천구 신정동 87-39",
            "도로명주소":"서울시 양천구 신목로 77",
            "세대수":0,
            "입주년차":"--",
            "용적률점수":60,
            "건폐율점수":80,
            "세대당주차수":"--",
            "난방방식":"--",
            "공급면적":70,
            "전용률":80,
            "욕실수":"--",
            "현관타입":"--",
            "주거총점":47.5,
            "지역구공급총점":100.0,
            "역세권":80,
            "30분내 이동가능 거점":80,
            "1시간내 이동가능 거점":100,
            "교통총점":84.0,
            "백화점":100,
            "아울렛몰":80,
            "대형마트":100,
            "은행":100,
            "병원":100,
            "종합병원":100,
            "공원":100,
            "혐오시설":0,
            "인프라총점":96.0,
            "초등학군":98.96,
            "중학군":53.62,
            "학군총점":62.688,
            "인구수":52.04,
            "인구증감":-10.48,
            "인구총점":33.284,
            "일자리":14.8,
            "소득수준":58.01,
            "일자리총점":27.763,
            "가치 총점":77.1032,
            "매매실거래년":20191116.0,
            "매매실거래가":86000.0,
            "전세실거래년":20211218.0,
            "전세실거래가":57750.0,
            "전세가율":77.31,
            "장기전세가율평균":60.67,
            "전세가율거품지수":-16.64,
            "검색코드":674,
            "세대수":156.0,
            "준공년월":"1990-12-29",
            "준공년차":33.0,
            "가까운역이름":"오목교",
            "가까운역거리":330.46,
            "역세권여부":"역세권",
            "30분이내주요거점역":4,
            "1시간이내주요거점역":13,
            "3km이내백화점수":3,
            "5km이내아울렛몰수":1,
            "1km이내대형먀트수":3,
            "500m이내은행수":7,
            "500m이내병원수":72,
            "5km이내대형병원수":13,
            "500m이내공원수":2,
            "3km이내혐오시설수":0,
            "초등학교학업성취도":98.96,
            "중학교학업성취도":87.1,
            "용적률":249,
            "건폐율":21,
            "Y":37.521917,
            "X":126.873319,
            "rank":12.0,
            "area_info":"27평(91.47), 31평(103.49), 32평(107.83)",
            "last_sales":"2019-11-16,86000.0,32평(107.83)"
        },
        {
            "index":690,
            "아파트명":"목동신시가지9단지",
            "투자타입":"재건축",
            "전용면적(m2)":"74.33",
            "전용면적(평)":"22평",
            "법정동주소":"서울시 양천구 신정동 312",
            "도로명주소":"서울시 양천구 목동서로 340",
            "세대수":100,
            "입주년차":"--",
            "용적률점수":100,
            "건폐율점수":100,
            "세대당주차수":"--",
            "난방방식":"--",
            "공급면적":50,
            "전용률":60,
            "욕실수":"--",
            "현관타입":"--",
            "주거총점":95.5,
            "지역구공급총점":100.0,
            "역세권":50,
            "30분내 이동가능 거점":60,
            "1시간내 이동가능 거점":100,
            "교통총점":63.0,
            "백화점":100,
            "아울렛몰":80,
            "대형마트":100,
            "은행":70,
            "병원":60,
            "종합병원":100,
            "공원":100,
            "혐오시설":0,
            "인프라총점":89.0,
            "초등학군":93.01,
            "중학군":53.62,
            "학군총점":61.498,
            "인구수":52.04,
            "인구증감":-10.48,
            "인구총점":33.284,
            "일자리":14.8,
            "소득수준":58.01,
            "일자리총점":27.763,
            "가치 총점":77.0747,
            "매매실거래년":20211213.0,
            "매매실거래가":280000.0,
            "전세실거래년":20220110.0,
            "전세실거래가":38850.0,
            "전세가율":27.85,
            "장기전세가율평균":60.67,
            "전세가율거품지수":32.82,
            "검색코드":959,
            "세대수":2030.0,
            "준공년월":"1987-07-30",
            "준공년차":36.0,
            "가까운역이름":"목동",
            "가까운역거리":711.98,
            "역세권여부":"준역세권",
            "30분이내주요거점역":3,
            "1시간이내주요거점역":12,
            "3km이내백화점수":2,
            "5km이내아울렛몰수":1,
            "1km이내대형먀트수":2,
            "500m이내은행수":4,
            "500m이내병원수":18,
            "5km이내대형병원수":13,
            "500m이내공원수":5,
            "3km이내혐오시설수":0,
            "초등학교학업성취도":93.01,
            "중학교학업성취도":87.1,
            "용적률":133,
            "건폐율":13,
            "Y":37.519701,
            "X":126.864042,
            "rank":13.0,
            "area_info":"22평(74.33), 28평(94.87), 28평(94.87), 31평(103.72), 32평(108.96), 37평(122.44), 38평(128.43), 39평(129.57), 45평(151.97), 46평(152.87), 48평(161.63), 52평(173.04), 54평(181.37), 56평(188.05)",
            "last_sales":"2021-12-13,280000.0,54평(181.37)"
        },
        {
            "index":634,
            "아파트명":"목동신시가지10단지",
            "투자타입":"재건축",
            "전용면적(m2)":"73.61",
            "전용면적(평)":"22평",
            "법정동주소":"서울시 양천구 신정동 311",
            "도로명주소":"서울시 양천구 목동서로 400",
            "세대수":100,
            "입주년차":"--",
            "용적률점수":100,
            "건폐율점수":100,
            "세대당주차수":"--",
            "난방방식":"--",
            "공급면적":50,
            "전용률":60,
            "욕실수":"--",
            "현관타입":"--",
            "주거총점":95.5,
            "지역구공급총점":100.0,
            "역세권":50,
            "30분내 이동가능 거점":60,
            "1시간내 이동가능 거점":100,
            "교통총점":63.0,
            "백화점":100,
            "아울렛몰":80,
            "대형마트":80,
            "은행":70,
            "병원":80,
            "종합병원":100,
            "공원":100,
            "혐오시설":0,
            "인프라총점":88.0,
            "초등학군":98.98,
            "중학군":53.64,
            "학군총점":62.708,
            "인구수":52.04,
            "인구증감":-10.48,
            "인구총점":33.284,
            "일자리":14.8,
            "소득수준":58.01,
            "일자리총점":27.763,
            "가치 총점":76.9562,
            "매매실거래년":20211220.0,
            "매매실거래가":200500.0,
            "전세실거래년":20211215.0,
            "전세실거래가":29400.0,
            "전세가율":20.85,
            "장기전세가율평균":60.67,
            "전세가율거품지수":39.82,
            "검색코드":664,
            "세대수":2160.0,
            "준공년월":"1987-07-30",
            "준공년차":36.0,
            "가까운역이름":"신정네거리",
            "가까운역거리":576.12,
            "역세권여부":"준역세권",
            "30분이내주요거점역":3,
            "1시간이내주요거점역":12,
            "3km이내백화점수":2,
            "5km이내아울렛몰수":1,
            "1km이내대형먀트수":1,
            "500m이내은행수":4,
            "500m이내병원수":37,
            "5km이내대형병원수":12,
            "500m이내공원수":5,
            "3km이내혐오시설수":0,
            "초등학교학업성취도":98.98,
            "중학교학업성취도":85.8,
            "용적률":123,
            "건폐율":14,
            "Y":37.51774,
            "X":126.858744,
            "rank":14.0,
            "area_info":"22평(73.61), 25평(83.79), 29평(96.02), 31평(102.49), 33평(110.24), 37평(124.61), 38평(127.38), 43평(144.72), 46평(152.74), 55평(182.32), 55평(185.12)",
            "last_sales":"2021-12-20,200500.0,38평(127.38)"
        },
        {
            "index":717,
            "아파트명":"목동현대",
            "투자타입":"일반",
            "전용면적(m2)":"92.57",
            "전용면적(평)":"28평",
            "법정동주소":"서울시 양천구 신정동 1279",
            "도로명주소":"서울시 양천구 목동동로12길 60",
            "세대수":90,
            "입주년차":0,
            "용적률점수":"--",
            "건폐율점수":"--",
            "세대당주차수":30,
            "난방방식":100,
            "공급면적":"--",
            "전용률":"--",
            "욕실수":50,
            "현관타입":100,
            "주거총점":61.0,
            "지역구공급총점":100.0,
            "역세권":80,
            "30분내 이동가능 거점":80,
            "1시간내 이동가능 거점":100,
            "교통총점":84.0,
            "백화점":100,
            "아울렛몰":100,
            "대형마트":100,
            "은행":0,
            "병원":80,
            "종합병원":100,
            "공원":100,
            "혐오시설":0,
            "인프라총점":86.0,
            "초등학군":98.96,
            "중학군":53.62,
            "학군총점":62.688,
            "인구수":52.04,
            "인구증감":-10.48,
            "인구총점":33.284,
            "일자리":14.8,
            "소득수준":58.01,
            "일자리총점":27.763,
            "가치 총점":76.8032,
            "매매실거래년":20211209.0,
            "매매실거래가":155000.0,
            "전세실거래년":20211230.0,
            "전세실거래가":54600.0,
            "전세가율":46.08,
            "장기전세가율평균":60.67,
            "전세가율거품지수":14.59,
            "검색코드":675,
            "세대수":972.0,
            "준공년월":"1997-07-16",
            "준공년차":26.0,
            "가까운역이름":"오목교",
            "가까운역거리":448.42,
            "역세권여부":"역세권",
            "30분이내주요거점역":4,
            "1시간이내주요거점역":13,
            "3km이내백화점수":4,
            "5km이내아울렛몰수":2,
            "1km이내대형먀트수":2,
            "500m이내은행수":1,
            "500m이내병원수":37,
            "5km이내대형병원수":12,
            "500m이내공원수":2,
            "3km이내혐오시설수":0,
            "초등학교학업성취도":98.96,
            "중학교학업성취도":87.1,
            "용적률":292,
            "건폐율":21,
            "Y":37.520948,
            "X":126.877598,
            "rank":15.0,
            "area_info":"28평(92.57), 32평(107.49), 38평(126.3), 42평(140.96)",
            "last_sales":"2021-12-09,155000.0,32평(107.49)"
        },
        {
            "index":115,
            "아파트명":"목동신시가지2단지",
            "투자타입":"재건축",
            "전용면적(m2)":"84.96",
            "전용면적(평)":"25평",
            "법정동주소":"서울시 양천구 목동 902",
            "도로명주소":"서울시 양천구 목동서로 70",
            "세대수":100,
            "입주년차":"--",
            "용적률점수":100,
            "건폐율점수":100,
            "세대당주차수":"--",
            "난방방식":"--",
            "공급면적":70,
            "전용률":60,
            "욕실수":"--",
            "현관타입":"--",
            "주거총점":96.5,
            "지역구공급총점":100.0,
            "역세권":50,
            "30분내 이동가능 거점":60,
            "1시간내 이동가능 거점":100,
            "교통총점":63.0,
            "백화점":100,
            "아울렛몰":0,
            "대형마트":100,
            "은행":100,
            "병원":60,
            "종합병원":100,
            "공원":100,
            "혐오시설":-50,
            "인프라총점":83.0,
            "초등학군":98.06,
            "중학군":58.68,
            "학군총점":66.556,
            "인구수":52.04,
            "인구증감":-10.48,
            "인구총점":33.284,
            "일자리":14.8,
            "소득수준":58.01,
            "일자리총점":27.763,
            "가치 총점":76.2334,
            "매매실거래년":20210811.0,
            "매매실거래가":276000.0,
            "전세실거래년":20211220.0,
            "전세실거래가":47250.0,
            "전세가율":30.48,
            "장기전세가율평균":60.67,
            "전세가율거품지수":30.19,
            "검색코드":653,
            "세대수":1640.0,
            "준공년월":"1986-09-30",
            "준공년차":37.0,
            "가까운역이름":"신목동",
            "가까운역거리":983.7,
            "역세권여부":"준역세권",
            "30분이내주요거점역":3,
            "1시간이내주요거점역":12,
            "3km이내백화점수":1,
            "5km이내아울렛몰수":0,
            "1km이내대형먀트수":2,
            "500m이내은행수":5,
            "500m이내병원수":29,
            "5km이내대형병원수":9,
            "500m이내공원수":5,
            "3km이내혐오시설수":1,
            "초등학교학업성취도":98.06,
            "중학교학업성취도":95.0,
            "용적률":124,
            "건폐율":16,
            "Y":37.537582,
            "X":126.875787,
            "rank":16.0,
            "area_info":"25평(84.96), 25평(84.22), 29평(99.12), 34평(113.0), 34평(115.05), 36평(119.66), 36평(121.04), 37평(122.47), 42평(142.03), 43평(145.15), 43평(145.15), 44평(148.21), 49평(164.06), 53평(177.88), 54평(180.56)",
            "last_sales":"2021-08-11,276000.0,54평(180.56)"
        },
        {
            "index":686,
            "아파트명":"목동신시가지8단지",
            "투자타입":"재건축",
            "전용면적(m2)":"75.55",
            "전용면적(평)":"22평",
            "법정동주소":"서울시 양천구 신정동 314",
            "도로명주소":"서울시 양천구 목동서로 280",
            "세대수":90,
            "입주년차":"--",
            "용적률점수":80,
            "건폐율점수":100,
            "세대당주차수":"--",
            "난방방식":"--",
            "공급면적":50,
            "전용률":60,
            "욕실수":"--",
            "현관타입":"--",
            "주거총점":84.5,
            "지역구공급총점":100.0,
            "역세권":50,
            "30분내 이동가능 거점":80,
            "1시간내 이동가능 거점":100,
            "교통총점":69.0,
            "백화점":100,
            "아울렛몰":80,
            "대형마트":80,
            "은행":70,
            "병원":60,
            "종합병원":100,
            "공원":100,
            "혐오시설":0,
            "인프라총점":86.0,
            "초등학군":97.16,
            "중학군":53.62,
            "학군총점":62.328,
            "인구수":52.04,
            "인구증감":-10.48,
            "인구총점":33.284,
            "일자리":14.8,
            "소득수준":58.01,
            "일자리총점":27.763,
            "가치 총점":76.1992,
            "매매실거래년":20211106.0,
            "매매실거래가":167000.0,
            "전세실거래년":20211229.0,
            "전세실거래가":32500.0,
            "전세가율":21.81,
            "장기전세가율평균":60.67,
            "전세가율거품지수":38.86,
            "검색코드":440,
            "세대수":1352.0,
            "준공년월":"1987-09-30",
            "준공년차":36.0,
            "가까운역이름":"목동",
            "가까운역거리":574.82,
            "역세권여부":"준역세권",
            "30분이내주요거점역":4,
            "1시간이내주요거점역":13,
            "3km이내백화점수":2,
            "5km이내아울렛몰수":1,
            "1km이내대형먀트수":1,
            "500m이내은행수":3,
            "500m이내병원수":23,
            "5km이내대형병원수":14,
            "500m이내공원수":3,
            "3km이내혐오시설수":0,
            "초등학교학업성취도":97.16,
            "중학교학업성취도":87.1,
            "용적률":156,
            "건폐율":11,
            "Y":37.521689,
            "X":126.868401,
            "rank":17.0,
            "area_info":"22평(75.55), 29평(98.7), 34평(112.79), 38평(127.89)",
            "last_sales":"2021-11-06,167000.0,29평(98.7)"
        },
        {
            "index":60,
            "아파트명":"목동롯데캐슬위너",
            "투자타입":"일반",
            "전용면적(m2)":"79.44",
            "전용면적(평)":"24평",
            "법정동주소":"서울시 양천구 목동 956",
            "도로명주소":"서울시 양천구 목동중앙북로 38",
            "세대수":90,
            "입주년차":40,
            "용적률점수":"--",
            "건폐율점수":"--",
            "세대당주차수":60,
            "난방방식":100,
            "공급면적":"--",
            "전용률":"--",
            "욕실수":100,
            "현관타입":100,
            "주거총점":78.5,
            "지역구공급총점":100.0,
            "역세권":80,
            "30분내 이동가능 거점":80,
            "1시간내 이동가능 거점":100,
            "교통총점":84.0,
            "백화점":100,
            "아울렛몰":0,
            "대형마트":0,
            "은행":100,
            "병원":80,
            "종합병원":100,
            "공원":100,
            "혐오시설":0,
            "인프라총점":71.0,
            "초등학군":88.36,
            "중학군":42.3,
            "학군총점":51.512,
            "인구수":52.04,
            "인구증감":-10.48,
            "인구총점":33.284,
            "일자리":14.8,
            "소득수준":58.01,
            "일자리총점":27.763,
            "가치 총점":74.1268,
            "매매실거래년":20211210.0,
            "매매실거래가":162000.0,
            "전세실거래년":20220113.0,
            "전세실거래가":48300.0,
            "전세가율":46.44,
            "장기전세가율평균":60.67,
            "전세가율거품지수":14.23,
            "검색코드":10307,
            "세대수":1067.0,
            "준공년월":"2005-06-23",
            "준공년차":18.0,
            "가까운역이름":"등촌",
            "가까운역거리":453.97,
            "역세권여부":"역세권",
            "30분이내주요거점역":4,
            "1시간이내주요거점역":14,
            "3km이내백화점수":1,
            "5km이내아울렛몰수":0,
            "1km이내대형먀트수":0,
            "500m이내은행수":6,
            "500m이내병원수":50,
            "5km이내대형병원수":8,
            "500m이내공원수":4,
            "3km이내혐오시설수":0,
            "초등학교학업성취도":88.36,
            "중학교학업성취도":69.7,
            "용적률":290,
            "건폐율":19,
            "Y":37.546745,
            "X":126.867264,
            "rank":18.0,
            "area_info":"24평(79.44), 32평(107.38), 32평(107.43), 32평(107.41), 32평(107.31), 41평(136.46), 43평(144.31), 47평(157.79), 52평(173.83), 54평(178.94), 58평(193.27), 66평(221.2)",
            "last_sales":"2021-12-10,162000.0,47평(157.79)"
        },
        {
            "index":530,
            "아파트명":"신정뉴타운롯데캐슬",
            "투자타입":"일반",
            "전용면적(m2)":"79.99",
            "전용면적(평)":"24평",
            "법정동주소":"서울시 양천구 신월동 1063",
            "도로명주소":"서울시 양천구 중앙로29길 61",
            "세대수":90,
            "입주년차":80,
            "용적률점수":"--",
            "건폐율점수":"--",
            "세대당주차수":30,
            "난방방식":30,
            "공급면적":"--",
            "전용률":"--",
            "욕실수":100,
            "현관타입":100,
            "주거총점":75.0,
            "지역구공급총점":100.0,
            "역세권":80,
            "30분내 이동가능 거점":60,
            "1시간내 이동가능 거점":100,
            "교통총점":78.0,
            "백화점":100,
            "아울렛몰":0,
            "대형마트":80,
            "은행":70,
            "병원":80,
            "종합병원":100,
            "공원":100,
            "혐오시설":0,
            "인프라총점":80.0,
            "초등학군":100.0,
            "중학군":40.18,
            "학군총점":52.144,
            "인구수":52.04,
            "인구증감":-10.48,
            "인구총점":33.284,
            "일자리":14.8,
            "소득수준":58.01,
            "일자리총점":27.763,
            "가치 총점":74.1216,
            "매매실거래년":20210127.0,
            "매매실거래가":148000.0,
            "전세실거래년":20211128.0,
            "전세실거래가":60000.0,
            "전세가율":73.17,
            "장기전세가율평균":60.67,
            "전세가율거품지수":-12.5,
            "검색코드":107728,
            "세대수":930.0,
            "준공년월":"2014-02-07",
            "준공년차":9.0,
            "가까운역이름":"신정네거리",
            "가까운역거리":493.81,
            "역세권여부":"역세권",
            "30분이내주요거점역":3,
            "1시간이내주요거점역":11,
            "3km이내백화점수":1,
            "5km이내아울렛몰수":0,
            "1km이내대형먀트수":1,
            "500m이내은행수":3,
            "500m이내병원수":40,
            "5km이내대형병원수":10,
            "500m이내공원수":4,
            "3km이내혐오시설수":0,
            "초등학교학업성취도":100.0,
            "중학교학업성취도":66.5,
            "용적률":234,
            "건폐율":20,
            "Y":37.519036,
            "X":126.847468,
            "rank":19.0,
            "area_info":"24평(79.99), 23평(79.08), 24평(80.34), 33평(112.34), 34평(113.0), 46평(153.43), 51평(170.31)",
            "last_sales":"2021-01-27,148000.0,46평(153.43)"
        },
        {
            "index":49,
            "아파트명":"목동대림",
            "투자타입":"일반",
            "전용면적(m2)":"103.76",
            "전용면적(평)":"31평",
            "법정동주소":"서울시 양천구 목동 405",
            "도로명주소":"서울시 양천구 목동동로12길 23",
            "세대수":0,
            "입주년차":0,
            "용적률점수":"--",
            "건폐율점수":"--",
            "세대당주차수":0,
            "난방방식":100,
            "공급면적":"--",
            "전용률":"--",
            "욕실수":100,
            "현관타입":100,
            "주거총점":30.0,
            "지역구공급총점":100.0,
            "역세권":80,
            "30분내 이동가능 거점":80,
            "1시간내 이동가능 거점":100,
            "교통총점":84.0,
            "백화점":100,
            "아울렛몰":80,
            "대형마트":100,
            "은행":100,
            "병원":100,
            "종합병원":100,
            "공원":100,
            "혐오시설":0,
            "인프라총점":96.0,
            "초등학군":98.96,
            "중학군":53.62,
            "학군총점":62.688,
            "인구수":52.04,
            "인구증감":-10.48,
            "인구총점":33.284,
            "일자리":14.8,
            "소득수준":58.01,
            "일자리총점":27.763,
            "가치 총점":73.6032,
            "매매실거래년":20210609.0,
            "매매실거래가":148000.0,
            "전세실거래년":20220107.0,
            "전세실거래가":68000.0,
            "전세가율":45.95,
            "장기전세가율평균":60.67,
            "전세가율거품지수":14.72,
            "검색코드":957,
            "세대수":262.0,
            "준공년월":"1994-06-07",
            "준공년차":29.0,
            "가까운역이름":"오목교",
            "가까운역거리":137.92,
            "역세권여부":"역세권",
            "30분이내주요거점역":4,
            "1시간이내주요거점역":13,
            "3km이내백화점수":3,
            "5km이내아울렛몰수":1,
            "1km이내대형먀트수":3,
            "500m이내은행수":6,
            "500m이내병원수":67,
            "5km이내대형병원수":13,
            "500m이내공원수":3,
            "3km이내혐오시설수":0,
            "초등학교학업성취도":98.96,
            "중학교학업성취도":87.1,
            "용적률":0,
            "건폐율":0,
            "Y":37.523458,
            "X":126.874325,
            "rank":20.0,
            "area_info":"31평(103.76)",
            "last_sales":"2021-06-09,148000.0,31평(103.76)"
        },
        {
            "index":24,
            "아파트명":"목동3차월드메르디앙",
            "투자타입":"일반",
            "전용면적(m2)":"102.69",
            "전용면적(평)":"31평",
            "법정동주소":"서울시 양천구 목동 947",
            "도로명주소":"서울시 양천구 목동동로 270",
            "세대수":0,
            "입주년차":20,
            "용적률점수":"--",
            "건폐율점수":"--",
            "세대당주차수":30,
            "난방방식":100,
            "공급면적":"--",
            "전용률":"--",
            "욕실수":100,
            "현관타입":100,
            "주거총점":38.5,
            "지역구공급총점":100.0,
            "역세권":80,
            "30분내 이동가능 거점":80,
            "1시간내 이동가능 거점":100,
            "교통총점":84.0,
            "백화점":100,
            "아울렛몰":0,
            "대형마트":100,
            "은행":100,
            "병원":100,
            "종합병원":100,
            "공원":100,
            "혐오시설":0,
            "인프라총점":88.0,
            "초등학군":96.51,
            "중학군":59.64,
            "학군총점":67.014,
            "인구수":52.04,
            "인구증감":-10.48,
            "인구총점":33.284,
            "일자리":14.8,
            "소득수준":58.01,
            "일자리총점":27.763,
            "가치 총점":73.5521,
            "매매실거래년":20201226.0,
            "매매실거래가":158000.0,
            "전세실거래년":20211218.0,
            "전세실거래가":78000.0,
            "전세가율":49.37,
            "장기전세가율평균":60.67,
            "전세가율거품지수":11.3,
            "검색코드":9115,
            "세대수":108.0,
            "준공년월":"2003-10-24",
            "준공년차":20.0,
            "가까운역이름":"오목교",
            "가까운역거리":126.63,
            "역세권여부":"역세권",
            "30분이내주요거점역":4,
            "1시간이내주요거점역":14,
            "3km이내백화점수":4,
            "5km이내아울렛몰수":0,
            "1km이내대형먀트수":3,
            "500m이내은행수":7,
            "500m이내병원수":74,
            "5km이내대형병원수":14,
            "500m이내공원수":2,
            "3km이내혐오시설수":0,
            "초등학교학업성취도":96.51,
            "중학교학업성취도":96.4,
            "용적률":291,
            "건폐율":30,
            "Y":37.525367,
            "X":126.876106,
            "rank":21.0,
            "area_info":"31평(102.69), 37평(123.44)",
            "last_sales":"2020-12-26,158000.0,31평(102.69)"
        },
        {
            "index":31,
            "아파트명":"목동금호1차",
            "투자타입":"일반",
            "전용면적(m2)":"92.22",
            "전용면적(평)":"27평",
            "법정동주소":"서울시 양천구 목동 934",
            "도로명주소":"서울시 양천구 목동동로 258",
            "세대수":0,
            "입주년차":0,
            "용적률점수":"--",
            "건폐율점수":"--",
            "세대당주차수":30,
            "난방방식":100,
            "공급면적":"--",
            "전용률":"--",
            "욕실수":50,
            "현관타입":10,
            "주거총점":20.5,
            "지역구공급총점":100.0,
            "역세권":100,
            "30분내 이동가능 거점":80,
            "1시간내 이동가능 거점":100,
            "교통총점":94.0,
            "백화점":100,
            "아울렛몰":0,
            "대형마트":100,
            "은행":100,
            "병원":100,
            "종합병원":100,
            "공원":100,
            "혐오시설":0,
            "인프라총점":88.0,
            "초등학군":96.51,
            "중학군":59.64,
            "학군총점":67.014,
            "인구수":52.04,
            "인구증감":-10.48,
            "인구총점":33.284,
            "일자리":14.8,
            "소득수준":58.01,
            "일자리총점":27.763,
            "가치 총점":73.4521,
            "매매실거래년":20210925.0,
            "매매실거래가":139000.0,
            "전세실거래년":20211227.0,
            "전세실거래가":47240.0,
            "전세가율":33.99,
            "장기전세가율평균":60.67,
            "전세가율거품지수":26.68,
            "검색코드":956,
            "세대수":224.0,
            "준공년월":"1997-10-04",
            "준공년차":26.0,
            "가까운역이름":"오목교",
            "가까운역거리":93.87,
            "역세권여부":"초역세권",
            "30분이내주요거점역":4,
            "1시간이내주요거점역":14,
            "3km이내백화점수":3,
            "5km이내아울렛몰수":0,
            "1km이내대형먀트수":3,
            "500m이내은행수":9,
            "500m이내병원수":84,
            "5km이내대형병원수":14,
            "500m이내공원수":2,
            "3km이내혐오시설수":0,
            "초등학교학업성취도":96.51,
            "중학교학업성취도":96.4,
            "용적률":349,
            "건폐율":24,
            "Y":37.525099,
            "X":126.874436,
            "rank":22.0,
            "area_info":"27평(92.22), 32평(108.51), 44평(146.6)",
            "last_sales":"2021-09-25,139000.0,27평(92.22)"
        },
        {
            "index":354,
            "아파트명":"진도2차",
            "투자타입":"일반",
            "전용면적(m2)":"82.22",
            "전용면적(평)":"24평",
            "법정동주소":"서울시 양천구 목동 936",
            "도로명주소":"서울시 양천구 목동동로 250",
            "세대수":0,
            "입주년차":20,
            "용적률점수":"--",
            "건폐율점수":"--",
            "세대당주차수":30,
            "난방방식":100,
            "공급면적":"--",
            "전용률":"--",
            "욕실수":50,
            "현관타입":10,
            "주거총점":24.5,
            "지역구공급총점":100.0,
            "역세권":80,
            "30분내 이동가능 거점":100,
            "1시간내 이동가능 거점":100,
            "교통총점":90.0,
            "백화점":100,
            "아울렛몰":0,
            "대형마트":100,
            "은행":100,
            "병원":100,
            "종합병원":100,
            "공원":80,
            "혐오시설":0,
            "인프라총점":87.4,
            "초등학군":96.51,
            "중학군":59.64,
            "학군총점":67.014,
            "인구수":52.04,
            "인구증감":-10.48,
            "인구총점":33.284,
            "일자리":14.8,
            "소득수준":58.01,
            "일자리총점":27.763,
            "가치 총점":72.6721,
            "매매실거래년":20211228.0,
            "매매실거래가":132000.0,
            "전세실거래년":20211218.0,
            "전세실거래가":45150.0,
            "전세가율":34.2,
            "장기전세가율평균":60.67,
            "전세가율거품지수":26.47,
            "검색코드":1203,
            "세대수":179.0,
            "준공년월":"1999-03-27",
            "준공년차":24.0,
            "가까운역이름":"오목교",
            "가까운역거리":199.5,
            "역세권여부":"역세권",
            "30분이내주요거점역":5,
            "1시간이내주요거점역":16,
            "3km이내백화점수":3,
            "5km이내아울렛몰수":0,
            "1km이내대형먀트수":3,
            "500m이내은행수":9,
            "500m이내병원수":87,
            "5km이내대형병원수":14,
            "500m이내공원수":1,
            "3km이내혐오시설수":0,
            "초등학교학업성취도":96.51,
            "중학교학업성취도":96.4,
            "용적률":0,
            "건폐율":0,
            "Y":37.525904,
            "X":126.873779,
            "rank":23.0,
            "area_info":"24평(82.22), 32평(106.64), 41평(136.75)",
            "last_sales":"2021-12-28,132000.0,24평(82.22)"
        },
        {
            "index":79,
            "아파트명":"목동성원(926-8)",
            "투자타입":"일반",
            "전용면적(m2)":"66.75",
            "전용면적(평)":"20평",
            "법정동주소":"서울시 양천구 목동 926-8",
            "도로명주소":"서울시 양천구 목동서로 234",
            "세대수":0,
            "입주년차":0,
            "용적률점수":"--",
            "건폐율점수":"--",
            "세대당주차수":0,
            "난방방식":100,
            "공급면적":"--",
            "전용률":"--",
            "욕실수":50,
            "현관타입":100,
            "주거총점":25.0,
            "지역구공급총점":100.0,
            "역세권":80,
            "30분내 이동가능 거점":100,
            "1시간내 이동가능 거점":100,
            "교통총점":90.0,
            "백화점":100,
            "아울렛몰":0,
            "대형마트":100,
            "은행":100,
            "병원":80,
            "종합병원":100,
            "공원":100,
            "혐오시설":0,
            "인프라총점":86.0,
            "초등학군":97.16,
            "중학군":59.64,
            "학군총점":67.144,
            "인구수":52.04,
            "인구증감":-10.48,
            "인구총점":33.284,
            "일자리":14.8,
            "소득수준":58.01,
            "일자리총점":27.763,
            "가치 총점":72.3716,
            "매매실거래년":20211109.0,
            "매매실거래가":183000.0,
            "전세실거래년":20211027.0,
            "전세실거래가":46200.0,
            "전세가율":48.63,
            "장기전세가율평균":60.67,
            "전세가율거품지수":12.04,
            "검색코드":660,
            "세대수":200.0,
            "준공년월":"1997-01-25",
            "준공년차":26.0,
            "가까운역이름":"목동",
            "가까운역거리":416.6,
            "역세권여부":"역세권",
            "30분이내주요거점역":5,
            "1시간이내주요거점역":11,
            "3km이내백화점수":2,
            "5km이내아울렛몰수":0,
            "1km이내대형먀트수":3,
            "500m이내은행수":8,
            "500m이내병원수":41,
            "5km이내대형병원수":12,
            "500m이내공원수":2,
            "3km이내혐오시설수":0,
            "초등학교학업성취도":97.16,
            "중학교학업성취도":96.4,
            "용적률":0,
            "건폐율":0,
            "Y":37.52654,
            "X":126.869617,
            "rank":24.0,
            "area_info":"20평(66.75), 20평(68.3), 29평(96.94), 29평(97.51), 29평(97.52), 39평(132.18)",
            "last_sales":"2021-11-09,183000.0,39평(132.18)"
        },
        {
            "index":207,
            "아파트명":"목동아이파크1차",
            "투자타입":"일반",
            "전용면적(m2)":"75.64",
            "전용면적(평)":"22평",
            "법정동주소":"서울시 양천구 목동 940",
            "도로명주소":"서울시 양천구 목동로 230",
            "세대수":0,
            "입주년차":20,
            "용적률점수":"--",
            "건폐율점수":"--",
            "세대당주차수":30,
            "난방방식":30,
            "공급면적":"--",
            "전용률":"--",
            "욕실수":100,
            "현관타입":100,
            "주거총점":31.5,
            "지역구공급총점":100.0,
            "역세권":80,
            "30분내 이동가능 거점":80,
            "1시간내 이동가능 거점":100,
            "교통총점":84.0,
            "백화점":100,
            "아울렛몰":0,
            "대형마트":100,
            "은행":100,
            "병원":80,
            "종합병원":100,
            "공원":100,
            "혐오시설":0,
            "인프라총점":86.0,
            "초등학군":97.16,
            "중학군":59.64,
            "학군총점":67.144,
            "인구수":52.04,
            "인구증감":-10.48,
            "인구총점":33.284,
            "일자리":14.8,
            "소득수준":58.01,
            "일자리총점":27.763,
            "가치 총점":71.5716,
            "매매실거래년":20210911.0,
            "매매실거래가":111000.0,
            "전세실거래년":20220118.0,
            "전세실거래가":57000.0,
            "전세가율":51.35,
            "장기전세가율평균":60.67,
            "전세가율거품지수":9.32,
            "검색코드":9665,
            "세대수":171.0,
            "준공년월":"2003-06-28",
            "준공년차":20.0,
            "가까운역이름":"목동",
            "가까운역거리":354.74,
            "역세권여부":"역세권",
            "30분이내주요거점역":4,
            "1시간이내주요거점역":14,
            "3km이내백화점수":1,
            "5km이내아울렛몰수":0,
            "1km이내대형먀트수":3,
            "500m이내은행수":7,
            "500m이내병원수":53,
            "5km이내대형병원수":11,
            "500m이내공원수":4,
            "3km이내혐오시설수":0,
            "초등학교학업성취도":97.16,
            "중학교학업성취도":96.4,
            "용적률":299,
            "건폐율":25,
            "Y":37.52925,
            "X":126.8647,
            "rank":25.0,
            "area_info":"22평(75.64), 31평(103.86), 38평(126.11), 38평(128.36)",
            "last_sales":"2021-09-11,111000.0,22평(75.64)"
        },
        {
            "index":12,
            "아파트명":"대원칸타빌1차",
            "투자타입":"일반",
            "전용면적(m2)":"107.55",
            "전용면적(평)":"32평",
            "법정동주소":"서울시 양천구 목동 808-5",
            "도로명주소":"서울시 양천구 목동로 224",
            "세대수":0,
            "입주년차":20,
            "용적률점수":"--",
            "건폐율점수":"--",
            "세대당주차수":30,
            "난방방식":30,
            "공급면적":"--",
            "전용률":"--",
            "욕실수":100,
            "현관타입":100,
            "주거총점":31.5,
            "지역구공급총점":100.0,
            "역세권":80,
            "30분내 이동가능 거점":80,
            "1시간내 이동가능 거점":100,
            "교통총점":84.0,
            "백화점":100,
            "아울렛몰":0,
            "대형마트":100,
            "은행":100,
            "병원":80,
            "종합병원":100,
            "공원":100,
            "혐오시설":0,
            "인프라총점":86.0,
            "초등학군":97.16,
            "중학군":59.64,
            "학군총점":67.144,
            "인구수":52.04,
            "인구증감":-10.48,
            "인구총점":33.284,
            "일자리":14.8,
            "소득수준":58.01,
            "일자리총점":27.763,
            "가치 총점":71.5716,
            "매매실거래년":20210709.0,
            "매매실거래가":162300.0,
            "전세실거래년":20211220.0,
            "전세실거래가":68250.0,
            "전세가율":61.49,
            "장기전세가율평균":60.67,
            "전세가율거품지수":-0.82,
            "검색코드":3434,
            "세대수":154.0,
            "준공년월":"2001-09-10",
            "준공년차":22.0,
            "가까운역이름":"목동",
            "가까운역거리":287.66,
            "역세권여부":"역세권",
            "30분이내주요거점역":4,
            "1시간이내주요거점역":13,
            "3km이내백화점수":1,
            "5km이내아울렛몰수":0,
            "1km이내대형먀트수":3,
            "500m이내은행수":6,
            "500m이내병원수":52,
            "5km이내대형병원수":11,
            "500m이내공원수":4,
            "3km이내혐오시설수":0,
            "초등학교학업성취도":97.16,
            "중학교학업성취도":96.4,
            "용적률":336,
            "건폐율":30,
            "Y":37.528646,
            "X":126.864709,
            "rank":25.0,
            "area_info":"32평(107.55), 34평(112.5), 34평(112.43), 42평(142.02)",
            "last_sales":"2021-07-09,162300.0,42평(142.02)"
        },
        {
            "index":349,
            "아파트명":"진도1차",
            "투자타입":"일반",
            "전용면적(m2)":"85.78",
            "전용면적(평)":"25평",
            "법정동주소":"서울시 양천구 목동 935",
            "도로명주소":"서울시 양천구 목동서로 264",
            "세대수":0,
            "입주년차":0,
            "용적률점수":"--",
            "건폐율점수":"--",
            "세대당주차수":30,
            "난방방식":100,
            "공급면적":"--",
            "전용률":"--",
            "욕실수":50,
            "현관타입":10,
            "주거총점":20.5,
            "지역구공급총점":100.0,
            "역세권":80,
            "30분내 이동가능 거점":100,
            "1시간내 이동가능 거점":100,
            "교통총점":90.0,
            "백화점":100,
            "아울렛몰":0,
            "대형마트":100,
            "은행":100,
            "병원":80,
            "종합병원":100,
            "공원":80,
            "혐오시설":0,
            "인프라총점":85.4,
            "초등학군":97.16,
            "중학군":59.64,
            "학군총점":67.144,
            "인구수":52.04,
            "인구증감":-10.48,
            "인구총점":33.284,
            "일자리":14.8,
            "소득수준":58.01,
            "일자리총점":27.763,
            "가치 총점":71.2916,
            "매매실거래년":20210909.0,
            "매매실거래가":114000.0,
            "전세실거래년":20220111.0,
            "전세실거래가":40950.0,
            "전세가율":35.92,
            "장기전세가율평균":60.67,
            "전세가율거품지수":24.75,
            "검색코드":1202,
            "세대수":182.0,
            "준공년월":"1998-09-08",
            "준공년차":25.0,
            "가까운역이름":"목동",
            "가까운역거리":391.32,
            "역세권여부":"역세권",
            "30분이내주요거점역":5,
            "1시간이내주요거점역":12,
            "3km이내백화점수":2,
            "5km이내아울렛몰수":0,
            "1km이내대형먀트수":3,
            "500m이내은행수":8,
            "500m이내병원수":44,
            "5km이내대형병원수":13,
            "500m이내공원수":1,
            "3km이내혐오시설수":0,
            "초등학교학업성취도":97.16,
            "중학교학업성취도":96.4,
            "용적률":368,
            "건폐율":29,
            "Y":37.52446,
            "X":126.86888,
            "rank":26.0,
            "area_info":"25평(85.78), 32평(107.29), 42평(139.09), 42평(139.83), 43평(142.47)",
            "last_sales":"2021-09-09,114000.0,25평(85.78)"
        },
        {
            "index":801,
            "아파트명":"신정보람쉬움",
            "투자타입":"일반",
            "전용면적(m2)":"69.93",
            "전용면적(평)":"21평",
            "법정동주소":"서울시 양천구 신정동 921-11",
            "도로명주소":"서울시 양천구 오목로35길 5",
            "세대수":0,
            "입주년차":20,
            "용적률점수":"--",
            "건폐율점수":"--",
            "세대당주차수":30,
            "난방방식":30,
            "공급면적":"--",
            "전용률":"--",
            "욕실수":50,
            "현관타입":100,
            "주거총점":26.5,
            "지역구공급총점":100.0,
            "역세권":100,
            "30분내 이동가능 거점":100,
            "1시간내 이동가능 거점":100,
            "교통총점":100.0,
            "백화점":100,
            "아울렛몰":0,
            "대형마트":80,
            "은행":70,
            "병원":60,
            "종합병원":100,
            "공원":100,
            "혐오시설":0,
            "인프라총점":78.0,
            "초등학군":81.18,
            "중학군":38.98,
            "학군총점":47.42,
            "인구수":52.04,
            "인구증감":-10.48,
            "인구총점":33.284,
            "일자리":14.8,
            "소득수준":58.01,
            "일자리총점":27.763,
            "가치 총점":70.813,
            "매매실거래년":20210828.0,
            "매매실거래가":68500.0,
            "전세실거래년":20190701.0,
            "전세실거래가":25000.0,
            "전세가율":52.63,
            "장기전세가율평균":60.67,
            "전세가율거품지수":8.04,
            "검색코드":11025,
            "세대수":125.0,
            "준공년월":"2003-01-10",
            "준공년차":20.0,
            "가까운역이름":"신정",
            "가까운역거리":83.43,
            "역세권여부":"초역세권",
            "30분이내주요거점역":5,
            "1시간이내주요거점역":13,
            "3km이내백화점수":1,
            "5km이내아울렛몰수":0,
            "1km이내대형먀트수":1,
            "500m이내은행수":3,
            "500m이내병원수":21,
            "5km이내대형병원수":11,
            "500m이내공원수":7,
            "3km이내혐오시설수":0,
            "초등학교학업성취도":81.18,
            "중학교학업성취도":64.1,
            "용적률":290,
            "건폐율":38,
            "Y":37.525512,
            "X":126.855503,
            "rank":27.0,
            "area_info":"21평(69.93), 21평(71.28), 23평(76.97), 29평(98.1), 30평(101.55), 32평(107.06)",
            "last_sales":"2021-08-28,68500.0,30평(101.55)"
        },
        {
            "index":277,
            "아파트명":"목동현대1차",
            "투자타입":"일반",
            "전용면적(m2)":"78.21",
            "전용면적(평)":"23평",
            "법정동주소":"서울시 양천구 목동 932",
            "도로명주소":"서울시 양천구 목동동로 240",
            "세대수":0,
            "입주년차":0,
            "용적률점수":"--",
            "건폐율점수":"--",
            "세대당주차수":0,
            "난방방식":100,
            "공급면적":"--",
            "전용률":"--",
            "욕실수":50,
            "현관타입":100,
            "주거총점":25.0,
            "지역구공급총점":100.0,
            "역세권":80,
            "30분내 이동가능 거점":80,
            "1시간내 이동가능 거점":100,
            "교통총점":84.0,
            "백화점":100,
            "아울렛몰":0,
            "대형마트":100,
            "은행":100,
            "병원":100,
            "종합병원":100,
            "공원":80,
            "혐오시설":0,
            "인프라총점":87.4,
            "초등학군":96.51,
            "중학군":59.64,
            "학군총점":67.014,
            "인구수":52.04,
            "인구증감":-10.48,
            "인구총점":33.284,
            "일자리":14.8,
            "소득수준":58.01,
            "일자리총점":27.763,
            "가치 총점":70.6721,
            "매매실거래년":20210514.0,
            "매매실거래가":165700.0,
            "전세실거래년":20180317.0,
            "전세실거래가":48000.0,
            "전세가율":68.57,
            "장기전세가율평균":60.67,
            "전세가율거품지수":-7.9,
            "검색코드":1204,
            "세대수":242.0,
            "준공년월":"1997-12-06",
            "준공년차":26.0,
            "가까운역이름":"오목교",
            "가까운역거리":259.2,
            "역세권여부":"역세권",
            "30분이내주요거점역":4,
            "1시간이내주요거점역":14,
            "3km이내백화점수":3,
            "5km이내아울렛몰수":0,
            "1km이내대형먀트수":3,
            "500m이내은행수":9,
            "500m이내병원수":85,
            "5km이내대형병원수":14,
            "500m이내공원수":1,
            "3km이내혐오시설수":0,
            "초등학교학업성취도":96.51,
            "중학교학업성취도":96.4,
            "용적률":484,
            "건폐율":26,
            "Y":37.525894,
            "X":126.872829,
            "rank":28.0,
            "area_info":"23평(78.21), 23평(79.04), 33평(111.6)",
            "last_sales":"2021-05-14,165700.0,33평(111.6)"
        },
        {
            "index":709,
            "아파트명":"목동파크자이",
            "투자타입":"일반",
            "전용면적(m2)":"109.16",
            "전용면적(평)":"33평",
            "법정동주소":"서울시 양천구 신정동 1325",
            "도로명주소":"서울시 양천구 목동남로4길 80",
            "세대수":30,
            "입주년차":100,
            "용적률점수":"--",
            "건폐율점수":"--",
            "세대당주차수":60,
            "난방방식":100,
            "공급면적":"--",
            "전용률":"--",
            "욕실수":100,
            "현관타입":100,
            "주거총점":69.5,
            "지역구공급총점":100.0,
            "역세권":80,
            "30분내 이동가능 거점":60,
            "1시간내 이동가능 거점":100,
            "교통총점":78.0,
            "백화점":100,
            "아울렛몰":100,
            "대형마트":0,
            "은행":0,
            "병원":30,
            "종합병원":100,
            "공원":80,
            "혐오시설":0,
            "인프라총점":65.4,
            "초등학군":92.97,
            "중학군":57.22,
            "학군총점":64.37,
            "인구수":52.04,
            "인구증감":-10.48,
            "인구총점":33.284,
            "일자리":14.8,
            "소득수준":58.01,
            "일자리총점":27.763,
            "가치 총점":70.4755,
            "매매실거래년":20211026.0,
            "매매실거래가":157500.0,
            "전세실거래년":20211214.0,
            "전세실거래가":99750.0,
            "전세가율":63.33,
            "장기전세가율평균":60.67,
            "전세가율거품지수":-2.66,
            "검색코드":115706,
            "세대수":356.0,
            "준공년월":"2019-02-07",
            "준공년차":4.0,
            "가까운역이름":"양천구청",
            "가까운역거리":420.27,
            "역세권여부":"역세권",
            "30분이내주요거점역":3,
            "1시간이내주요거점역":12,
            "3km이내백화점수":2,
            "5km이내아울렛몰수":2,
            "1km이내대형먀트수":0,
            "500m이내은행수":0,
            "500m이내병원수":5,
            "5km이내대형병원수":12,
            "500m이내공원수":1,
            "3km이내혐오시설수":0,
            "초등학교학업성취도":92.97,
            "중학교학업성취도":94.1,
            "용적률":195,
            "건폐율":19,
            "Y":37.509412,
            "X":126.86874,
            "rank":29.0,
            "area_info":"33평(109.16), 33평(109.55), 33평(109.55), 33평(109.58), 33평(109.58), 33평(109.97), 37평(123.15), 37평(123.57)",
            "last_sales":"2021-10-26,157500.0,33평(109.16)"
        },
        {
            "index":762,
            "아파트명":"삼성쉐르빌2",
            "투자타입":"일반",
            "전용면적(m2)":"98.01",
            "전용면적(평)":"29평",
            "법정동주소":"서울시 양천구 신정동 318-12",
            "도로명주소":"서울시 양천구 목동동로 177",
            "세대수":0,
            "입주년차":40,
            "용적률점수":"--",
            "건폐율점수":"--",
            "세대당주차수":100,
            "난방방식":100,
            "공급면적":"--",
            "전용률":"--",
            "욕실수":100,
            "현관타입":100,
            "주거총점":53.0,
            "지역구공급총점":100.0,
            "역세권":50,
            "30분내 이동가능 거점":60,
            "1시간내 이동가능 거점":100,
            "교통총점":63.0,
            "백화점":100,
            "아울렛몰":80,
            "대형마트":100,
            "은행":100,
            "병원":80,
            "종합병원":100,
            "공원":100,
            "혐오시설":0,
            "인프라총점":94.0,
            "초등학군":98.96,
            "중학군":53.62,
            "학군총점":62.688,
            "인구수":52.04,
            "인구증감":-10.48,
            "인구총점":33.284,
            "일자리":14.8,
            "소득수준":58.01,
            "일자리총점":27.763,
            "가치 총점":70.2532,
            "매매실거래년":20200620.0,
            "매매실거래가":208000.0,
            "전세실거래년":null,
            "전세실거래가":null,
            "전세가율":null,
            "장기전세가율평균":60.67,
            "전세가율거품지수":null,
            "검색코드":12238,
            "세대수":170.0,
            "준공년월":"2004-03-19",
            "준공년차":19.0,
            "가까운역이름":"오목교",
            "가까운역거리":528.26,
            "역세권여부":"준역세권",
            "30분이내주요거점역":3,
            "1시간이내주요거점역":13,
            "3km이내백화점수":2,
            "5km이내아울렛몰수":1,
            "1km이내대형먀트수":3,
            "500m이내은행수":7,
            "500m이내병원수":56,
            "5km이내대형병원수":14,
            "500m이내공원수":4,
            "3km이내혐오시설수":0,
            "초등학교학업성취도":98.96,
            "중학교학업성취도":87.1,
            "용적률":788,
            "건폐율":56,
            "Y":37.521654,
            "X":126.870381,
            "rank":30.0,
            "area_info":"29평(98.01), 31평(104.22), 31평(105.1), 31평(105.11), 32평(107.92), 34평(113.49), 35평(117.26), 37평(122.64), 43평(143.2), 46평(152.1), 46평(152.2), 49평(162.43), 49평(163.27), 49평(165.1), 50평(168.46), 51평(171.14), 54평(179.68), 55평(183.55), 56평(187.66), 60평(201.07), 61평(203.55), 62평(205.31), 63평(210.49), 71평(237.35)",
            "last_sales":"2020-06-20,208000.0,71평(237.35)"
        },
        {
            "index":357,
            "아파트명":"현대2차",
            "투자타입":"일반",
            "전용면적(m2)":"70.17",
            "전용면적(평)":"21평",
            "법정동주소":"서울시 양천구 목동 930",
            "도로명주소":"서울시 양천구 목동동로 202",
            "세대수":0,
            "입주년차":0,
            "용적률점수":"--",
            "건폐율점수":"--",
            "세대당주차수":0,
            "난방방식":100,
            "공급면적":"--",
            "전용률":"--",
            "욕실수":50,
            "현관타입":100,
            "주거총점":25.0,
            "지역구공급총점":100.0,
            "역세권":80,
            "30분내 이동가능 거점":80,
            "1시간내 이동가능 거점":100,
            "교통총점":84.0,
            "백화점":100,
            "아울렛몰":0,
            "대형마트":100,
            "은행":100,
            "병원":100,
            "종합병원":100,
            "공원":100,
            "혐오시설":0,
            "인프라총점":88.0,
            "초등학군":98.96,
            "중학군":53.62,
            "학군총점":62.688,
            "인구수":52.04,
            "인구증감":-10.48,
            "인구총점":33.284,
            "일자리":14.8,
            "소득수준":58.01,
            "일자리총점":27.763,
            "가치 총점":70.2032,
            "매매실거래년":20210605.0,
            "매매실거래가":119000.0,
            "전세실거래년":20200929.0,
            "전세실거래가":47000.0,
            "전세가율":39.5,
            "장기전세가율평균":60.67,
            "전세가율거품지수":21.17,
            "검색코드":887,
            "세대수":209.0,
            "준공년월":"1996-07-06",
            "준공년차":27.0,
            "가까운역이름":"오목교",
            "가까운역거리":343.83,
            "역세권여부":"역세권",
            "30분이내주요거점역":4,
            "1시간이내주요거점역":13,
            "3km이내백화점수":2,
            "5km이내아울렛몰수":0,
            "1km이내대형먀트수":3,
            "500m이내은행수":7,
            "500m이내병원수":73,
            "5km이내대형병원수":14,
            "500m이내공원수":3,
            "3km이내혐오시설수":0,
            "초등학교학업성취도":98.96,
            "중학교학업성취도":87.1,
            "용적률":398,
            "건폐율":31,
            "Y":37.52333,
            "X":126.87157,
            "rank":31.0,
            "area_info":"21평(70.17), 21평(71.92), 21평(72.1), 30평(100.85)",
            "last_sales":"2021-06-05,119000.0,21평(70.17)"
        },
        {
            "index":72,
            "아파트명":"목동삼익",
            "투자타입":"일반",
            "전용면적(m2)":"84.1",
            "전용면적(평)":"25평",
            "법정동주소":"서울시 양천구 목동 933",
            "도로명주소":"서울시 양천구 목동동로12길 45",
            "세대수":0,
            "입주년차":0,
            "용적률점수":"--",
            "건폐율점수":"--",
            "세대당주차수":30,
            "난방방식":100,
            "공급면적":"--",
            "전용률":"--",
            "욕실수":50,
            "현관타입":10,
            "주거총점":20.5,
            "지역구공급총점":100.0,
            "역세권":80,
            "30분내 이동가능 거점":80,
            "1시간내 이동가능 거점":100,
            "교통총점":84.0,
            "백화점":100,
            "아울렛몰":80,
            "대형마트":100,
            "은행":70,
            "병원":80,
            "종합병원":100,
            "공원":100,
            "혐오시설":0,
            "인프라총점":91.0,
            "초등학군":98.96,
            "중학군":53.62,
            "학군총점":62.688,
            "인구수":52.04,
            "인구증감":-10.48,
            "인구총점":33.284,
            "일자리":14.8,
            "소득수준":58.01,
            "일자리총점":27.763,
            "가치 총점":70.2032,
            "매매실거래년":20210831.0,
            "매매실거래가":170000.0,
            "전세실거래년":20220107.0,
            "전세실거래가":58000.0,
            "전세가율":58.17,
            "장기전세가율평균":60.67,
            "전세가율거품지수":2.5,
            "검색코드":1200,
            "세대수":277.0,
            "준공년월":"1997-06-28",
            "준공년차":26.0,
            "가까운역이름":"오목교",
            "가까운역거리":177.33,
            "역세권여부":"역세권",
            "30분이내주요거점역":4,
            "1시간이내주요거점역":15,
            "3km이내백화점수":4,
            "5km이내아울렛몰수":1,
            "1km이내대형먀트수":3,
            "500m이내은행수":4,
            "500m이내병원수":52,
            "5km이내대형병원수":13,
            "500m이내공원수":2,
            "3km이내혐오시설수":0,
            "초등학교학업성취도":98.96,
            "중학교학업성취도":87.1,
            "용적률":383,
            "건폐율":40,
            "Y":37.523207,
            "X":126.876365,
            "rank":31.0,
            "area_info":"25평(84.1), 25평(85.69), 34평(112.5), 43평(144.15)",
            "last_sales":"2021-08-31,170000.0,43평(144.15)"
        },
        {
            "index":94,
            "아파트명":"목동신시가지1단지",
            "투자타입":"재건축",
            "전용면적(m2)":"64.59",
            "전용면적(평)":"19평",
            "법정동주소":"서울시 양천구 목동 901",
            "도로명주소":"서울시 양천구 목동서로 38",
            "세대수":100,
            "입주년차":"--",
            "용적률점수":100,
            "건폐율점수":100,
            "세대당주차수":"--",
            "난방방식":"--",
            "공급면적":50,
            "전용률":60,
            "욕실수":"--",
            "현관타입":"--",
            "주거총점":95.5,
            "지역구공급총점":100.0,
            "역세권":50,
            "30분내 이동가능 거점":40,
            "1시간내 이동가능 거점":100,
            "교통총점":57.0,
            "백화점":100,
            "아울렛몰":0,
            "대형마트":0,
            "은행":100,
            "병원":80,
            "종합병원":100,
            "공원":100,
            "혐오시설":-50,
            "인프라총점":70.0,
            "초등학군":98.06,
            "중학군":58.8,
            "학군총점":66.652,
            "인구수":52.04,
            "인구증감":-10.48,
            "인구총점":33.284,
            "일자리":14.8,
            "소득수준":58.01,
            "일자리총점":27.763,
            "가치 총점":70.0478,
            "매매실거래년":20210827.0,
            "매매실거래가":286000.0,
            "전세실거래년":null,
            "전세실거래가":null,
            "전세가율":null,
            "장기전세가율평균":60.67,
            "전세가율거품지수":null,
            "검색코드":652,
            "세대수":1882.0,
            "준공년월":"1985-11-19",
            "준공년차":38.0,
            "가까운역이름":"신목동",
            "가까운역거리":602.74,
            "역세권여부":"준역세권",
            "30분이내주요거점역":2,
            "1시간이내주요거점역":13,
            "3km이내백화점수":1,
            "5km이내아울렛몰수":0,
            "1km이내대형먀트수":0,
            "500m이내은행수":5,
            "500m이내병원수":32,
            "5km이내대형병원수":9,
            "500m이내공원수":3,
            "3km이내혐오시설수":1,
            "초등학교학업성취도":98.06,
            "중학교학업성취도":95.8,
            "용적률":123,
            "건폐율":16,
            "Y":37.539231,
            "X":126.880583,
            "rank":32.0,
            "area_info":"19평(64.59), 19평(64.59), 21평(69.98), 21평(69.98), 26평(88.5), 26평(88.59), 27평(89.38), 30평(101.36), 30평(101.36), 34평(112.83), 34평(114.82), 34평(115.7), 34평(115.7), 35평(116.35), 35평(118.02), 36평(120.75), 45평(151.3), 46평(154.06), 47평(156.28), 57평(190.1), 57평(190.1)",
            "last_sales":"2021-08-27,286000.0,57평(190.1)"
        },
        {
            "index":672,
            "아파트명":"목동신시가지14단지",
            "투자타입":"재건축",
            "전용면적(m2)":"75.22",
            "전용면적(평)":"22평",
            "법정동주소":"서울시 양천구 신정동 329",
            "도로명주소":"서울시 양천구 목동동로 130",
            "세대수":100,
            "입주년차":"--",
            "용적률점수":100,
            "건폐율점수":100,
            "세대당주차수":"--",
            "난방방식":"--",
            "공급면적":50,
            "전용률":60,
            "욕실수":"--",
            "현관타입":"--",
            "주거총점":95.5,
            "지역구공급총점":100.0,
            "역세권":50,
            "30분내 이동가능 거점":40,
            "1시간내 이동가능 거점":100,
            "교통총점":57.0,
            "백화점":100,
            "아울렛몰":100,
            "대형마트":0,
            "은행":0,
            "병원":60,
            "종합병원":100,
            "공원":100,
            "혐오시설":0,
            "인프라총점":69.0,
            "초등학군":100.0,
            "중학군":57.74,
            "학군총점":66.192,
            "인구수":52.04,
            "인구증감":-10.48,
            "인구총점":33.284,
            "일자리":14.8,
            "소득수준":58.01,
            "일자리총점":27.763,
            "가치 총점":69.6788,
            "매매실거래년":20211023.0,
            "매매실거래가":239500.0,
            "전세실거래년":20220117.0,
            "전세실거래가":33600.0,
            "전세가율":24.44,
            "장기전세가율평균":60.67,
            "전세가율거품지수":36.23,
            "검색코드":669,
            "세대수":3100.0,
            "준공년월":"1987-07-30",
            "준공년차":36.0,
            "가까운역이름":"양천구청",
            "가까운역거리":707.33,
            "역세권여부":"준역세권",
            "30분이내주요거점역":2,
            "1시간이내주요거점역":12,
            "3km이내백화점수":3,
            "5km이내아울렛몰수":2,
            "1km이내대형먀트수":0,
            "500m이내은행수":1,
            "500m이내병원수":12,
            "5km이내대형병원수":12,
            "500m이내공원수":4,
            "3km이내혐오시설수":0,
            "초등학교학업성취도":100.0,
            "중학교학업성취도":93.3,
            "용적률":146,
            "건폐율":10,
            "Y":37.514704,
            "X":126.873293,
            "rank":33.0,
            "area_info":"22평(75.22), 27평(91.82), 28평(93.13), 28평(93.13), 30평(101.12), 32평(107.03), 33평(109.27), 32평(109.02), 33평(110.84), 39평(129.41), 39평(130.07), 46평(153.56), 49평(164.44), 55평(182.06)",
            "last_sales":"2021-10-23,239500.0,46평(153.56)"
        },
        {
            "index":645,
            "아파트명":"목동신시가지11단지",
            "투자타입":"재건축",
            "전용면적(m2)":"74.79",
            "전용면적(평)":"22평",
            "법정동주소":"서울시 양천구 신정동 325",
            "도로명주소":"서울시 양천구 목동동로 10",
            "세대수":100,
            "입주년차":"--",
            "용적률점수":100,
            "건폐율점수":100,
            "세대당주차수":"--",
            "난방방식":"--",
            "공급면적":50,
            "전용률":40,
            "욕실수":"--",
            "현관타입":"--",
            "주거총점":94.5,
            "지역구공급총점":100.0,
            "역세권":50,
            "30분내 이동가능 거점":40,
            "1시간내 이동가능 거점":100,
            "교통총점":57.0,
            "백화점":100,
            "아울렛몰":100,
            "대형마트":0,
            "은행":0,
            "병원":60,
            "종합병원":100,
            "공원":100,
            "혐오시설":0,
            "인프라총점":69.0,
            "초등학군":96.69,
            "중학군":57.22,
            "학군총점":65.114,
            "인구수":52.04,
            "인구증감":-10.48,
            "인구총점":33.284,
            "일자리":14.8,
            "소득수준":58.01,
            "일자리총점":27.763,
            "가치 총점":69.3171,
            "매매실거래년":20211201.0,
            "매매실거래가":149000.0,
            "전세실거래년":20220115.0,
            "전세실거래가":28350.0,
            "전세가율":22.15,
            "장기전세가율평균":60.67,
            "전세가율거품지수":38.52,
            "검색코드":22959,
            "세대수":1595.0,
            "준공년월":"1988-10-06",
            "준공년차":35.0,
            "가까운역이름":"양천구청",
            "가까운역거리":658.45,
            "역세권여부":"준역세권",
            "30분이내주요거점역":2,
            "1시간이내주요거점역":13,
            "3km이내백화점수":2,
            "5km이내아울렛몰수":2,
            "1km이내대형먀트수":0,
            "500m이내은행수":0,
            "500m이내병원수":13,
            "5km이내대형병원수":13,
            "500m이내공원수":4,
            "3km이내혐오시설수":0,
            "초등학교학업성취도":96.69,
            "중학교학업성취도":94.1,
            "용적률":120,
            "건폐율":10,
            "Y":37.51206,
            "X":126.858366,
            "rank":34.0,
            "area_info":"22평(74.79), 22평(75.43), 25평(84.96), 28평(94.47), 29평(96.29)",
            "last_sales":"2021-12-01,149000.0,28평(94.47)"
        },
        {
            "index":178,
            "아파트명":"목동신시가지6단지",
            "투자타입":"재건축",
            "전용면적(m2)":"65.01",
            "전용면적(평)":"19평",
            "법정동주소":"서울시 양천구 목동 911",
            "도로명주소":"서울시 양천구 목동동로 430",
            "세대수":90,
            "입주년차":"--",
            "용적률점수":100,
            "건폐율점수":100,
            "세대당주차수":"--",
            "난방방식":"--",
            "공급면적":50,
            "전용률":60,
            "욕실수":"--",
            "현관타입":"--",
            "주거총점":92.5,
            "지역구공급총점":100.0,
            "역세권":50,
            "30분내 이동가능 거점":60,
            "1시간내 이동가능 거점":100,
            "교통총점":63.0,
            "백화점":100,
            "아울렛몰":0,
            "대형마트":0,
            "은행":20,
            "병원":60,
            "종합병원":100,
            "공원":100,
            "혐오시설":-50,
            "인프라총점":60.0,
            "초등학군":98.99,
            "중학군":54.8,
            "학군총점":63.638,
            "인구수":52.04,
            "인구증감":-10.48,
            "인구총점":33.284,
            "일자리":14.8,
            "소득수준":58.01,
            "일자리총점":27.763,
            "가치 총점":68.0957,
            "매매실거래년":20211208.0,
            "매매실거래가":147000.0,
            "전세실거래년":20211228.0,
            "전세실거래가":33600.0,
            "전세가율":22.86,
            "장기전세가율평균":60.67,
            "전세가율거품지수":37.81,
            "검색코드":658,
            "세대수":1368.0,
            "준공년월":"1986-11-01",
            "준공년차":37.0,
            "가까운역이름":"선유도",
            "가까운역거리":815.8,
            "역세권여부":"준역세권",
            "30분이내주요거점역":3,
            "1시간이내주요거점역":13,
            "3km이내백화점수":4,
            "5km이내아울렛몰수":0,
            "1km이내대형먀트수":0,
            "500m이내은행수":2,
            "500m이내병원수":13,
            "5km이내대형병원수":12,
            "500m이내공원수":3,
            "3km이내혐오시설수":1,
            "초등학교학업성취도":98.99,
            "중학교학업성취도":90.4,
            "용적률":139,
            "건폐율":11,
            "Y":37.535084,
            "X":126.885046,
            "rank":35.0,
            "area_info":"19평(65.01), 19평(65.01), 19평(65.01), 19평(65.01), 26평(88.32), 26평(88.32), 26평(88.89), 34평(115.7), 34평(115.7), 44평(148.76), 45평(150.06), 54평(179.54), 55평(181.82)",
            "last_sales":"2021-12-08,147000.0,19평(65.01)"
        },
        {
            "index":798,
            "아파트명":"신정대성유니드2차",
            "투자타입":"일반",
            "전용면적(m2)":"76.68",
            "전용면적(평)":"23평",
            "법정동주소":"서울시 양천구 신정동 1198-3",
            "도로명주소":"서울시 양천구 중앙로29길 108",
            "세대수":0,
            "입주년차":40,
            "용적률점수":"--",
            "건폐율점수":"--",
            "세대당주차수":30,
            "난방방식":30,
            "공급면적":"--",
            "전용률":"--",
            "욕실수":100,
            "현관타입":100,
            "주거총점":35.5,
            "지역구공급총점":100.0,
            "역세권":80,
            "30분내 이동가능 거점":80,
            "1시간내 이동가능 거점":100,
            "교통총점":84.0,
            "백화점":100,
            "아울렛몰":0,
            "대형마트":80,
            "은행":70,
            "병원":80,
            "종합병원":100,
            "공원":100,
            "혐오시설":0,
            "인프라총점":80.0,
            "초등학군":84.74,
            "중학군":40.18,
            "학군총점":49.092,
            "인구수":52.04,
            "인구증감":-10.48,
            "인구총점":33.284,
            "일자리":14.8,
            "소득수준":58.01,
            "일자리총점":27.763,
            "가치 총점":67.8638,
            "매매실거래년":20201123.0,
            "매매실거래가":60000.0,
            "전세실거래년":20211112.0,
            "전세실거래가":23100.0,
            "전세가율":39.83,
            "장기전세가율평균":60.67,
            "전세가율거품지수":20.84,
            "검색코드":10416,
            "세대수":186.0,
            "준공년월":"2004-07-15",
            "준공년차":19.0,
            "가까운역이름":"신정네거리",
            "가까운역거리":357.81,
            "역세권여부":"역세권",
            "30분이내주요거점역":4,
            "1시간이내주요거점역":14,
            "3km이내백화점수":1,
            "5km이내아울렛몰수":0,
            "1km이내대형먀트수":1,
            "500m이내은행수":4,
            "500m이내병원수":48,
            "5km이내대형병원수":10,
            "500m이내공원수":3,
            "3km이내혐오시설수":0,
            "초등학교학업성취도":84.74,
            "중학교학업성취도":66.5,
            "용적률":248,
            "건폐율":23,
            "Y":37.520924,
            "X":126.848999,
            "rank":36.0,
            "area_info":"23평(76.68), 31평(102.96), 32평(107.27)",
            "last_sales":"2020-11-23,60000.0,32평(107.27)"
        },
        {
            "index":627,
            "아파트명":"목동삼성래미안2차",
            "투자타입":"일반",
            "전용면적(m2)":"79.24",
            "전용면적(평)":"23평",
            "법정동주소":"서울시 양천구 신정동 1295",
            "도로명주소":"서울시 양천구 목동남로4길 81",
            "세대수":30,
            "입주년차":20,
            "용적률점수":"--",
            "건폐율점수":"--",
            "세대당주차수":30,
            "난방방식":100,
            "공급면적":"--",
            "전용률":"--",
            "욕실수":50,
            "현관타입":100,
            "주거총점":44.0,
            "지역구공급총점":100.0,
            "역세권":80,
            "30분내 이동가능 거점":80,
            "1시간내 이동가능 거점":100,
            "교통총점":84.0,
            "백화점":100,
            "아울렛몰":100,
            "대형마트":0,
            "은행":0,
            "병원":30,
            "종합병원":100,
            "공원":100,
            "혐오시설":0,
            "인프라총점":66.0,
            "초등학군":92.97,
            "중학군":57.22,
            "학군총점":64.37,
            "인구수":52.04,
            "인구증감":-10.48,
            "인구총점":33.284,
            "일자리":14.8,
            "소득수준":58.01,
            "일자리총점":27.763,
            "가치 총점":67.6555,
            "매매실거래년":20210116.0,
            "매매실거래가":140000.0,
            "전세실거래년":20211226.0,
            "전세실거래가":50000.0,
            "전세가율":52.08,
            "장기전세가율평균":60.67,
            "전세가율거품지수":8.59,
            "검색코드":3440,
            "세대수":353.0,
            "준공년월":"2001-11-06",
            "준공년차":22.0,
            "가까운역이름":"양천구청",
            "가까운역거리":327.58,
            "역세권여부":"역세권",
            "30분이내주요거점역":4,
            "1시간이내주요거점역":13,
            "3km이내백화점수":2,
            "5km이내아울렛몰수":2,
            "1km이내대형먀트수":0,
            "500m이내은행수":0,
            "500m이내병원수":5,
            "5km이내대형병원수":12,
            "500m이내공원수":2,
            "3km이내혐오시설수":0,
            "초등학교학업성취도":92.97,
            "중학교학업성취도":94.1,
            "용적률":238,
            "건폐율":24,
            "Y":37.510109,
            "X":126.868157,
            "rank":37.0,
            "area_info":"23평(79.24), 24평(82.63), 27평(90.28), 32평(108.82), 34평(113.19), 42평(141.55), 43평(143.14)",
            "last_sales":"2021-01-16,140000.0,43평(143.14)"
        },
        {
            "index":589,
            "아파트명":"대림",
            "투자타입":"재건축",
            "전용면적(m2)":"100.85",
            "전용면적(평)":"30평",
            "법정동주소":"서울시 양천구 신정동 333",
            "도로명주소":"서울시 양천구 신목로5길 9",
            "세대수":0,
            "입주년차":"--",
            "용적률점수":60,
            "건폐율점수":80,
            "세대당주차수":"--",
            "난방방식":"--",
            "공급면적":90,
            "전용률":80,
            "욕실수":"--",
            "현관타입":"--",
            "주거총점":48.5,
            "지역구공급총점":100.0,
            "역세권":50,
            "30분내 이동가능 거점":80,
            "1시간내 이동가능 거점":100,
            "교통총점":69.0,
            "백화점":100,
            "아울렛몰":100,
            "대형마트":80,
            "은행":0,
            "병원":60,
            "종합병원":100,
            "공원":100,
            "혐오시설":0,
            "인프라총점":81.0,
            "초등학군":100.0,
            "중학군":53.62,
            "학군총점":62.896,
            "인구수":52.04,
            "인구증감":-10.48,
            "인구총점":33.284,
            "일자리":14.8,
            "소득수준":58.01,
            "일자리총점":27.763,
            "가치 총점":67.5844,
            "매매실거래년":20210423.0,
            "매매실거래가":104000.0,
            "전세실거래년":20211217.0,
            "전세실거래가":50400.0,
            "전세가율":48.46,
            "장기전세가율평균":60.67,
            "전세가율거품지수":12.21,
            "검색코드":886,
            "세대수":210.0,
            "준공년월":"1992-11-20",
            "준공년차":31.0,
            "가까운역이름":"오목교",
            "가까운역거리":760.1,
            "역세권여부":"준역세권",
            "30분이내주요거점역":4,
            "1시간이내주요거점역":13,
            "3km이내백화점수":3,
            "5km이내아울렛몰수":2,
            "1km이내대형먀트수":1,
            "500m이내은행수":1,
            "500m이내병원수":16,
            "5km이내대형병원수":13,
            "500m이내공원수":6,
            "3km이내혐오시설수":0,
            "초등학교학업성취도":100.0,
            "중학교학업성취도":87.1,
            "용적률":246,
            "건폐율":24,
            "Y":37.51779,
            "X":126.87351,
            "rank":38.0,
            "area_info":"30평(100.85), 30평(101.08), 30평(101.02)",
            "last_sales":"2021-04-23,104000.0,30평(100.85)"
        },
        {
            "index":159,
            "아파트명":"목동신시가지5단지",
            "투자타입":"재건축",
            "전용면적(m2)":"84.64",
            "전용면적(평)":"25평",
            "법정동주소":"서울시 양천구 목동 912",
            "도로명주소":"서울시 양천구 목동동로 350",
            "세대수":100,
            "입주년차":"--",
            "용적률점수":100,
            "건폐율점수":100,
            "세대당주차수":"--",
            "난방방식":"--",
            "공급면적":70,
            "전용률":60,
            "욕실수":"--",
            "현관타입":"--",
            "주거총점":96.5,
            "지역구공급총점":100.0,
            "역세권":0,
            "30분내 이동가능 거점":60,
            "1시간내 이동가능 거점":100,
            "교통총점":38.0,
            "백화점":100,
            "아울렛몰":0,
            "대형마트":100,
            "은행":100,
            "병원":60,
            "종합병원":100,
            "공원":100,
            "혐오시설":-50,
            "인프라총점":83.0,
            "초등학군":98.99,
            "중학군":58.8,
            "학군총점":66.838,
            "인구수":52.04,
            "인구증감":-10.48,
            "인구총점":33.284,
            "일자리":14.8,
            "소득수준":58.01,
            "일자리총점":27.763,
            "가치 총점":67.5257,
            "매매실거래년":20211215.0,
            "매매실거래가":235000.0,
            "전세실거래년":20220115.0,
            "전세실거래가":47250.0,
            "전세가율":25.68,
            "장기전세가율평균":60.67,
            "전세가율거품지수":34.99,
            "검색코드":656,
            "세대수":1848.0,
            "준공년월":"1986-09-30",
            "준공년차":37.0,
            "가까운역이름":"양평",
            "가까운역거리":1036.05,
            "역세권여부":"비역세권",
            "30분이내주요거점역":3,
            "1시간이내주요거점역":13,
            "3km이내백화점수":3,
            "5km이내아울렛몰수":0,
            "1km이내대형먀트수":2,
            "500m이내은행수":7,
            "500m이내병원수":28,
            "5km이내대형병원수":12,
            "500m이내공원수":4,
            "3km이내혐오시설수":1,
            "초등학교학업성취도":98.99,
            "중학교학업성취도":95.8,
            "용적률":116,
            "건폐율":14,
            "Y":37.533987,
            "X":126.880537,
            "rank":39.0,
            "area_info":"25평(84.64), 29평(97.83), 30평(99.39), 33평(110.97), 33평(111.73), 34평(113.87), 34평(113.37), 34평(113.38), 34평(114.18), 35평(118.6), 36평(120.61), 42평(140.34), 43평(142.71), 43평(144.06), 44평(146.17), 49평(164.43), 53평(177.68), 54평(178.53), 53평(178.12)",
            "last_sales":"2021-12-15,235000.0,33평(110.97)"
        },
        {
            "index":575,
            "아파트명":"경남아너스빌1차",
            "투자타입":"일반",
            "전용면적(m2)":"108.62",
            "전용면적(평)":"32평",
            "법정동주소":"서울시 양천구 신정동 1307",
            "도로명주소":"서울시 양천구 목동동로10길 16-6",
            "세대수":0,
            "입주년차":40,
            "용적률점수":"--",
            "건폐율점수":"--",
            "세대당주차수":60,
            "난방방식":100,
            "공급면적":"--",
            "전용률":"--",
            "욕실수":100,
            "현관타입":100,
            "주거총점":47.0,
            "지역구공급총점":100.0,
            "역세권":50,
            "30분내 이동가능 거점":60,
            "1시간내 이동가능 거점":100,
            "교통총점":63.0,
            "백화점":100,
            "아울렛몰":100,
            "대형마트":80,
            "은행":70,
            "병원":60,
            "종합병원":100,
            "공원":100,
            "혐오시설":0,
            "인프라총점":88.0,
            "초등학군":100.0,
            "중학군":53.62,
            "학군총점":62.896,
            "인구수":52.04,
            "인구증감":-10.48,
            "인구총점":33.284,
            "일자리":14.8,
            "소득수준":58.01,
            "일자리총점":27.763,
            "가치 총점":67.2844,
            "매매실거래년":20211125.0,
            "매매실거래가":150000.0,
            "전세실거래년":20211015.0,
            "전세실거래가":60900.0,
            "전세가율":58.56,
            "장기전세가율평균":60.67,
            "전세가율거품지수":2.11,
            "검색코드":9632,
            "세대수":292.0,
            "준공년월":"2004-06-30",
            "준공년차":19.0,
            "가까운역이름":"오목교",
            "가까운역거리":773.11,
            "역세권여부":"준역세권",
            "30분이내주요거점역":3,
            "1시간이내주요거점역":12,
            "3km이내백화점수":3,
            "5km이내아울렛몰수":2,
            "1km이내대형먀트수":1,
            "500m이내은행수":3,
            "500m이내병원수":19,
            "5km이내대형병원수":14,
            "500m이내공원수":6,
            "3km이내혐오시설수":0,
            "초등학교학업성취도":100.0,
            "중학교학업성취도":87.1,
            "용적률":321,
            "건폐율":26,
            "Y":37.518187,
            "X":126.871497,
            "rank":40.0,
            "area_info":"32평(108.62), 32평(109.0), 32평(109.01), 33평(109.11), 33평(110.08), 33평(110.48), 33평(111.36), 36평(119.99), 36평(120.07), 36평(122.27), 37평(123.1), 37평(124.65), 40평(132.71), 40평(133.1)",
            "last_sales":"2021-11-25,150000.0,40평(133.1)"
        },
        {
            "index":242,
            "아파트명":"목동트윈빌",
            "투자타입":"일반",
            "전용면적(m2)":"87.14",
            "전용면적(평)":"26평",
            "법정동주소":"서울시 양천구 목동 905-22",
            "도로명주소":"서울시 양천구 목동동로 339",
            "세대수":30,
            "입주년차":20,
            "용적률점수":"--",
            "건폐율점수":"--",
            "세대당주차수":80,
            "난방방식":100,
            "공급면적":"--",
            "전용률":"--",
            "욕실수":50,
            "현관타입":50,
            "주거총점":46.5,
            "지역구공급총점":100.0,
            "역세권":50,
            "30분내 이동가능 거점":60,
            "1시간내 이동가능 거점":100,
            "교통총점":63.0,
            "백화점":100,
            "아울렛몰":0,
            "대형마트":100,
            "은행":100,
            "병원":80,
            "종합병원":100,
            "공원":100,
            "혐오시설":0,
            "인프라총점":86.0,
            "초등학군":99.34,
            "중학군":58.68,
            "학군총점":66.812,
            "인구수":52.04,
            "인구증감":-10.48,
            "인구총점":33.284,
            "일자리":14.8,
            "소득수준":58.01,
            "일자리총점":27.763,
            "가치 총점":67.1718,
            "매매실거래년":20151124.0,
            "매매실거래가":82000.0,
            "전세실거래년":20110715.0,
            "전세실거래가":3000.0,
            "전세가율":7.81,
            "장기전세가율평균":60.67,
            "전세가율거품지수":52.86,
            "검색코드":22151,
            "세대수":321.0,
            "준공년월":"2000-04-25",
            "준공년차":23.0,
            "가까운역이름":"오목교",
            "가까운역거리":862.26,
            "역세권여부":"준역세권",
            "30분이내주요거점역":3,
            "1시간이내주요거점역":14,
            "3km이내백화점수":3,
            "5km이내아울렛몰수":0,
            "1km이내대형먀트수":3,
            "500m이내은행수":8,
            "500m이내병원수":38,
            "5km이내대형병원수":12,
            "500m이내공원수":3,
            "3km이내혐오시설수":0,
            "초등학교학업성취도":99.34,
            "중학교학업성취도":95.0,
            "용적률":1053,
            "건폐율":61,
            "Y":37.532157,
            "X":126.876695,
            "rank":41.0,
            "area_info":"26평(87.14), 38평(128.42), 38평(128.42), 40평(133.97), 42평(140.15), 46평(153.75), 50평(166.66), 51평(169.48), 55평(184.76), 56평(185.39), 56평(185.73), 56평(185.65), 56평(185.78), 56평(186.64), 56평(186.16), 56평(188.25), 57평(189.31), 57평(189.63), 57평(189.97), 57평(190.37), 57평(190.61), 57평(190.08), 58평(192.88), 60평(200.22), 60평(200.08), 60평(201.58), 61평(202.06), 63평(208.75), 63평(208.4), 72평(239.26), 78평(259.09), 80평(265.93), 82평(271.69)",
            "last_sales":"2015-11-24,82000.0,80평(265.93)"
        },
        {
            "index":613,
            "아파트명":"롯데캐슬",
            "투자타입":"일반",
            "전용면적(m2)":"75.19",
            "전용면적(평)":"22평",
            "법정동주소":"서울시 양천구 신정동 1309",
            "도로명주소":"서울시 양천구 신목로12길 22",
            "세대수":0,
            "입주년차":40,
            "용적률점수":"--",
            "건폐율점수":"--",
            "세대당주차수":80,
            "난방방식":100,
            "공급면적":"--",
            "전용률":"--",
            "욕실수":100,
            "현관타입":100,
            "주거총점":50.0,
            "지역구공급총점":100.0,
            "역세권":50,
            "30분내 이동가능 거점":60,
            "1시간내 이동가능 거점":100,
            "교통총점":63.0,
            "백화점":100,
            "아울렛몰":100,
            "대형마트":80,
            "은행":20,
            "병원":80,
            "종합병원":100,
            "공원":100,
            "혐오시설":0,
            "인프라총점":85.0,
            "초등학군":100.0,
            "중학군":53.62,
            "학군총점":62.896,
            "인구수":52.04,
            "인구증감":-10.48,
            "인구총점":33.284,
            "일자리":14.8,
            "소득수준":58.01,
            "일자리총점":27.763,
            "가치 총점":66.9844,
            "매매실거래년":20210904.0,
            "매매실거래가":189000.0,
            "전세실거래년":20201119.0,
            "전세실거래가":45000.0,
            "전세가율":67.16,
            "장기전세가율평균":60.67,
            "전세가율거품지수":-6.49,
            "검색코드":10498,
            "세대수":230.0,
            "준공년월":"2004-11-30",
            "준공년차":19.0,
            "가까운역이름":"오목교",
            "가까운역거리":513.31,
            "역세권여부":"준역세권",
            "30분이내주요거점역":3,
            "1시간이내주요거점역":13,
            "3km이내백화점수":4,
            "5km이내아울렛몰수":2,
            "1km이내대형먀트수":1,
            "500m이내은행수":2,
            "500m이내병원수":40,
            "5km이내대형병원수":13,
            "500m이내공원수":3,
            "3km이내혐오시설수":0,
            "초등학교학업성취도":100.0,
            "중학교학업성취도":87.1,
            "용적률":257,
            "건폐율":25,
            "Y":37.519886,
            "X":126.874876,
            "rank":42.0,
            "area_info":"22평(75.19), 31평(103.77), 42평(140.83), 49평(162.48), 49평(163.43)",
            "last_sales":"2021-09-04,189000.0,49평(163.43)"
        },
        {
            "index":794,
            "아파트명":"신정대성유니드1차",
            "투자타입":"일반",
            "전용면적(m2)":"76.13",
            "전용면적(평)":"23평",
            "법정동주소":"서울시 양천구 신정동 1198-23",
            "도로명주소":"서울시 양천구 중앙로29길 102",
            "세대수":0,
            "입주년차":40,
            "용적률점수":"--",
            "건폐율점수":"--",
            "세대당주차수":0,
            "난방방식":30,
            "공급면적":"--",
            "전용률":"--",
            "욕실수":100,
            "현관타입":100,
            "주거총점":31.0,
            "지역구공급총점":100.0,
            "역세권":80,
            "30분내 이동가능 거점":80,
            "1시간내 이동가능 거점":100,
            "교통총점":84.0,
            "백화점":100,
            "아울렛몰":0,
            "대형마트":80,
            "은행":70,
            "병원":80,
            "종합병원":100,
            "공원":100,
            "혐오시설":0,
            "인프라총점":80.0,
            "초등학군":84.74,
            "중학군":40.18,
            "학군총점":49.092,
            "인구수":52.04,
            "인구증감":-10.48,
            "인구총점":33.284,
            "일자리":14.8,
            "소득수준":58.01,
            "일자리총점":27.763,
            "가치 총점":66.9638,
            "매매실거래년":20211009.0,
            "매매실거래가":79000.0,
            "전세실거래년":20211016.0,
            "전세실거래가":25000.0,
            "전세가율":42.37,
            "장기전세가율평균":60.67,
            "전세가율거품지수":18.3,
            "검색코드":19441,
            "세대수":111.0,
            "준공년월":"2004-04-21",
            "준공년차":19.0,
            "가까운역이름":"신정네거리",
            "가까운역거리":316.41,
            "역세권여부":"역세권",
            "30분이내주요거점역":4,
            "1시간이내주요거점역":15,
            "3km이내백화점수":1,
            "5km이내아울렛몰수":0,
            "1km이내대형먀트수":1,
            "500m이내은행수":3,
            "500m이내병원수":51,
            "5km이내대형병원수":10,
            "500m이내공원수":4,
            "3km이내혐오시설수":0,
            "초등학교학업성취도":84.74,
            "중학교학업성취도":66.5,
            "용적률":235,
            "건폐율":27,
            "Y":37.52064,
            "X":126.849396,
            "rank":43.0,
            "area_info":"23평(76.13), 24평(80.97), 26평(88.47), 31평(105.08)",
            "last_sales":"2021-10-09,79000.0,31평(105.08)"
        },
        {
            "index":275,
            "아파트명":"목동한신청구",
            "투자타입":"일반",
            "전용면적(m2)":"103.22",
            "전용면적(평)":"31평",
            "법정동주소":"서울시 양천구 목동 929",
            "도로명주소":"서울시 양천구 목동서로2길 22",
            "세대수":100,
            "입주년차":0,
            "용적률점수":"--",
            "건폐율점수":"--",
            "세대당주차수":0,
            "난방방식":100,
            "공급면적":"--",
            "전용률":"--",
            "욕실수":100,
            "현관타입":100,
            "주거총점":65.0,
            "지역구공급총점":100.0,
            "역세권":80,
            "30분내 이동가능 거점":60,
            "1시간내 이동가능 거점":100,
            "교통총점":78.0,
            "백화점":100,
            "아울렛몰":0,
            "대형마트":0,
            "은행":0,
            "병원":30,
            "종합병원":100,
            "공원":80,
            "혐오시설":-50,
            "인프라총점":54.4,
            "초등학군":100.0,
            "중학군":58.8,
            "학군총점":67.04,
            "인구수":52.04,
            "인구증감":-10.48,
            "인구총점":33.284,
            "일자리":14.8,
            "소득수준":58.01,
            "일자리총점":27.763,
            "가치 총점":66.676,
            "매매실거래년":20211024.0,
            "매매실거래가":165000.0,
            "전세실거래년":20220115.0,
            "전세실거래가":71400.0,
            "전세가율":43.27,
            "장기전세가율평균":60.67,
            "전세가율거품지수":17.4,
            "검색코드":661,
            "세대수":1512.0,
            "준공년월":"1997-12-08",
            "준공년차":26.0,
            "가까운역이름":"신목동",
            "가까운역거리":318.08,
            "역세권여부":"역세권",
            "30분이내주요거점역":3,
            "1시간이내주요거점역":13,
            "3km이내백화점수":1,
            "5km이내아울렛몰수":0,
            "1km이내대형먀트수":0,
            "500m이내은행수":0,
            "500m이내병원수":6,
            "5km이내대형병원수":9,
            "500m이내공원수":1,
            "3km이내혐오시설수":1,
            "초등학교학업성취도":100.0,
            "중학교학업성취도":95.8,
            "용적률":233,
            "건폐율":21,
            "Y":37.541612,
            "X":126.881769,
            "rank":44.0,
            "area_info":"31평(103.22), 31평(103.23)",
            "last_sales":"2021-10-24,165000.0,31평(103.22)"
        },
        {
            "index":339,
            "아파트명":"어바니엘(도시형)",
            "투자타입":"일반",
            "전용면적(m2)":"24.19",
            "전용면적(평)":"7평",
            "법정동주소":"서울시 양천구 목동 514-18",
            "도로명주소":"서울시 양천구 공항대로 630",
            "세대수":0,
            "입주년차":80,
            "용적률점수":"--",
            "건폐율점수":"--",
            "세대당주차수":0,
            "난방방식":30,
            "공급면적":"--",
            "전용률":"--",
            "욕실수":50,
            "현관타입":100,
            "주거총점":34.0,
            "지역구공급총점":100.0,
            "역세권":100,
            "30분내 이동가능 거점":100,
            "1시간내 이동가능 거점":100,
            "교통총점":100.0,
            "백화점":100,
            "아울렛몰":0,
            "대형마트":0,
            "은행":0,
            "병원":60,
            "종합병원":100,
            "공원":80,
            "혐오시설":-50,
            "인프라총점":57.4,
            "초등학군":81.97,
            "중학군":42.3,
            "학군총점":50.234,
            "인구수":52.04,
            "인구증감":-10.48,
            "인구총점":33.284,
            "일자리":14.8,
            "소득수준":58.01,
            "일자리총점":27.763,
            "가치 총점":66.5551,
            "매매실거래년":"18000101",
            "매매실거래가":null,
            "전세실거래년":null,
            "전세실거래가":null,
            "전세가율":null,
            "장기전세가율평균":60.67,
            "전세가율거품지수":null,
            "검색코드":122147,
            "세대수":184.0,
            "준공년월":"2018-08-01",
            "준공년차":5.0,
            "가까운역이름":"염창",
            "가까운역거리":42.13,
            "역세권여부":"초역세권",
            "30분이내주요거점역":6,
            "1시간이내주요거점역":15,
            "3km이내백화점수":1,
            "5km이내아울렛몰수":0,
            "1km이내대형먀트수":0,
            "500m이내은행수":1,
            "500m이내병원수":18,
            "5km이내대형병원수":7,
            "500m이내공원수":1,
            "3km이내혐오시설수":1,
            "초등학교학업성취도":81.97,
            "중학교학업성취도":69.7,
            "용적률":399,
            "건폐율":59,
            "Y":37.546586,
            "X":126.874733,
            "rank":45.0,
            "area_info":"7평(24.19), 7평(24.96), 7평(24.28), 7평(25.4), 7평(25.49), 9평(30.76), 9평(30.75), 9평(31.29)",
            "last_sales":"1800-01-01,nan,7평(24.19)"
        },
        {
            "index":297,
            "아파트명":"부영그린타운2차",
            "투자타입":"일반",
            "전용면적(m2)":"97.22",
            "전용면적(평)":"29평",
            "법정동주소":"서울시 양천구 목동 908-28",
            "도로명주소":"서울시 양천구 목동동로 401",
            "세대수":0,
            "입주년차":20,
            "용적률점수":"--",
            "건폐율점수":"--",
            "세대당주차수":80,
            "난방방식":100,
            "공급면적":"--",
            "전용률":"--",
            "욕실수":50,
            "현관타입":100,
            "주거총점":41.0,
            "지역구공급총점":100.0,
            "역세권":50,
            "30분내 이동가능 거점":60,
            "1시간내 이동가능 거점":100,
            "교통총점":63.0,
            "백화점":100,
            "아울렛몰":0,
            "대형마트":100,
            "은행":100,
            "병원":80,
            "종합병원":100,
            "공원":100,
            "혐오시설":-50,
            "인프라총점":85.0,
            "초등학군":98.99,
            "중학군":58.8,
            "학군총점":66.838,
            "인구수":52.04,
            "인구증감":-10.48,
            "인구총점":33.284,
            "일자리":14.8,
            "소득수준":58.01,
            "일자리총점":27.763,
            "가치 총점":65.7757,
            "매매실거래년":20210820.0,
            "매매실거래가":130000.0,
            "전세실거래년":20211122.0,
            "전세실거래가":97000.0,
            "전세가율":74.62,
            "장기전세가율평균":60.67,
            "전세가율거품지수":-13.95,
            "검색코드":3767,
            "세대수":240.0,
            "준공년월":"2000-05-25",
            "준공년차":23.0,
            "가까운역이름":"신목동",
            "가까운역거리":889.6,
            "역세권여부":"준역세권",
            "30분이내주요거점역":3,
            "1시간이내주요거점역":15,
            "3km이내백화점수":2,
            "5km이내아울렛몰수":0,
            "1km이내대형먀트수":2,
            "500m이내은행수":6,
            "500m이내병원수":31,
            "5km이내대형병원수":11,
            "500m이내공원수":6,
            "3km이내혐오시설수":1,
            "초등학교학업성취도":98.99,
            "중학교학업성취도":95.8,
            "용적률":905,
            "건폐율":59,
            "Y":37.5364,
            "X":126.881315,
            "rank":46.0,
            "area_info":"29평(97.22), 33평(111.51), 40평(134.6), 43평(143.99), 45평(150.17), 45평(150.98), 50평(167.1), 52평(172.89), 53평(176.7), 54평(178.71), 55평(181.94), 55평(182.15), 57평(191.22), 58평(194.72), 60평(199.55), 63평(210.35), 64평(213.2), 72평(238.92), 76평(252.62)",
            "last_sales":"2021-08-20,130000.0,29평(97.22)"
        },
        {
            "index":618,
            "아파트명":"명지해드는터",
            "투자타입":"일반",
            "전용면적(m2)":"78.44",
            "전용면적(평)":"23평",
            "법정동주소":"서울시 양천구 신정동 1300",
            "도로명주소":"서울시 양천구 신목로 43",
            "세대수":0,
            "입주년차":20,
            "용적률점수":"--",
            "건폐율점수":"--",
            "세대당주차수":30,
            "난방방식":100,
            "공급면적":"--",
            "전용률":"--",
            "욕실수":100,
            "현관타입":100,
            "주거총점":38.5,
            "지역구공급총점":100.0,
            "역세권":50,
            "30분내 이동가능 거점":60,
            "1시간내 이동가능 거점":100,
            "교통총점":63.0,
            "백화점":100,
            "아울렛몰":100,
            "대형마트":80,
            "은행":70,
            "병원":60,
            "종합병원":100,
            "공원":100,
            "혐오시설":0,
            "인프라총점":88.0,
            "초등학군":100.0,
            "중학군":53.62,
            "학군총점":62.896,
            "인구수":52.04,
            "인구증감":-10.48,
            "인구총점":33.284,
            "일자리":14.8,
            "소득수준":58.01,
            "일자리총점":27.763,
            "가치 총점":65.5844,
            "매매실거래년":20201214.0,
            "매매실거래가":148160.0,
            "전세실거래년":20210608.0,
            "전세실거래가":47775.0,
            "전세가율":58.26,
            "장기전세가율평균":60.67,
            "전세가율거품지수":2.41,
            "검색코드":8722,
            "세대수":205.0,
            "준공년월":"2003-11-19",
            "준공년차":20.0,
            "가까운역이름":"오목교",
            "가까운역거리":683.77,
            "역세권여부":"준역세권",
            "30분이내주요거점역":3,
            "1시간이내주요거점역":12,
            "3km이내백화점수":3,
            "5km이내아울렛몰수":2,
            "1km이내대형먀트수":1,
            "500m이내은행수":3,
            "500m이내병원수":28,
            "5km이내대형병원수":13,
            "500m이내공원수":6,
            "3km이내혐오시설수":0,
            "초등학교학업성취도":100.0,
            "중학교학업성취도":87.1,
            "용적률":285,
            "건폐율":18,
            "Y":37.518711,
            "X":126.872552,
            "rank":47.0,
            "area_info":"23평(78.44), 32평(106.22), 32평(107.92), 32평(107.92), 32평(107.92), 43평(142.79)",
            "last_sales":"2020-12-14,148160.0,43평(142.79)"
        },
        {
            "index":624,
            "아파트명":"목동미르웰한올림(도시형)",
            "투자타입":"일반",
            "전용면적(m2)":"20.7",
            "전용면적(평)":"6평",
            "법정동주소":"서울시 양천구 신정동 972-2",
            "도로명주소":"서울시 양천구 중앙로 286",
            "세대수":0,
            "입주년차":80,
            "용적률점수":"--",
            "건폐율점수":"--",
            "세대당주차수":0,
            "난방방식":30,
            "공급면적":"--",
            "전용률":"--",
            "욕실수":50,
            "현관타입":10,
            "주거총점":25.0,
            "지역구공급총점":100.0,
            "역세권":80,
            "30분내 이동가능 거점":80,
            "1시간내 이동가능 거점":100,
            "교통총점":84.0,
            "백화점":100,
            "아울렛몰":0,
            "대형마트":80,
            "은행":70,
            "병원":80,
            "종합병원":100,
            "공원":100,
            "혐오시설":0,
            "인프라총점":80.0,
            "초등학군":81.18,
            "중학군":38.98,
            "학군총점":47.42,
            "인구수":52.04,
            "인구증감":-10.48,
            "인구총점":33.284,
            "일자리":14.8,
            "소득수준":58.01,
            "일자리총점":27.763,
            "가치 총점":65.513,
            "매매실거래년":20220114.0,
            "매매실거래가":16500.0,
            "전세실거래년":20211124.0,
            "전세실거래가":14000.0,
            "전세가율":84.85,
            "장기전세가율평균":60.67,
            "전세가율거품지수":-24.18,
            "검색코드":113872,
            "세대수":104.0,
            "준공년월":"2017-01-13",
            "준공년차":6.0,
            "가까운역이름":"신정네거리",
            "가까운역거리":197.27,
            "역세권여부":"역세권",
            "30분이내주요거점역":4,
            "1시간이내주요거점역":13,
            "3km이내백화점수":1,
            "5km이내아울렛몰수":0,
            "1km이내대형먀트수":1,
            "500m이내은행수":3,
            "500m이내병원수":54,
            "5km이내대형병원수":10,
            "500m이내공원수":5,
            "3km이내혐오시설수":0,
            "초등학교학업성취도":81.18,
            "중학교학업성취도":64.1,
            "용적률":404,
            "건폐율":50,
            "Y":37.521815,
            "X":126.852482,
            "rank":48.0,
            "area_info":"6평(20.7)",
            "last_sales":"2022-01-14,16500.0,6평(20.7)"
        },
        {
            "index":704,
            "아파트명":"목동우성2차",
            "투자타입":"일반",
            "전용면적(m2)":"106.16",
            "전용면적(평)":"32평",
            "법정동주소":"서울시 양천구 신정동 337",
            "도로명주소":"서울시 양천구 목동남로4길 6-23",
            "세대수":90,
            "입주년차":20,
            "용적률점수":"--",
            "건폐율점수":"--",
            "세대당주차수":30,
            "난방방식":100,
            "공급면적":"--",
            "전용률":"--",
            "욕실수":100,
            "현관타입":100,
            "주거총점":70.0,
            "지역구공급총점":100.0,
            "역세권":50,
            "30분내 이동가능 거점":60,
            "1시간내 이동가능 거점":100,
            "교통총점":63.0,
            "백화점":100,
            "아울렛몰":100,
            "대형마트":0,
            "은행":0,
            "병원":30,
            "종합병원":100,
            "공원":100,
            "혐오시설":0,
            "인프라총점":66.0,
            "초등학군":92.97,
            "중학군":57.22,
            "학군총점":64.37,
            "인구수":52.04,
            "인구증감":-10.48,
            "인구총점":33.284,
            "일자리":14.8,
            "소득수준":58.01,
            "일자리총점":27.763,
            "가치 총점":65.5055,
            "매매실거래년":20210927.0,
            "매매실거래가":122000.0,
            "전세실거래년":20220110.0,
            "전세실거래가":50000.0,
            "전세가율":40.98,
            "장기전세가율평균":60.67,
            "전세가율거품지수":19.69,
            "검색코드":8742,
            "세대수":1140.0,
            "준공년월":"2000-03-18",
            "준공년차":23.0,
            "가까운역이름":"양천구청",
            "가까운역거리":551.17,
            "역세권여부":"준역세권",
            "30분이내주요거점역":3,
            "1시간이내주요거점역":14,
            "3km이내백화점수":2,
            "5km이내아울렛몰수":2,
            "1km이내대형먀트수":0,
            "500m이내은행수":0,
            "500m이내병원수":5,
            "5km이내대형병원수":11,
            "500m이내공원수":2,
            "3km이내혐오시설수":0,
            "초등학교학업성취도":92.97,
            "중학교학업성취도":94.1,
            "용적률":286,
            "건폐율":23,
            "Y":37.507451,
            "X":126.865426,
            "rank":49.0,
            "area_info":"32평(106.16), 42평(139.23)",
            "last_sales":"2021-09-27,122000.0,32평(106.16)"
        },
        {
            "index":592,
            "아파트명":"대림아크로빌",
            "투자타입":"일반",
            "전용면적(m2)":"128.8",
            "전용면적(평)":"38평",
            "법정동주소":"서울시 양천구 신정동 324-7",
            "도로명주소":"서울시 양천구 목동서로 401",
            "세대수":0,
            "입주년차":20,
            "용적률점수":"--",
            "건폐율점수":"--",
            "세대당주차수":60,
            "난방방식":100,
            "공급면적":"--",
            "전용률":"--",
            "욕실수":100,
            "현관타입":50,
            "주거총점":38.0,
            "지역구공급총점":100.0,
            "역세권":50,
            "30분내 이동가능 거점":60,
            "1시간내 이동가능 거점":100,
            "교통총점":63.0,
            "백화점":100,
            "아울렛몰":100,
            "대형마트":80,
            "은행":70,
            "병원":60,
            "종합병원":100,
            "공원":100,
            "혐오시설":0,
            "인프라총점":88.0,
            "초등학군":98.98,
            "중학군":53.64,
            "학군총점":62.708,
            "인구수":52.04,
            "인구증감":-10.48,
            "인구총점":33.284,
            "일자리":14.8,
            "소득수준":58.01,
            "일자리총점":27.763,
            "가치 총점":65.4562,
            "매매실거래년":20210827.0,
            "매매실거래가":175000.0,
            "전세실거래년":20210419.0,
            "전세실거래가":77000.0,
            "전세가율":55.0,
            "장기전세가율평균":60.67,
            "전세가율거품지수":5.67,
            "검색코드":12994,
            "세대수":244.0,
            "준공년월":"2003-02-27",
            "준공년차":20.0,
            "가까운역이름":"양천구청",
            "가까운역거리":622.45,
            "역세권여부":"준역세권",
            "30분이내주요거점역":3,
            "1시간이내주요거점역":12,
            "3km이내백화점수":2,
            "5km이내아울렛몰수":2,
            "1km이내대형먀트수":1,
            "500m이내은행수":3,
            "500m이내병원수":24,
            "5km이내대형병원수":14,
            "500m이내공원수":5,
            "3km이내혐오시설수":0,
            "초등학교학업성취도":98.98,
            "중학교학업성취도":85.8,
            "용적률":0,
            "건폐율":0,
            "Y":37.515444,
            "X":126.859898,
            "rank":50.0,
            "area_info":"38평(128.8), 56평(188.22), 56평(188.04), 60평(198.44), 60평(198.42)",
            "last_sales":"2021-08-27,175000.0,60평(198.44)"
        },
        {
            "index":862,
            "아파트명":"쌍용",
            "투자타입":"재건축",
            "전용면적(m2)":"99.94",
            "전용면적(평)":"30평",
            "법정동주소":"서울시 양천구 신정동 334",
            "도로명주소":"서울시 양천구 신목로 9",
            "세대수":0,
            "입주년차":"--",
            "용적률점수":20,
            "건폐율점수":80,
            "세대당주차수":"--",
            "난방방식":"--",
            "공급면적":90,
            "전용률":80,
            "욕실수":"--",
            "현관타입":"--",
            "주거총점":32.5,
            "지역구공급총점":100.0,
            "역세권":50,
            "30분내 이동가능 거점":80,
            "1시간내 이동가능 거점":100,
            "교통총점":69.0,
            "백화점":100,
            "아울렛몰":100,
            "대형마트":80,
            "은행":0,
            "병원":60,
            "종합병원":100,
            "공원":100,
            "혐오시설":0,
            "인프라총점":81.0,
            "초등학군":100.0,
            "중학군":57.74,
            "학군총점":66.192,
            "인구수":52.04,
            "인구증감":-10.48,
            "인구총점":33.284,
            "일자리":14.8,
            "소득수준":58.01,
            "일자리총점":27.763,
            "가치 총점":64.8788,
            "매매실거래년":20210717.0,
            "매매실거래가":117300.0,
            "전세실거래년":20220115.0,
            "전세실거래가":47250.0,
            "전세가율":40.28,
            "장기전세가율평균":60.67,
            "전세가율거품지수":20.39,
            "검색코드":673,
            "세대수":270.0,
            "준공년월":"1992-11-25",
            "준공년차":31.0,
            "가까운역이름":"도림천",
            "가까운역거리":729.21,
            "역세권여부":"준역세권",
            "30분이내주요거점역":4,
            "1시간이내주요거점역":14,
            "3km이내백화점수":4,
            "5km이내아울렛몰수":2,
            "1km이내대형먀트수":1,
            "500m이내은행수":1,
            "500m이내병원수":16,
            "5km이내대형병원수":13,
            "500m이내공원수":3,
            "3km이내혐오시설수":0,
            "초등학교학업성취도":100.0,
            "중학교학업성취도":93.3,
            "용적률":255,
            "건폐율":22,
            "Y":37.517432,
            "X":126.875513,
            "rank":51.0,
            "area_info":"30평(99.94), 30평(99.94)",
            "last_sales":"2021-07-17,117300.0,30평(99.94)"
        },
        {
            "index":54,
            "아파트명":"목동롯데캐슬마에스트로",
            "투자타입":"일반",
            "전용면적(m2)":"82.95",
            "전용면적(평)":"25평",
            "법정동주소":"서울시 양천구 목동 965",
            "도로명주소":"서울시 양천구 목동중앙북로8길 71",
            "세대수":50,
            "입주년차":100,
            "용적률점수":"--",
            "건폐율점수":"--",
            "세대당주차수":30,
            "난방방식":100,
            "공급면적":"--",
            "전용률":"--",
            "욕실수":100,
            "현관타입":100,
            "주거총점":72.0,
            "지역구공급총점":100.0,
            "역세권":50,
            "30분내 이동가능 거점":60,
            "1시간내 이동가능 거점":100,
            "교통총점":63.0,
            "백화점":100,
            "아울렛몰":0,
            "대형마트":0,
            "은행":70,
            "병원":80,
            "종합병원":100,
            "공원":100,
            "혐오시설":0,
            "인프라총점":68.0,
            "초등학군":86.95,
            "중학군":42.3,
            "학군총점":51.23,
            "인구수":52.04,
            "인구증감":-10.48,
            "인구총점":33.284,
            "일자리":14.8,
            "소득수준":58.01,
            "일자리총점":27.763,
            "가치 총점":64.5345,
            "매매실거래년":20200705.0,
            "매매실거래가":134000.0,
            "전세실거래년":null,
            "전세실거래가":null,
            "전세가율":null,
            "장기전세가율평균":60.67,
            "전세가율거품지수":null,
            "검색코드":113008,
            "세대수":410.0,
            "준공년월":"2019-04-23",
            "준공년차":4.0,
            "가까운역이름":"등촌",
            "가까운역거리":561.59,
            "역세권여부":"준역세권",
            "30분이내주요거점역":3,
            "1시간이내주요거점역":12,
            "3km이내백화점수":1,
            "5km이내아울렛몰수":0,
            "1km이내대형먀트수":0,
            "500m이내은행수":3,
            "500m이내병원수":44,
            "5km이내대형병원수":8,
            "500m이내공원수":5,
            "3km이내혐오시설수":0,
            "초등학교학업성취도":86.95,
            "중학교학업성취도":69.7,
            "용적률":217,
            "건폐율":27,
            "Y":37.545585,
            "X":126.865927,
            "rank":52.0,
            "area_info":"25평(82.95), 25평(83.32), 30평(101.4), 30평(101.17), 32평(108.36), 38평(128.03)",
            "last_sales":"2020-07-05,134000.0,38평(128.03)"
        },
        {
            "index":873,
            "아파트명":"청구",
            "투자타입":"재건축",
            "전용면적(m2)":"105.9",
            "전용면적(평)":"32평",
            "법정동주소":"서울시 양천구 신정동 336",
            "도로명주소":"서울시 양천구 신목로2길 11",
            "세대수":0,
            "입주년차":"--",
            "용적률점수":20,
            "건폐율점수":60,
            "세대당주차수":"--",
            "난방방식":"--",
            "공급면적":90,
            "전용률":80,
            "욕실수":"--",
            "현관타입":"--",
            "주거총점":28.5,
            "지역구공급총점":100.0,
            "역세권":50,
            "30분내 이동가능 거점":80,
            "1시간내 이동가능 거점":100,
            "교통총점":69.0,
            "백화점":100,
            "아울렛몰":100,
            "대형마트":80,
            "은행":0,
            "병원":80,
            "종합병원":100,
            "공원":100,
            "혐오시설":0,
            "인프라총점":83.0,
            "초등학군":100.0,
            "중학군":53.62,
            "학군총점":62.896,
            "인구수":52.04,
            "인구증감":-10.48,
            "인구총점":33.284,
            "일자리":14.8,
            "소득수준":58.01,
            "일자리총점":27.763,
            "가치 총점":64.1844,
            "매매실거래년":20211112.0,
            "매매실거래가":120000.0,
            "전세실거래년":20220115.0,
            "전세실거래가":72000.0,
            "전세가율":60.0,
            "장기전세가율평균":60.67,
            "전세가율거품지수":0.67,
            "검색코드":962,
            "세대수":279.0,
            "준공년월":"1992-10-06",
            "준공년차":31.0,
            "가까운역이름":"오목교",
            "가까운역거리":596.37,
            "역세권여부":"준역세권",
            "30분이내주요거점역":4,
            "1시간이내주요거점역":12,
            "3km이내백화점수":4,
            "5km이내아울렛몰수":2,
            "1km이내대형먀트수":1,
            "500m이내은행수":1,
            "500m이내병원수":33,
            "5km이내대형병원수":12,
            "500m이내공원수":3,
            "3km이내혐오시설수":0,
            "초등학교학업성취도":100.0,
            "중학교학업성취도":87.1,
            "용적률":291,
            "건폐율":30,
            "Y":37.519146,
            "X":126.875657,
            "rank":53.0,
            "area_info":"32평(105.9), 32평(105.84)",
            "last_sales":"2021-11-12,120000.0,32평(105.9)"
        },
        {
            "index":468,
            "아파트명":"신안약수",
            "투자타입":"재건축",
            "전용면적(m2)":"82.53",
            "전용면적(평)":"24평",
            "법정동주소":"서울시 양천구 신월동 591-1",
            "도로명주소":"서울시 양천구 중앙로29길 55",
            "세대수":50,
            "입주년차":"--",
            "용적률점수":80,
            "건폐율점수":100,
            "세대당주차수":"--",
            "난방방식":"--",
            "공급면적":70,
            "전용률":80,
            "욕실수":"--",
            "현관타입":"--",
            "주거총점":74.5,
            "지역구공급총점":100.0,
            "역세권":50,
            "30분내 이동가능 거점":40,
            "1시간내 이동가능 거점":100,
            "교통총점":57.0,
            "백화점":100,
            "아울렛몰":0,
            "대형마트":80,
            "은행":0,
            "병원":60,
            "종합병원":100,
            "공원":100,
            "혐오시설":0,
            "인프라총점":71.0,
            "초등학군":100.0,
            "중학군":40.18,
            "학군총점":52.144,
            "인구수":52.04,
            "인구증감":-10.48,
            "인구총점":33.284,
            "일자리":14.8,
            "소득수준":58.01,
            "일자리총점":27.763,
            "가치 총점":63.9716,
            "매매실거래년":20210809.0,
            "매매실거래가":65000.0,
            "전세실거래년":20211122.0,
            "전세실거래가":38000.0,
            "전세가율":58.46,
            "장기전세가율평균":60.67,
            "전세가율거품지수":2.21,
            "검색코드":3777,
            "세대수":440.0,
            "준공년월":"1986-07-03",
            "준공년차":37.0,
            "가까운역이름":"신정네거리",
            "가까운역거리":621.55,
            "역세권여부":"준역세권",
            "30분이내주요거점역":2,
            "1시간이내주요거점역":11,
            "3km이내백화점수":1,
            "5km이내아울렛몰수":0,
            "1km이내대형먀트수":1,
            "500m이내은행수":1,
            "500m이내병원수":13,
            "5km이내대형병원수":10,
            "500m이내공원수":2,
            "3km이내혐오시설수":0,
            "초등학교학업성취도":100.0,
            "중학교학업성취도":66.5,
            "용적률":164,
            "건폐율":17,
            "Y":37.516487,
            "X":126.847507,
            "rank":54.0,
            "area_info":"24평(82.53), 25평(83.06), 30평(100.18), 31평(104.42)",
            "last_sales":"2021-08-09,65000.0,24평(82.53)"
        },
        {
            "index":199,
            "아파트명":"목동신한(신한이모르젠)",
            "투자타입":"일반",
            "전용면적(m2)":"65.05",
            "전용면적(평)":"19평",
            "법정동주소":"서울시 양천구 목동 960",
            "도로명주소":"서울시 양천구 목동중앙북로 7",
            "세대수":0,
            "입주년차":40,
            "용적률점수":"--",
            "건폐율점수":"--",
            "세대당주차수":80,
            "난방방식":30,
            "공급면적":"--",
            "전용률":"--",
            "욕실수":50,
            "현관타입":100,
            "주거총점":38.0,
            "지역구공급총점":100.0,
            "역세권":80,
            "30분내 이동가능 거점":60,
            "1시간내 이동가능 거점":100,
            "교통총점":78.0,
            "백화점":100,
            "아울렛몰":0,
            "대형마트":0,
            "은행":100,
            "병원":80,
            "종합병원":100,
            "공원":100,
            "혐오시설":0,
            "인프라총점":71.0,
            "초등학군":83.86,
            "중학군":42.3,
            "학군총점":50.612,
            "인구수":52.04,
            "인구증감":-10.48,
            "인구총점":33.284,
            "일자리":14.8,
            "소득수준":58.01,
            "일자리총점":27.763,
            "가치 총점":63.7918,
            "매매실거래년":20200813.0,
            "매매실거래가":70000.0,
            "전세실거래년":null,
            "전세실거래가":null,
            "전세가율":null,
            "장기전세가율평균":60.67,
            "전세가율거품지수":null,
            "검색코드":17256,
            "세대수":104.0,
            "준공년월":"2006-02-03",
            "준공년차":17.0,
            "가까운역이름":"등촌",
            "가까운역거리":234.66,
            "역세권여부":"역세권",
            "30분이내주요거점역":3,
            "1시간이내주요거점역":13,
            "3km이내백화점수":1,
            "5km이내아울렛몰수":0,
            "1km이내대형먀트수":0,
            "500m이내은행수":6,
            "500m이내병원수":42,
            "5km이내대형병원수":8,
            "500m이내공원수":3,
            "3km이내혐오시설수":0,
            "초등학교학업성취도":83.86,
            "중학교학업성취도":69.7,
            "용적률":434,
            "건폐율":59,
            "Y":37.548799,
            "X":126.86437,
            "rank":55.0,
            "area_info":"19평(65.05), 19평(65.17), 29평(98.31), 31평(105.7), 32평(105.89), 31평(105.57), 34평(113.02), 42평(140.29)",
            "last_sales":"2020-08-13,70000.0,31평(105.7)"
        },
        {
            "index":212,
            "아파트명":"목동에버하임(도시형)",
            "투자타입":"일반",
            "전용면적(m2)":"36.95",
            "전용면적(평)":"11평",
            "법정동주소":"서울시 양천구 목동 966",
            "도로명주소":"서울시 양천구 목동중앙북로 68",
            "세대수":0,
            "입주년차":100,
            "용적률점수":"--",
            "건폐율점수":"--",
            "세대당주차수":0,
            "난방방식":30,
            "공급면적":"--",
            "전용률":"--",
            "욕실수":50,
            "현관타입":100,
            "주거총점":38.0,
            "지역구공급총점":100.0,
            "역세권":80,
            "30분내 이동가능 거점":80,
            "1시간내 이동가능 거점":100,
            "교통총점":84.0,
            "백화점":100,
            "아울렛몰":0,
            "대형마트":0,
            "은행":20,
            "병원":80,
            "종합병원":100,
            "공원":100,
            "혐오시설":0,
            "인프라총점":63.0,
            "초등학군":81.97,
            "중학군":42.3,
            "학군총점":50.234,
            "인구수":52.04,
            "인구증감":-10.48,
            "인구총점":33.284,
            "일자리":14.8,
            "소득수준":58.01,
            "일자리총점":27.763,
            "가치 총점":63.4351,
            "매매실거래년":20211118.0,
            "매매실거래가":41000.0,
            "전세실거래년":20210429.0,
            "전세실거래가":21000.0,
            "전세가율":80.77,
            "장기전세가율평균":60.67,
            "전세가율거품지수":-20.1,
            "검색코드":131246,
            "세대수":117.0,
            "준공년월":"2019-11-22",
            "준공년차":4.0,
            "가까운역이름":"염창",
            "가까운역거리":374.15,
            "역세권여부":"역세권",
            "30분이내주요거점역":4,
            "1시간이내주요거점역":14,
            "3km이내백화점수":1,
            "5km이내아울렛몰수":0,
            "1km이내대형먀트수":0,
            "500m이내은행수":2,
            "500m이내병원수":41,
            "5km이내대형병원수":7,
            "500m이내공원수":2,
            "3km이내혐오시설수":0,
            "초등학교학업성취도":81.97,
            "중학교학업성취도":69.7,
            "용적률":385,
            "건폐율":63,
            "Y":37.546587,
            "X":126.870695,
            "rank":56.0,
            "area_info":"11평(36.95), 16평(56.11), 18평(59.96), 17평(59.3)",
            "last_sales":"2021-11-18,41000.0,18평(59.96)"
        },
        {
            "index":845,
            "아파트명":"신트리1단지",
            "투자타입":"일반",
            "전용면적(m2)":"68.51",
            "전용면적(평)":"20평",
            "법정동주소":"서울시 양천구 신정동 1259",
            "도로명주소":"서울시 양천구 신정로 293",
            "세대수":90,
            "입주년차":20,
            "용적률점수":"--",
            "건폐율점수":"--",
            "세대당주차수":0,
            "난방방식":100,
            "공급면적":"--",
            "전용률":"--",
            "욕실수":50,
            "현관타입":10,
            "주거총점":51.5,
            "지역구공급총점":100.0,
            "역세권":50,
            "30분내 이동가능 거점":40,
            "1시간내 이동가능 거점":100,
            "교통총점":57.0,
            "백화점":100,
            "아울렛몰":80,
            "대형마트":80,
            "은행":0,
            "병원":60,
            "종합병원":100,
            "공원":100,
            "혐오시설":0,
            "인프라총점":79.0,
            "초등학군":88.49,
            "중학군":53.64,
            "학군총점":60.61,
            "인구수":52.04,
            "인구증감":-10.48,
            "인구총점":33.284,
            "일자리":14.8,
            "소득수준":58.01,
            "일자리총점":27.763,
            "가치 총점":63.0415,
            "매매실거래년":20210815.0,
            "매매실거래가":87000.0,
            "전세실거래년":20201119.0,
            "전세실거래가":25000.0,
            "전세가율":44.64,
            "장기전세가율평균":60.67,
            "전세가율거품지수":16.03,
            "검색코드":672,
            "세대수":997.0,
            "준공년월":"1999-05-21",
            "준공년차":24.0,
            "가까운역이름":"신정네거리",
            "가까운역거리":685.82,
            "역세권여부":"준역세권",
            "30분이내주요거점역":2,
            "1시간이내주요거점역":11,
            "3km이내백화점수":1,
            "5km이내아울렛몰수":1,
            "1km이내대형먀트수":1,
            "500m이내은행수":0,
            "500m이내병원수":11,
            "5km이내대형병원수":12,
            "500m이내공원수":3,
            "3km이내혐오시설수":0,
            "초등학교학업성취도":88.49,
            "중학교학업성취도":85.8,
            "용적률":287,
            "건폐율":25,
            "Y":37.514022,
            "X":126.854411,
            "rank":57.0,
            "area_info":"20평(68.51), 21평(69.43), 21평(69.64), 25평(82.85), 24평(82.24), 25평(83.28)",
            "last_sales":"2021-08-15,87000.0,25평(83.28)"
        },
        {
            "index":786,
            "아파트명":"세양청마루",
            "투자타입":"일반",
            "전용면적(m2)":"77.34",
            "전용면적(평)":"23평",
            "법정동주소":"서울시 양천구 신정동 1306",
            "도로명주소":"서울시 양천구 목동남로2길 60-30",
            "세대수":30,
            "입주년차":40,
            "용적률점수":"--",
            "건폐율점수":"--",
            "세대당주차수":30,
            "난방방식":30,
            "공급면적":"--",
            "전용률":"--",
            "욕실수":100,
            "현관타입":100,
            "주거총점":46.0,
            "지역구공급총점":100.0,
            "역세권":50,
            "30분내 이동가능 거점":80,
            "1시간내 이동가능 거점":100,
            "교통총점":69.0,
            "백화점":100,
            "아울렛몰":100,
            "대형마트":0,
            "은행":0,
            "병원":30,
            "종합병원":100,
            "공원":100,
            "혐오시설":0,
            "인프라총점":66.0,
            "초등학군":96.69,
            "중학군":57.22,
            "학군총점":65.114,
            "인구수":52.04,
            "인구증감":-10.48,
            "인구총점":33.284,
            "일자리":14.8,
            "소득수준":58.01,
            "일자리총점":27.763,
            "가치 총점":62.9171,
            "매매실거래년":20211119.0,
            "매매실거래가":110000.0,
            "전세실거래년":20211217.0,
            "전세실거래가":55000.0,
            "전세가율":67.07,
            "장기전세가율평균":60.67,
            "전세가율거품지수":-6.4,
            "검색코드":12021,
            "세대수":326.0,
            "준공년월":"2006-07-12",
            "준공년차":17.0,
            "가까운역이름":"양천구청",
            "가까운역거리":610.92,
            "역세권여부":"준역세권",
            "30분이내주요거점역":4,
            "1시간이내주요거점역":13,
            "3km이내백화점수":2,
            "5km이내아울렛몰수":2,
            "1km이내대형먀트수":0,
            "500m이내은행수":1,
            "500m이내병원수":5,
            "5km이내대형병원수":11,
            "500m이내공원수":2,
            "3km이내혐오시설수":0,
            "초등학교학업성취도":96.69,
            "중학교학업성취도":94.1,
            "용적률":248,
            "건폐율":21,
            "Y":37.507173,
            "X":126.863678,
            "rank":58.0,
            "area_info":"23평(77.34), 32평(107.66)",
            "last_sales":"2021-11-19,110000.0,32평(107.66)"
        },
        {
            "index":625,
            "아파트명":"목동삼성",
            "투자타입":"일반",
            "전용면적(m2)":"107.82",
            "전용면적(평)":"32평",
            "법정동주소":"서울시 양천구 신정동 1278",
            "도로명주소":"서울시 양천구 신목로 7",
            "세대수":50,
            "입주년차":0,
            "용적률점수":"--",
            "건폐율점수":"--",
            "세대당주차수":30,
            "난방방식":100,
            "공급면적":"--",
            "전용률":"--",
            "욕실수":100,
            "현관타입":100,
            "주거총점":52.0,
            "지역구공급총점":100.0,
            "역세권":50,
            "30분내 이동가능 거점":60,
            "1시간내 이동가능 거점":100,
            "교통총점":63.0,
            "백화점":100,
            "아울렛몰":100,
            "대형마트":0,
            "은행":0,
            "병원":60,
            "종합병원":100,
            "공원":80,
            "혐오시설":0,
            "인프라총점":68.4,
            "초등학군":100.0,
            "중학군":57.74,
            "학군총점":66.192,
            "인구수":52.04,
            "인구증감":-10.48,
            "인구총점":33.284,
            "일자리":14.8,
            "소득수준":58.01,
            "일자리총점":27.763,
            "가치 총점":62.8988,
            "매매실거래년":20211204.0,
            "매매실거래가":137000.0,
            "전세실거래년":20220116.0,
            "전세실거래가":55600.0,
            "전세가율":40.58,
            "장기전세가율평균":60.67,
            "전세가율거품지수":20.09,
            "검색코드":670,
            "세대수":420.0,
            "준공년월":"1996-09-10",
            "준공년차":27.0,
            "가까운역이름":"도림천",
            "가까운역거리":580.01,
            "역세권여부":"준역세권",
            "30분이내주요거점역":3,
            "1시간이내주요거점역":12,
            "3km이내백화점수":4,
            "5km이내아울렛몰수":2,
            "1km이내대형먀트수":0,
            "500m이내은행수":1,
            "500m이내병원수":11,
            "5km이내대형병원수":13,
            "500m이내공원수":1,
            "3km이내혐오시설수":0,
            "초등학교학업성취도":100.0,
            "중학교학업성취도":93.3,
            "용적률":287,
            "건폐율":22,
            "Y":37.515964,
            "X":126.876541,
            "rank":59.0,
            "area_info":"32평(107.82), 42평(142.01)",
            "last_sales":"2021-12-04,137000.0,32평(107.82)"
        },
        {
            "index":393,
            "아파트명":"목동센트럴아이파크위브",
            "투자타입":"일반",
            "전용면적(m2)":"76.24",
            "전용면적(평)":"23평",
            "법정동주소":"서울시 양천구 신월동 1075",
            "도로명주소":"서울시 양천구 남부순환로83길 17",
            "세대수":100,
            "입주년차":100,
            "용적률점수":"--",
            "건폐율점수":"--",
            "세대당주차수":30,
            "난방방식":30,
            "공급면적":"--",
            "전용률":"--",
            "욕실수":50,
            "현관타입":100,
            "주거총점":77.5,
            "지역구공급총점":100.0,
            "역세권":50,
            "30분내 이동가능 거점":40,
            "1시간내 이동가능 거점":100,
            "교통총점":57.0,
            "백화점":100,
            "아울렛몰":0,
            "대형마트":0,
            "은행":20,
            "병원":60,
            "종합병원":100,
            "공원":100,
            "혐오시설":0,
            "인프라총점":61.0,
            "초등학군":100.0,
            "중학군":48.92,
            "학군총점":59.136,
            "인구수":52.04,
            "인구증감":-10.48,
            "인구총점":33.284,
            "일자리":14.8,
            "소득수준":58.01,
            "일자리총점":27.763,
            "가치 총점":62.6204,
            "매매실거래년":20170604.0,
            "매매실거래가":51218.0,
            "전세실거래년":null,
            "전세실거래가":null,
            "전세가율":null,
            "장기전세가율평균":60.67,
            "전세가율거품지수":null,
            "검색코드":117329,
            "세대수":3045.0,
            "준공년월":"2020-05-28",
            "준공년차":3.0,
            "가까운역이름":"신정네거리",
            "가까운역거리":904.94,
            "역세권여부":"준역세권",
            "30분이내주요거점역":2,
            "1시간이내주요거점역":10,
            "3km이내백화점수":1,
            "5km이내아울렛몰수":0,
            "1km이내대형먀트수":0,
            "500m이내은행수":2,
            "500m이내병원수":27,
            "5km이내대형병원수":9,
            "500m이내공원수":6,
            "3km이내혐오시설수":0,
            "초등학교학업성취도":100.0,
            "중학교학업성취도":79.4,
            "용적률":264,
            "건폐율":24,
            "Y":37.516804,
            "X":126.843516,
            "rank":60.0,
            "area_info":"23평(76.24), 23평(76.3), 23평(76.04), 23평(77.12), 23평(77.06), 23평(77.99), 25평(84.84), 25평(84.95), 25평(84.84), 25평(85.41), 25평(85.2), 25평(85.26), 25평(85.52), 25평(85.37), 30평(101.14), 33평(109.97), 33평(109.76), 33평(110.31), 33평(110.57), 33평(110.56), 33평(110.3), 33평(110.89), 33평(110.9), 33평(110.75), 33평(111.34), 33평(111.35), 33평(111.16), 33평(111.2), 33평(111.21), 39평(130.88)",
            "last_sales":"2017-06-04,51218.0,39평(130.88)"
        },
        {
            "index":44,
            "아파트명":"목동금호어울림",
            "투자타입":"일반",
            "전용면적(m2)":"106.79",
            "전용면적(평)":"32평",
            "법정동주소":"서울시 양천구 목동 951",
            "도로명주소":"서울시 양천구 목동중앙서로 37",
            "세대수":30,
            "입주년차":40,
            "용적률점수":"--",
            "건폐율점수":"--",
            "세대당주차수":60,
            "난방방식":100,
            "공급면적":"--",
            "전용률":"--",
            "욕실수":100,
            "현관타입":100,
            "주거총점":57.5,
            "지역구공급총점":100.0,
            "역세권":50,
            "30분내 이동가능 거점":20,
            "1시간내 이동가능 거점":100,
            "교통총점":51.0,
            "백화점":100,
            "아울렛몰":0,
            "대형마트":100,
            "은행":70,
            "병원":60,
            "종합병원":100,
            "공원":100,
            "혐오시설":0,
            "인프라총점":81.0,
            "초등학군":99.34,
            "중학군":49.4,
            "학군총점":59.388,
            "인구수":52.04,
            "인구증감":-10.48,
            "인구총점":33.284,
            "일자리":14.8,
            "소득수준":58.01,
            "일자리총점":27.763,
            "가치 총점":62.5582,
            "매매실거래년":20210516.0,
            "매매실거래가":143000.0,
            "전세실거래년":20211127.0,
            "전세실거래가":59000.0,
            "전세가율":43.7,
            "장기전세가율평균":60.67,
            "전세가율거품지수":16.97,
            "검색코드":11926,
            "세대수":371.0,
            "준공년월":"2004-11-24",
            "준공년차":19.0,
            "가까운역이름":"목동",
            "가까운역거리":936.15,
            "역세권여부":"준역세권",
            "30분이내주요거점역":1,
            "1시간이내주요거점역":10,
            "3km이내백화점수":1,
            "5km이내아울렛몰수":0,
            "1km이내대형먀트수":3,
            "500m이내은행수":3,
            "500m이내병원수":22,
            "5km이내대형병원수":10,
            "500m이내공원수":5,
            "3km이내혐오시설수":0,
            "초등학교학업성취도":99.34,
            "중학교학업성취도":81.0,
            "용적률":286,
            "건폐율":26,
            "Y":37.533928,
            "X":126.868725,
            "rank":61.0,
            "area_info":"32평(106.79), 32평(106.41), 38평(126.45), 44평(148.23), 49평(163.63)",
            "last_sales":"2021-05-16,143000.0,49평(163.63)"
        },
        {
            "index":435,
            "아파트명":"서울가든",
            "투자타입":"재건축",
            "전용면적(m2)":"93.7",
            "전용면적(평)":"28평",
            "법정동주소":"서울시 양천구 신월동 475",
            "도로명주소":"서울시 양천구 중앙로53길 5",
            "세대수":0,
            "입주년차":"--",
            "용적률점수":80,
            "건폐율점수":100,
            "세대당주차수":"--",
            "난방방식":"--",
            "공급면적":70,
            "전용률":80,
            "욕실수":"--",
            "현관타입":"--",
            "주거총점":59.5,
            "지역구공급총점":100.0,
            "역세권":50,
            "30분내 이동가능 거점":60,
            "1시간내 이동가능 거점":100,
            "교통총점":63.0,
            "백화점":100,
            "아울렛몰":0,
            "대형마트":80,
            "은행":0,
            "병원":60,
            "종합병원":100,
            "공원":100,
            "혐오시설":0,
            "인프라총점":71.0,
            "초등학군":84.74,
            "중학군":38.98,
            "학군총점":48.132,
            "인구수":52.04,
            "인구증감":-10.48,
            "인구총점":33.284,
            "일자리":14.8,
            "소득수준":58.01,
            "일자리총점":27.763,
            "가치 총점":62.4698,
            "매매실거래년":20210804.0,
            "매매실거래가":79000.0,
            "전세실거래년":20200617.0,
            "전세실거래가":32000.0,
            "전세가율":84.21,
            "장기전세가율평균":60.67,
            "전세가율거품지수":-23.54,
            "검색코드":9351,
            "세대수":200.0,
            "준공년월":"1985-05-29",
            "준공년차":38.0,
            "가까운역이름":"신정",
            "가까운역거리":658.77,
            "역세권여부":"준역세권",
            "30분이내주요거점역":3,
            "1시간이내주요거점역":11,
            "3km이내백화점수":1,
            "5km이내아울렛몰수":0,
            "1km이내대형먀트수":1,
            "500m이내은행수":0,
            "500m이내병원수":12,
            "5km이내대형병원수":10,
            "500m이내공원수":4,
            "3km이내혐오시설수":0,
            "초등학교학업성취도":84.74,
            "중학교학업성취도":64.1,
            "용적률":167,
            "건폐율":16,
            "Y":37.52529,
            "X":126.84873,
            "rank":62.0,
            "area_info":"28평(93.7), 30평(99.82), 35평(116.8)",
            "last_sales":"2021-08-04,79000.0,35평(116.8)"
        },
        {
            "index":900,
            "아파트명":"현대",
            "투자타입":"일반",
            "전용면적(m2)":"106.86",
            "전용면적(평)":"32평",
            "법정동주소":"서울시 양천구 신정동 1252",
            "도로명주소":"서울시 양천구 신목로 23",
            "세대수":0,
            "입주년차":0,
            "용적률점수":"--",
            "건폐율점수":"--",
            "세대당주차수":0,
            "난방방식":100,
            "공급면적":"--",
            "전용률":"--",
            "욕실수":100,
            "현관타입":100,
            "주거총점":30.0,
            "지역구공급총점":100.0,
            "역세권":50,
            "30분내 이동가능 거점":60,
            "1시간내 이동가능 거점":100,
            "교통총점":63.0,
            "백화점":100,
            "아울렛몰":100,
            "대형마트":80,
            "은행":0,
            "병원":60,
            "종합병원":100,
            "공원":100,
            "혐오시설":0,
            "인프라총점":81.0,
            "초등학군":100.0,
            "중학군":57.74,
            "학군총점":66.192,
            "인구수":52.04,
            "인구증감":-10.48,
            "인구총점":33.284,
            "일자리":14.8,
            "소득수준":58.01,
            "일자리총점":27.763,
            "가치 총점":62.2788,
            "매매실거래년":20211014.0,
            "매매실거래가":123000.0,
            "전세실거래년":null,
            "전세실거래가":null,
            "전세가율":null,
            "장기전세가율평균":60.67,
            "전세가율거품지수":null,
            "검색코드":10484,
            "세대수":217.0,
            "준공년월":"1995-07-31",
            "준공년차":28.0,
            "가까운역이름":"도림천",
            "가까운역거리":786.34,
            "역세권여부":"준역세권",
            "30분이내주요거점역":3,
            "1시간이내주요거점역":13,
            "3km이내백화점수":4,
            "5km이내아울렛몰수":2,
            "1km이내대형먀트수":1,
            "500m이내은행수":1,
            "500m이내병원수":16,
            "5km이내대형병원수":13,
            "500m이내공원수":4,
            "3km이내혐오시설수":0,
            "초등학교학업성취도":100.0,
            "중학교학업성취도":93.3,
            "용적률":318,
            "건폐율":22,
            "Y":37.517163,
            "X":126.874623,
            "rank":63.0,
            "area_info":"32평(106.86), 32평(107.56)",
            "last_sales":"2021-10-14,123000.0,32평(107.56)"
        },
        {
            "index":294,
            "아파트명":"목동효성",
            "투자타입":"일반",
            "전용면적(m2)":"112.53",
            "전용면적(평)":"34평",
            "법정동주소":"서울시 양천구 목동 539-4",
            "도로명주소":"서울시 양천구 목동중앙북로24길 65",
            "세대수":0,
            "입주년차":20,
            "용적률점수":"--",
            "건폐율점수":"--",
            "세대당주차수":60,
            "난방방식":30,
            "공급면적":"--",
            "전용률":"--",
            "욕실수":100,
            "현관타입":100,
            "주거총점":36.0,
            "지역구공급총점":100.0,
            "역세권":80,
            "30분내 이동가능 거점":80,
            "1시간내 이동가능 거점":100,
            "교통총점":84.0,
            "백화점":100,
            "아울렛몰":0,
            "대형마트":0,
            "은행":0,
            "병원":60,
            "종합병원":100,
            "공원":100,
            "혐오시설":-50,
            "인프라총점":58.0,
            "초등학군":81.97,
            "중학군":42.3,
            "학군총점":50.234,
            "인구수":52.04,
            "인구증감":-10.48,
            "인구총점":33.284,
            "일자리":14.8,
            "소득수준":58.01,
            "일자리총점":27.763,
            "가치 총점":61.5351,
            "매매실거래년":20210726.0,
            "매매실거래가":110000.0,
            "전세실거래년":20211106.0,
            "전세실거래가":49000.0,
            "전세가율":75.97,
            "장기전세가율평균":60.67,
            "전세가율거품지수":-15.3,
            "검색코드":3436,
            "세대수":121.0,
            "준공년월":"2003-01-10",
            "준공년차":20.0,
            "가까운역이름":"염창",
            "가까운역거리":356.57,
            "역세권여부":"역세권",
            "30분이내주요거점역":4,
            "1시간이내주요거점역":14,
            "3km이내백화점수":1,
            "5km이내아울렛몰수":0,
            "1km이내대형먀트수":0,
            "500m이내은행수":1,
            "500m이내병원수":12,
            "5km이내대형병원수":7,
            "500m이내공원수":2,
            "3km이내혐오시설수":1,
            "초등학교학업성취도":81.97,
            "중학교학업성취도":69.7,
            "용적률":0,
            "건폐율":0,
            "Y":37.544023,
            "X":126.876607,
            "rank":64.0,
            "area_info":"34평(112.53), 34평(113.45), 44평(146.82)",
            "last_sales":"2021-07-26,110000.0,44평(146.82)"
        },
        {
            "index":706,
            "아파트명":"목동우성3차",
            "투자타입":"일반",
            "전용면적(m2)":"91.74",
            "전용면적(평)":"27평",
            "법정동주소":"서울시 양천구 신정동 338",
            "도로명주소":"서울시 양천구 목동남로4길 20",
            "세대수":0,
            "입주년차":20,
            "용적률점수":"--",
            "건폐율점수":"--",
            "세대당주차수":30,
            "난방방식":100,
            "공급면적":"--",
            "전용률":"--",
            "욕실수":50,
            "현관타입":100,
            "주거총점":33.5,
            "지역구공급총점":100.0,
            "역세권":80,
            "30분내 이동가능 거점":40,
            "1시간내 이동가능 거점":100,
            "교통총점":72.0,
            "백화점":100,
            "아울렛몰":100,
            "대형마트":0,
            "은행":0,
            "병원":30,
            "종합병원":100,
            "공원":100,
            "혐오시설":0,
            "인프라총점":66.0,
            "초등학군":92.97,
            "중학군":57.22,
            "학군총점":64.37,
            "인구수":52.04,
            "인구증감":-10.48,
            "인구총점":33.284,
            "일자리":14.8,
            "소득수준":58.01,
            "일자리총점":27.763,
            "가치 총점":61.3555,
            "매매실거래년":20210827.0,
            "매매실거래가":85000.0,
            "전세실거래년":20210916.0,
            "전세실거래가":28000.0,
            "전세가율":32.94,
            "장기전세가율평균":60.67,
            "전세가율거품지수":27.73,
            "검색코드":1208,
            "세대수":142.0,
            "준공년월":"1999-07-31",
            "준공년차":24.0,
            "가까운역이름":"양천구청",
            "가까운역거리":452.71,
            "역세권여부":"역세권",
            "30분이내주요거점역":2,
            "1시간이내주요거점역":12,
            "3km이내백화점수":2,
            "5km이내아울렛몰수":2,
            "1km이내대형먀트수":0,
            "500m이내은행수":0,
            "500m이내병원수":5,
            "5km이내대형병원수":11,
            "500m이내공원수":2,
            "3km이내혐오시설수":0,
            "초등학교학업성취도":92.97,
            "중학교학업성취도":94.1,
            "용적률":0,
            "건폐율":0,
            "Y":37.508335,
            "X":126.865492,
            "rank":65.0,
            "area_info":"27평(91.74), 32평(108.67), 43평(144.08)",
            "last_sales":"2021-08-27,85000.0,27평(91.74)"
        },
        {
            "index":316,
            "아파트명":"부영그린타운3차",
            "투자타입":"일반",
            "전용면적(m2)":"99.25",
            "전용면적(평)":"30평",
            "법정동주소":"서울시 양천구 목동 908-34",
            "도로명주소":"서울시 양천구 목동동로 411",
            "세대수":0,
            "입주년차":20,
            "용적률점수":"--",
            "건폐율점수":"--",
            "세대당주차수":80,
            "난방방식":100,
            "공급면적":"--",
            "전용률":"--",
            "욕실수":50,
            "현관타입":100,
            "주거총점":41.0,
            "지역구공급총점":100.0,
            "역세권":50,
            "30분내 이동가능 거점":60,
            "1시간내 이동가능 거점":100,
            "교통총점":63.0,
            "백화점":100,
            "아울렛몰":0,
            "대형마트":0,
            "은행":100,
            "병원":80,
            "종합병원":100,
            "공원":100,
            "혐오시설":-50,
            "인프라총점":70.0,
            "초등학군":98.99,
            "중학군":58.8,
            "학군총점":66.838,
            "인구수":52.04,
            "인구증감":-10.48,
            "인구총점":33.284,
            "일자리":14.8,
            "소득수준":58.01,
            "일자리총점":27.763,
            "가치 총점":61.2757,
            "매매실거래년":20210503.0,
            "매매실거래가":173500.0,
            "전세실거래년":20200610.0,
            "전세실거래가":78000.0,
            "전세가율":55.71,
            "장기전세가율평균":60.67,
            "전세가율거품지수":4.96,
            "검색코드":3768,
            "세대수":276.0,
            "준공년월":"2000-11-24",
            "준공년차":23.0,
            "가까운역이름":"신목동",
            "가까운역거리":825.83,
            "역세권여부":"준역세권",
            "30분이내주요거점역":3,
            "1시간이내주요거점역":12,
            "3km이내백화점수":2,
            "5km이내아울렛몰수":0,
            "1km이내대형먀트수":0,
            "500m이내은행수":6,
            "500m이내병원수":31,
            "5km이내대형병원수":10,
            "500m이내공원수":6,
            "3km이내혐오시설수":1,
            "초등학교학업성취도":98.99,
            "중학교학업성취도":95.8,
            "용적률":887,
            "건폐율":59,
            "Y":37.536902,
            "X":126.881975,
            "rank":66.0,
            "area_info":"30평(99.25), 32평(106.02), 34평(113.56), 47평(157.38), 48평(159.81), 48평(161.81), 49평(162.89), 49평(165.17), 50평(166.24), 54평(180.57), 56평(186.09), 57평(188.78), 60평(198.85), 70평(234.48), 85평(281.94)",
            "last_sales":"2021-05-03,173500.0,54평(180.57)"
        },
        {
            "index":16,
            "아파트명":"대원칸타빌2단지",
            "투자타입":"일반",
            "전용면적(m2)":"86.52",
            "전용면적(평)":"26평",
            "법정동주소":"서울시 양천구 목동 941",
            "도로명주소":"서울시 양천구 목동중앙로 11",
            "세대수":30,
            "입주년차":20,
            "용적률점수":"--",
            "건폐율점수":"--",
            "세대당주차수":60,
            "난방방식":30,
            "공급면적":"--",
            "전용률":"--",
            "욕실수":100,
            "현관타입":100,
            "주거총점":46.5,
            "지역구공급총점":100.0,
            "역세권":50,
            "30분내 이동가능 거점":40,
            "1시간내 이동가능 거점":100,
            "교통총점":57.0,
            "백화점":100,
            "아울렛몰":0,
            "대형마트":100,
            "은행":20,
            "병원":60,
            "종합병원":100,
            "공원":100,
            "혐오시설":0,
            "인프라총점":76.0,
            "초등학군":99.34,
            "중학군":49.4,
            "학군총점":59.388,
            "인구수":52.04,
            "인구증감":-10.48,
            "인구총점":33.284,
            "일자리":14.8,
            "소득수준":58.01,
            "일자리총점":27.763,
            "가치 총점":60.9582,
            "매매실거래년":20191225.0,
            "매매실거래가":147000.0,
            "전세실거래년":20210528.0,
            "전세실거래가":74000.0,
            "전세가율":100.68,
            "장기전세가율평균":60.67,
            "전세가율거품지수":-40.01,
            "검색코드":9581,
            "세대수":392.0,
            "준공년월":"2003-06-28",
            "준공년차":20.0,
            "가까운역이름":"목동",
            "가까운역거리":694.77,
            "역세권여부":"준역세권",
            "30분이내주요거점역":2,
            "1시간이내주요거점역":12,
            "3km이내백화점수":1,
            "5km이내아울렛몰수":0,
            "1km이내대형먀트수":3,
            "500m이내은행수":2,
            "500m이내병원수":18,
            "5km이내대형병원수":10,
            "500m이내공원수":4,
            "3km이내혐오시설수":0,
            "초등학교학업성취도":99.34,
            "중학교학업성취도":81.0,
            "용적률":299,
            "건폐율":25,
            "Y":37.532031,
            "X":126.867272,
            "rank":67.0,
            "area_info":"26평(86.52), 31평(104.51), 32평(106.07), 39평(129.42), 42평(139.17), 45평(149.12), 54평(180.2), 69평(228.7)",
            "last_sales":"2019-12-25,147000.0,69평(228.7)"
        },
        {
            "index":525,
            "아파트명":"신정뉴타운두산위브",
            "투자타입":"일반",
            "전용면적(m2)":"78.62",
            "전용면적(평)":"23평",
            "법정동주소":"서울시 양천구 신월동 1055",
            "도로명주소":"서울시 양천구",
            "세대수":30,
            "입주년차":60,
            "용적률점수":"--",
            "건폐율점수":"--",
            "세대당주차수":30,
            "난방방식":30,
            "공급면적":"--",
            "전용률":"--",
            "욕실수":100,
            "현관타입":100,
            "주거총점":50.0,
            "지역구공급총점":100.0,
            "역세권":50,
            "30분내 이동가능 거점":40,
            "1시간내 이동가능 거점":80,
            "교통총점":53.0,
            "백화점":100,
            "아울렛몰":0,
            "대형마트":80,
            "은행":70,
            "병원":80,
            "종합병원":100,
            "공원":100,
            "혐오시설":0,
            "인프라총점":80.0,
            "초등학군":100.0,
            "중학군":40.18,
            "학군총점":52.144,
            "인구수":52.04,
            "인구증감":-10.48,
            "인구총점":33.284,
            "일자리":14.8,
            "소득수준":58.01,
            "일자리총점":27.763,
            "가치 총점":60.3716,
            "매매실거래년":20211224.0,
            "매매실거래가":94500.0,
            "전세실거래년":20210506.0,
            "전세실거래가":36750.0,
            "전세가율":38.89,
            "장기전세가율평균":60.67,
            "전세가율거품지수":21.78,
            "검색코드":104360,
            "세대수":357.0,
            "준공년월":"2012-11-26",
            "준공년차":11.0,
            "가까운역이름":"신정네거리",
            "가까운역거리":644.85,
            "역세권여부":"준역세권",
            "30분이내주요거점역":2,
            "1시간이내주요거점역":8,
            "3km이내백화점수":1,
            "5km이내아울렛몰수":0,
            "1km이내대형먀트수":1,
            "500m이내은행수":3,
            "500m이내병원수":34,
            "5km이내대형병원수":9,
            "500m이내공원수":4,
            "3km이내혐오시설수":0,
            "초등학교학업성취도":100.0,
            "중학교학업성취도":66.5,
            "용적률":229,
            "건폐율":18,
            "Y":37.519379,
            "X":126.845653,
            "rank":68.0,
            "area_info":"23평(78.62), 30평(99.82), 33평(110.4), 33평(110.66), 42평(140.09)",
            "last_sales":"2021-12-24,94500.0,23평(78.62)"
        },
        {
            "index":50,
            "아파트명":"목동대원칸타빌3단지",
            "투자타입":"일반",
            "전용면적(m2)":"75.91",
            "전용면적(평)":"22평",
            "법정동주소":"서울시 양천구 목동 944",
            "도로명주소":"서울시 양천구 목동중앙로 9",
            "세대수":0,
            "입주년차":20,
            "용적률점수":"--",
            "건폐율점수":"--",
            "세대당주차수":30,
            "난방방식":30,
            "공급면적":"--",
            "전용률":"--",
            "욕실수":100,
            "현관타입":100,
            "주거총점":31.5,
            "지역구공급총점":100.0,
            "역세권":50,
            "30분내 이동가능 거점":60,
            "1시간내 이동가능 거점":100,
            "교통총점":63.0,
            "백화점":100,
            "아울렛몰":0,
            "대형마트":100,
            "은행":20,
            "병원":60,
            "종합병원":100,
            "공원":100,
            "혐오시설":0,
            "인프라총점":76.0,
            "초등학군":99.34,
            "중학군":49.4,
            "학군총점":59.388,
            "인구수":52.04,
            "인구증감":-10.48,
            "인구총점":33.284,
            "일자리":14.8,
            "소득수준":58.01,
            "일자리총점":27.763,
            "가치 총점":60.0582,
            "매매실거래년":20210115.0,
            "매매실거래가":100000.0,
            "전세실거래년":20211110.0,
            "전세실거래가":42000.0,
            "전세가율":42.0,
            "장기전세가율평균":60.67,
            "전세가율거품지수":18.67,
            "검색코드":9797,
            "세대수":119.0,
            "준공년월":"2003-06-28",
            "준공년차":20.0,
            "가까운역이름":"목동",
            "가까운역거리":588.34,
            "역세권여부":"준역세권",
            "30분이내주요거점역":3,
            "1시간이내주요거점역":12,
            "3km이내백화점수":1,
            "5km이내아울렛몰수":0,
            "1km이내대형먀트수":3,
            "500m이내은행수":2,
            "500m이내병원수":27,
            "5km이내대형병원수":10,
            "500m이내공원수":4,
            "3km이내혐오시설수":0,
            "초등학교학업성취도":99.34,
            "중학교학업성취도":81.0,
            "용적률":291,
            "건폐율":27,
            "Y":37.531109,
            "X":126.866946,
            "rank":69.0,
            "area_info":"22평(75.91), 32평(108.33), 37평(122.97), 46평(152.3)",
            "last_sales":"2021-01-15,100000.0,22평(75.91)"
        },
        {
            "index":130,
            "아파트명":"목동신시가지3단지",
            "투자타입":"재건축",
            "전용면적(m2)":"88.92",
            "전용면적(평)":"26평",
            "법정동주소":"서울시 양천구 목동 903",
            "도로명주소":"서울시 양천구 목동서로 100",
            "세대수":100,
            "입주년차":"--",
            "용적률점수":100,
            "건폐율점수":100,
            "세대당주차수":"--",
            "난방방식":"--",
            "공급면적":70,
            "전용률":60,
            "욕실수":"--",
            "현관타입":"--",
            "주거총점":96.5,
            "지역구공급총점":100.0,
            "역세권":0,
            "30분내 이동가능 거점":20,
            "1시간내 이동가능 거점":80,
            "교통총점":22.0,
            "백화점":100,
            "아울렛몰":0,
            "대형마트":100,
            "은행":20,
            "병원":60,
            "종합병원":100,
            "공원":100,
            "혐오시설":0,
            "인프라총점":76.0,
            "초등학군":99.34,
            "중학군":58.68,
            "학군총점":66.812,
            "인구수":52.04,
            "인구증감":-10.48,
            "인구총점":33.284,
            "일자리":14.8,
            "소득수준":58.01,
            "일자리총점":27.763,
            "가치 총점":59.8218,
            "매매실거래년":20210901.0,
            "매매실거래가":162000.0,
            "전세실거래년":20220115.0,
            "전세실거래가":43000.0,
            "전세가율":26.54,
            "장기전세가율평균":60.67,
            "전세가율거품지수":34.13,
            "검색코드":654,
            "세대수":1588.0,
            "준공년월":"1986-09-30",
            "준공년차":37.0,
            "가까운역이름":"오목교",
            "가까운역거리":1076.36,
            "역세권여부":"비역세권",
            "30분이내주요거점역":1,
            "1시간이내주요거점역":8,
            "3km이내백화점수":1,
            "5km이내아울렛몰수":0,
            "1km이내대형먀트수":3,
            "500m이내은행수":2,
            "500m이내병원수":23,
            "5km이내대형병원수":11,
            "500m이내공원수":6,
            "3km이내혐오시설수":0,
            "초등학교학업성취도":99.34,
            "중학교학업성취도":95.0,
            "용적률":122,
            "건폐율":16,
            "Y":37.534092,
            "X":126.873577,
            "rank":70.0,
            "area_info":"26평(88.92), 30평(100.62), 35평(116.9), 35평(116.03), 38평(126.57), 44평(146.63), 46평(154.46), 51평(168.95), 55평(184.04), 55평(184.04), 55평(184.04), 55평(184.04), 57평(189.99)",
            "last_sales":"2021-09-01,162000.0,26평(88.92)"
        },
        {
            "index":864,
            "아파트명":"양천중앙하이츠",
            "투자타입":"일반",
            "전용면적(m2)":"127.69",
            "전용면적(평)":"38평",
            "법정동주소":"서울시 양천구 신정동 1314",
            "도로명주소":"서울시 양천구 목동남로2길 60-7",
            "세대수":0,
            "입주년차":60,
            "용적률점수":"--",
            "건폐율점수":"--",
            "세대당주차수":80,
            "난방방식":30,
            "공급면적":"--",
            "전용률":"--",
            "욕실수":100,
            "현관타입":100,
            "주거총점":47.0,
            "지역구공급총점":100.0,
            "역세권":50,
            "30분내 이동가능 거점":40,
            "1시간내 이동가능 거점":100,
            "교통총점":57.0,
            "백화점":100,
            "아울렛몰":100,
            "대형마트":0,
            "은행":20,
            "병원":30,
            "종합병원":100,
            "공원":80,
            "혐오시설":0,
            "인프라총점":67.4,
            "초등학군":96.69,
            "중학군":57.22,
            "학군총점":65.114,
            "인구수":52.04,
            "인구증감":-10.48,
            "인구총점":33.284,
            "일자리":14.8,
            "소득수준":58.01,
            "일자리총점":27.763,
            "가치 총점":59.3371,
            "매매실거래년":20210715.0,
            "매매실거래가":140000.0,
            "전세실거래년":20211125.0,
            "전세실거래가":57700.0,
            "전세가율":48.49,
            "장기전세가율평균":60.67,
            "전세가율거품지수":12.18,
            "검색코드":100291,
            "세대수":241.0,
            "준공년월":"2010-02-02",
            "준공년차":13.0,
            "가까운역이름":"양천구청",
            "가까운역거리":767.75,
            "역세권여부":"준역세권",
            "30분이내주요거점역":2,
            "1시간이내주요거점역":12,
            "3km이내백화점수":2,
            "5km이내아울렛몰수":2,
            "1km이내대형먀트수":0,
            "500m이내은행수":2,
            "500m이내병원수":5,
            "5km이내대형병원수":11,
            "500m이내공원수":1,
            "3km이내혐오시설수":0,
            "초등학교학업성취도":96.69,
            "중학교학업성취도":94.1,
            "용적률":208,
            "건폐율":19,
            "Y":37.505722,
            "X":126.863598,
            "rank":71.0,
            "area_info":"38평(127.69), 38평(127.69), 38평(127.69), 49평(162.41), 52평(172.95), 59평(195.26)",
            "last_sales":"2021-07-15,140000.0,52평(172.95)"
        },
        {
            "index":34,
            "아파트명":"목동금호베스트빌",
            "투자타입":"일반",
            "전용면적(m2)":"77.61",
            "전용면적(평)":"23평",
            "법정동주소":"서울시 양천구 목동 549",
            "도로명주소":"서울시 양천구 목동중앙북로8길 111",
            "세대수":50,
            "입주년차":20,
            "용적률점수":"--",
            "건폐율점수":"--",
            "세대당주차수":60,
            "난방방식":100,
            "공급면적":"--",
            "전용률":"--",
            "욕실수":50,
            "현관타입":10,
            "주거총점":46.5,
            "지역구공급총점":100.0,
            "역세권":50,
            "30분내 이동가능 거점":60,
            "1시간내 이동가능 거점":100,
            "교통총점":63.0,
            "백화점":100,
            "아울렛몰":0,
            "대형마트":0,
            "은행":70,
            "병원":80,
            "종합병원":100,
            "공원":100,
            "혐오시설":0,
            "인프라총점":68.0,
            "초등학군":81.97,
            "중학군":42.3,
            "학군총점":50.234,
            "인구수":52.04,
            "인구증감":-10.48,
            "인구총점":33.284,
            "일자리":14.8,
            "소득수준":58.01,
            "일자리총점":27.763,
            "가치 총점":59.2851,
            "매매실거래년":20211227.0,
            "매매실거래가":108000.0,
            "전세실거래년":20220105.0,
            "전세실거래가":40000.0,
            "전세가율":48.19,
            "장기전세가율평균":60.67,
            "전세가율거품지수":12.48,
            "검색코드":3433,
            "세대수":495.0,
            "준공년월":"2002-03-27",
            "준공년차":21.0,
            "가까운역이름":"등촌",
            "가까운역거리":619.24,
            "역세권여부":"준역세권",
            "30분이내주요거점역":3,
            "1시간이내주요거점역":14,
            "3km이내백화점수":1,
            "5km이내아울렛몰수":0,
            "1km이내대형먀트수":0,
            "500m이내은행수":3,
            "500m이내병원수":37,
            "5km이내대형병원수":8,
            "500m이내공원수":3,
            "3km이내혐오시설수":0,
            "초등학교학업성취도":81.97,
            "중학교학업성취도":69.7,
            "용적률":236,
            "건폐율":25,
            "Y":37.545411,
            "X":126.868133,
            "rank":72.0,
            "area_info":"23평(77.61), 32평(108.92), 33평(109.9), 33평(110.03), 37평(125.48), 38평(126.63), 39평(131.75), 40평(134.33), 48평(160.46), 49평(163.32)",
            "last_sales":"2021-12-27,108000.0,38평(126.63)"
        },
        {
            "index":143,
            "아파트명":"목동신시가지4단지",
            "투자타입":"재건축",
            "전용면적(m2)":"60.3",
            "전용면적(평)":"18평",
            "법정동주소":"서울시 양천구 목동 904",
            "도로명주소":"서울시 양천구 목동서로 130",
            "세대수":90,
            "입주년차":"--",
            "용적률점수":0,
            "건폐율점수":0,
            "세대당주차수":"--",
            "난방방식":"--",
            "공급면적":50,
            "전용률":60,
            "욕실수":"--",
            "현관타입":"--",
            "주거총점":32.5,
            "지역구공급총점":100.0,
            "역세권":50,
            "30분내 이동가능 거점":40,
            "1시간내 이동가능 거점":90,
            "교통총점":55.0,
            "백화점":100,
            "아울렛몰":0,
            "대형마트":100,
            "은행":20,
            "병원":60,
            "종합병원":100,
            "공원":100,
            "혐오시설":0,
            "인프라총점":76.0,
            "초등학군":99.34,
            "중학군":58.68,
            "학군총점":66.812,
            "인구수":52.04,
            "인구증감":-10.48,
            "인구총점":33.284,
            "일자리":14.8,
            "소득수준":58.01,
            "일자리총점":27.763,
            "가치 총점":58.5718,
            "매매실거래년":20211002.0,
            "매매실거래가":139500.0,
            "전세실거래년":20220107.0,
            "전세실거래가":52000.0,
            "전세가율":37.96,
            "장기전세가율평균":60.67,
            "전세가율거품지수":22.71,
            "검색코드":655,
            "세대수":1382.0,
            "준공년월":"1986-09-30",
            "준공년차":37.0,
            "가까운역이름":"목동",
            "가까운역거리":863.94,
            "역세권여부":"준역세권",
            "30분이내주요거점역":2,
            "1시간이내주요거점역":9,
            "3km이내백화점수":1,
            "5km이내아울렛몰수":0,
            "1km이내대형먀트수":3,
            "500m이내은행수":2,
            "500m이내병원수":10,
            "5km이내대형병원수":11,
            "500m이내공원수":3,
            "3km이내혐오시설수":0,
            "초등학교학업성취도":99.34,
            "중학교학업성취도":95.0,
            "용적률":0,
            "건폐율":0,
            "Y":37.53206,
            "X":126.871163,
            "rank":73.0,
            "area_info":"18평(60.3), 18평(62.13), 26평(87.33), 26평(87.43), 28평(93.02), 34평(115.7), 34평(115.7), 34평(115.7), 34평(115.7), 34평(115.7), 34평(115.7), 44평(148.76), 44평(148.76), 44평(148.76), 55평(181.82), 55평(181.82)",
            "last_sales":"2021-10-02,139500.0,18평(62.13)"
        },
        {
            "index":388,
            "아파트명":"동방",
            "투자타입":"일반",
            "전용면적(m2)":"39.06",
            "전용면적(평)":"11평",
            "법정동주소":"서울시 양천구 신월동 607-1",
            "도로명주소":"서울시 양천구 신월로 220",
            "세대수":0,
            "입주년차":20,
            "용적률점수":"--",
            "건폐율점수":"--",
            "세대당주차수":30,
            "난방방식":30,
            "공급면적":"--",
            "전용률":"--",
            "욕실수":50,
            "현관타입":10,
            "주거총점":17.5,
            "지역구공급총점":100.0,
            "역세권":50,
            "30분내 이동가능 거점":80,
            "1시간내 이동가능 거점":100,
            "교통총점":69.0,
            "백화점":100,
            "아울렛몰":0,
            "대형마트":80,
            "은행":70,
            "병원":60,
            "종합병원":100,
            "공원":100,
            "혐오시설":0,
            "인프라총점":78.0,
            "초등학군":84.74,
            "중학군":40.18,
            "학군총점":49.092,
            "인구수":52.04,
            "인구증감":-10.48,
            "인구총점":33.284,
            "일자리":14.8,
            "소득수준":58.01,
            "일자리총점":27.763,
            "가치 총점":58.4138,
            "매매실거래년":20211020.0,
            "매매실거래가":65000.0,
            "전세실거래년":20200702.0,
            "전세실거래가":8000.0,
            "전세가율":47.06,
            "장기전세가율평균":60.67,
            "전세가율거품지수":13.61,
            "검색코드":1205,
            "세대수":136.0,
            "준공년월":"1999-07-23",
            "준공년차":24.0,
            "가까운역이름":"신정네거리",
            "가까운역거리":589.25,
            "역세권여부":"준역세권",
            "30분이내주요거점역":4,
            "1시간이내주요거점역":10,
            "3km이내백화점수":1,
            "5km이내아울렛몰수":0,
            "1km이내대형먀트수":1,
            "500m이내은행수":3,
            "500m이내병원수":27,
            "5km이내대형병원수":9,
            "500m이내공원수":5,
            "3km이내혐오시설수":0,
            "초등학교학업성취도":84.74,
            "중학교학업성취도":66.5,
            "용적률":398,
            "건폐율":39,
            "Y":37.52148,
            "X":126.84647,
            "rank":74.0,
            "area_info":"11평(39.06), 25평(84.41), 32평(106.38), 35평(118.94), 41평(137.35)",
            "last_sales":"2021-10-20,65000.0,41평(137.35)"
        },
        {
            "index":565,
            "아파트명":"장수마을동원데자뷰2단지",
            "투자타입":"일반",
            "전용면적(m2)":"77.08",
            "전용면적(평)":"23평",
            "법정동주소":"서울시 양천구 신월동 1049",
            "도로명주소":"서울시 양천구 신월로27길 12",
            "세대수":0,
            "입주년차":40,
            "용적률점수":"--",
            "건폐율점수":"--",
            "세대당주차수":30,
            "난방방식":30,
            "공급면적":"--",
            "전용률":"--",
            "욕실수":100,
            "현관타입":50,
            "주거총점":30.5,
            "지역구공급총점":100.0,
            "역세권":50,
            "30분내 이동가능 거점":60,
            "1시간내 이동가능 거점":100,
            "교통총점":63.0,
            "백화점":100,
            "아울렛몰":0,
            "대형마트":80,
            "은행":20,
            "병원":80,
            "종합병원":100,
            "공원":100,
            "혐오시설":0,
            "인프라총점":75.0,
            "초등학군":84.74,
            "중학군":40.18,
            "학군총점":49.092,
            "인구수":52.04,
            "인구증감":-10.48,
            "인구총점":33.284,
            "일자리":14.8,
            "소득수준":58.01,
            "일자리총점":27.763,
            "가치 총점":58.0138,
            "매매실거래년":20210612.0,
            "매매실거래가":85000.0,
            "전세실거래년":20211203.0,
            "전세실거래가":31500.0,
            "전세가율":61.17,
            "장기전세가율평균":60.67,
            "전세가율거품지수":-0.5,
            "검색코드":25871,
            "세대수":118.0,
            "준공년월":"2007-07-26",
            "준공년차":16.0,
            "가까운역이름":"신정네거리",
            "가까운역거리":638.63,
            "역세권여부":"준역세권",
            "30분이내주요거점역":3,
            "1시간이내주요거점역":10,
            "3km이내백화점수":1,
            "5km이내아울렛몰수":0,
            "1km이내대형먀트수":1,
            "500m이내은행수":2,
            "500m이내병원수":32,
            "5km이내대형병원수":9,
            "500m이내공원수":6,
            "3km이내혐오시설수":0,
            "초등학교학업성취도":84.74,
            "중학교학업성취도":66.5,
            "용적률":247,
            "건폐율":21,
            "Y":37.522349,
            "X":126.846263,
            "rank":75.0,
            "area_info":"23평(77.08), 32평(107.14)",
            "last_sales":"2021-06-12,85000.0,32평(107.14)"
        },
        {
            "index":851,
            "아파트명":"신트리3단지",
            "투자타입":"일반",
            "전용면적(m2)":"109.87",
            "전용면적(평)":"33평",
            "법정동주소":"서울시 양천구 신정동 1276",
            "도로명주소":"서울시 양천구 신정로 290",
            "세대수":50,
            "입주년차":20,
            "용적률점수":"--",
            "건폐율점수":"--",
            "세대당주차수":30,
            "난방방식":100,
            "공급면적":"--",
            "전용률":"--",
            "욕실수":100,
            "현관타입":100,
            "주거총점":56.0,
            "지역구공급총점":100.0,
            "역세권":50,
            "30분내 이동가능 거점":40,
            "1시간내 이동가능 거점":70,
            "교통총점":51.0,
            "백화점":100,
            "아울렛몰":100,
            "대형마트":0,
            "은행":0,
            "병원":30,
            "종합병원":100,
            "공원":100,
            "혐오시설":0,
            "인프라총점":66.0,
            "초등학군":84.83,
            "중학군":53.64,
            "학군총점":59.878,
            "인구수":52.04,
            "인구증감":-10.48,
            "인구총점":33.284,
            "일자리":14.8,
            "소득수준":58.01,
            "일자리총점":27.763,
            "가치 총점":57.8317,
            "매매실거래년":20210913.0,
            "매매실거래가":110000.0,
            "전세실거래년":null,
            "전세실거래가":null,
            "전세가율":null,
            "장기전세가율평균":60.67,
            "전세가율거품지수":null,
            "검색코드":3443,
            "세대수":537.0,
            "준공년월":"2000-10-11",
            "준공년차":23.0,
            "가까운역이름":"신정네거리",
            "가까운역거리":901.99,
            "역세권여부":"준역세권",
            "30분이내주요거점역":2,
            "1시간이내주요거점역":7,
            "3km이내백화점수":1,
            "5km이내아울렛몰수":2,
            "1km이내대형먀트수":0,
            "500m이내은행수":0,
            "500m이내병원수":6,
            "5km이내대형병원수":11,
            "500m이내공원수":3,
            "3km이내혐오시설수":0,
            "초등학교학업성취도":84.83,
            "중학교학업성취도":85.8,
            "용적률":263,
            "건폐율":25,
            "Y":37.511963,
            "X":126.853052,
            "rank":76.0,
            "area_info":"33평(109.87), 33평(110.59), 33평(110.82), 33평(110.33)",
            "last_sales":"2021-09-13,110000.0,33평(110.59)"
        },
        {
            "index":834,
            "아파트명":"신정현대5차",
            "투자타입":"일반",
            "전용면적(m2)":"70.07",
            "전용면적(평)":"21평",
            "법정동주소":"서울시 양천구 신정동 1273",
            "도로명주소":"서울시 양천구 신정로 300",
            "세대수":30,
            "입주년차":20,
            "용적률점수":"--",
            "건폐율점수":"--",
            "세대당주차수":60,
            "난방방식":100,
            "공급면적":"--",
            "전용률":"--",
            "욕실수":50,
            "현관타입":100,
            "주거총점":48.5,
            "지역구공급총점":100.0,
            "역세권":50,
            "30분내 이동가능 거점":40,
            "1시간내 이동가능 거점":70,
            "교통총점":51.0,
            "백화점":100,
            "아울렛몰":100,
            "대형마트":0,
            "은행":0,
            "병원":30,
            "종합병원":100,
            "공원":100,
            "혐오시설":0,
            "인프라총점":66.0,
            "초등학군":84.83,
            "중학군":53.64,
            "학군총점":59.878,
            "인구수":52.04,
            "인구증감":-10.48,
            "인구총점":33.284,
            "일자리":14.8,
            "소득수준":58.01,
            "일자리총점":27.763,
            "가치 총점":56.3317,
            "매매실거래년":20210722.0,
            "매매실거래가":127000.0,
            "전세실거래년":20210710.0,
            "전세실거래가":41000.0,
            "전세가율":50.81,
            "장기전세가율평균":60.67,
            "전세가율거품지수":9.86,
            "검색코드":441,
            "세대수":361.0,
            "준공년월":"1999-11-30",
            "준공년차":24.0,
            "가까운역이름":"신정네거리",
            "가까운역거리":864.91,
            "역세권여부":"준역세권",
            "30분이내주요거점역":2,
            "1시간이내주요거점역":7,
            "3km이내백화점수":1,
            "5km이내아울렛몰수":2,
            "1km이내대형먀트수":0,
            "500m이내은행수":0,
            "500m이내병원수":6,
            "5km이내대형병원수":11,
            "500m이내공원수":3,
            "3km이내혐오시설수":0,
            "초등학교학업성취도":84.83,
            "중학교학업성취도":85.8,
            "용적률":281,
            "건폐율":22,
            "Y":37.512411,
            "X":126.854594,
            "rank":77.0,
            "area_info":"21평(70.07), 27평(89.37), 30평(101.12), 32평(105.99), 36평(121.91), 40평(135.49), 51평(169.23)",
            "last_sales":"2021-07-22,127000.0,40평(135.49)"
        },
        {
            "index":347,
            "아파트명":"우성",
            "투자타입":"재건축",
            "전용면적(m2)":"101.77",
            "전용면적(평)":"30평",
            "법정동주소":"서울시 양천구 목동 200",
            "도로명주소":"서울시 양천구 목동중앙로 143",
            "세대수":30,
            "입주년차":"--",
            "용적률점수":20,
            "건폐율점수":80,
            "세대당주차수":"--",
            "난방방식":"--",
            "공급면적":90,
            "전용률":80,
            "욕실수":"--",
            "현관타입":"--",
            "주거총점":41.5,
            "지역구공급총점":100.0,
            "역세권":50,
            "30분내 이동가능 거점":60,
            "1시간내 이동가능 거점":100,
            "교통총점":63.0,
            "백화점":100,
            "아울렛몰":0,
            "대형마트":0,
            "은행":0,
            "병원":10,
            "종합병원":100,
            "공원":100,
            "혐오시설":-50,
            "인프라총점":53.0,
            "초등학군":98.06,
            "중학군":58.68,
            "학군총점":66.556,
            "인구수":52.04,
            "인구증감":-10.48,
            "인구총점":33.284,
            "일자리":14.8,
            "소득수준":58.01,
            "일자리총점":27.763,
            "가치 총점":56.2334,
            "매매실거래년":20211014.0,
            "매매실거래가":160000.0,
            "전세실거래년":20220115.0,
            "전세실거래가":64050.0,
            "전세가율":40.03,
            "장기전세가율평균":60.67,
            "전세가율거품지수":20.64,
            "검색코드":3771,
            "세대수":332.0,
            "준공년월":"1992-04-14",
            "준공년차":31.0,
            "가까운역이름":"염창",
            "가까운역거리":626.76,
            "역세권여부":"준역세권",
            "30분이내주요거점역":3,
            "1시간이내주요거점역":14,
            "3km이내백화점수":1,
            "5km이내아울렛몰수":0,
            "1km이내대형먀트수":0,
            "500m이내은행수":0,
            "500m이내병원수":3,
            "5km이내대형병원수":9,
            "500m이내공원수":3,
            "3km이내혐오시설수":1,
            "초등학교학업성취도":98.06,
            "중학교학업성취도":95.0,
            "용적률":256,
            "건폐율":21,
            "Y":37.541319,
            "X":126.875508,
            "rank":78.0,
            "area_info":"30평(101.77), 31평(104.92)",
            "last_sales":"2021-10-14,160000.0,30평(101.77)"
        },
        {
            "index":514,
            "아파트명":"신월신도1차",
            "투자타입":"일반",
            "전용면적(m2)":"81.41",
            "전용면적(평)":"24평",
            "법정동주소":"서울시 양천구 신월동 1029",
            "도로명주소":"서울시 양천구",
            "세대수":0,
            "입주년차":40,
            "용적률점수":"--",
            "건폐율점수":"--",
            "세대당주차수":30,
            "난방방식":30,
            "공급면적":"--",
            "전용률":"--",
            "욕실수":100,
            "현관타입":100,
            "주거총점":35.5,
            "지역구공급총점":100.0,
            "역세권":50,
            "30분내 이동가능 거점":40,
            "1시간내 이동가능 거점":90,
            "교통총점":55.0,
            "백화점":100,
            "아울렛몰":0,
            "대형마트":80,
            "은행":20,
            "병원":60,
            "종합병원":100,
            "공원":100,
            "혐오시설":0,
            "인프라총점":73.0,
            "초등학군":100.0,
            "중학군":40.18,
            "학군총점":52.144,
            "인구수":52.04,
            "인구증감":-10.48,
            "인구총점":33.284,
            "일자리":14.8,
            "소득수준":58.01,
            "일자리총점":27.763,
            "가치 총점":56.0716,
            "매매실거래년":20210807.0,
            "매매실거래가":71000.0,
            "전세실거래년":20211029.0,
            "전세실거래가":28300.0,
            "전세가율":39.86,
            "장기전세가율평균":60.67,
            "전세가율거품지수":20.81,
            "검색코드":10343,
            "세대수":182.0,
            "준공년월":"2004-06-25",
            "준공년차":19.0,
            "가까운역이름":"신정네거리",
            "가까운역거리":589.55,
            "역세권여부":"준역세권",
            "30분이내주요거점역":2,
            "1시간이내주요거점역":9,
            "3km이내백화점수":1,
            "5km이내아울렛몰수":0,
            "1km이내대형먀트수":1,
            "500m이내은행수":2,
            "500m이내병원수":27,
            "5km이내대형병원수":9,
            "500m이내공원수":4,
            "3km이내혐오시설수":0,
            "초등학교학업성취도":100.0,
            "중학교학업성취도":66.5,
            "용적률":259,
            "건폐율":27,
            "Y":37.518208,
            "X":126.846655,
            "rank":79.0,
            "area_info":"24평(81.41), 30평(100.12), 32평(105.92)",
            "last_sales":"2021-08-07,71000.0,24평(81.41)"
        },
        {
            "index":331,
            "아파트명":"성원2차",
            "투자타입":"일반",
            "전용면적(m2)":"84.09",
            "전용면적(평)":"25평",
            "법정동주소":"서울시 양천구 목동 709-2",
            "도로명주소":"서울시 양천구 목동중앙남로 100",
            "세대수":50,
            "입주년차":20,
            "용적률점수":"--",
            "건폐율점수":"--",
            "세대당주차수":30,
            "난방방식":30,
            "공급면적":"--",
            "전용률":"--",
            "욕실수":50,
            "현관타입":10,
            "주거총점":35.0,
            "지역구공급총점":100.0,
            "역세권":50,
            "30분내 이동가능 거점":60,
            "1시간내 이동가능 거점":100,
            "교통총점":63.0,
            "백화점":100,
            "아울렛몰":0,
            "대형마트":0,
            "은행":0,
            "병원":60,
            "종합병원":100,
            "공원":100,
            "혐오시설":0,
            "인프라총점":59.0,
            "초등학군":86.95,
            "중학군":49.4,
            "학군총점":56.91,
            "인구수":52.04,
            "인구증감":-10.48,
            "인구총점":33.284,
            "일자리":14.8,
            "소득수준":58.01,
            "일자리총점":27.763,
            "가치 총점":55.2865,
            "매매실거래년":20210809.0,
            "매매실거래가":100000.0,
            "전세실거래년":20220112.0,
            "전세실거래가":45000.0,
            "전세가율":61.64,
            "장기전세가율평균":60.67,
            "전세가율거품지수":-0.97,
            "검색코드":8378,
            "세대수":423.0,
            "준공년월":"2000-12-13",
            "준공년차":23.0,
            "가까운역이름":"등촌",
            "가까운역거리":961.85,
            "역세권여부":"준역세권",
            "30분이내주요거점역":3,
            "1시간이내주요거점역":15,
            "3km이내백화점수":1,
            "5km이내아울렛몰수":0,
            "1km이내대형먀트수":0,
            "500m이내은행수":1,
            "500m이내병원수":12,
            "5km이내대형병원수":9,
            "500m이내공원수":5,
            "3km이내혐오시설수":0,
            "초등학교학업성취도":86.95,
            "중학교학업성취도":81.0,
            "용적률":336,
            "건폐율":35,
            "Y":37.542041,
            "X":126.864416,
            "rank":80.0,
            "area_info":"25평(84.09), 30평(101.07), 32평(108.9), 33평(109.24), 42평(141.16)",
            "last_sales":"2021-08-09,100000.0,42평(141.16)"
        },
        {
            "index":26,
            "아파트명":"목동e-편한세상",
            "투자타입":"일반",
            "전용면적(m2)":"106.6",
            "전용면적(평)":"32평",
            "법정동주소":"서울시 양천구 목동 950",
            "도로명주소":"서울시 양천구 목동중앙로7길 32",
            "세대수":0,
            "입주년차":40,
            "용적률점수":"--",
            "건폐율점수":"--",
            "세대당주차수":80,
            "난방방식":30,
            "공급면적":"--",
            "전용률":"--",
            "욕실수":100,
            "현관타입":100,
            "주거총점":43.0,
            "지역구공급총점":100.0,
            "역세권":50,
            "30분내 이동가능 거점":20,
            "1시간내 이동가능 거점":100,
            "교통총점":51.0,
            "백화점":100,
            "아울렛몰":0,
            "대형마트":0,
            "은행":20,
            "병원":60,
            "종합병원":100,
            "공원":100,
            "혐오시설":0,
            "인프라총점":61.0,
            "초등학군":96.57,
            "중학군":58.68,
            "학군총점":66.258,
            "인구수":52.04,
            "인구증감":-10.48,
            "인구총점":33.284,
            "일자리":14.8,
            "소득수준":58.01,
            "일자리총점":27.763,
            "가치 총점":54.6887,
            "매매실거래년":20210605.0,
            "매매실거래가":168000.0,
            "전세실거래년":20210722.0,
            "전세실거래가":63000.0,
            "전세가율":46.15,
            "장기전세가율평균":60.67,
            "전세가율거품지수":14.52,
            "검색코드":24406,
            "세대수":276.0,
            "준공년월":"2006-07-05",
            "준공년차":17.0,
            "가까운역이름":"염창",
            "가까운역거리":903.75,
            "역세권여부":"준역세권",
            "30분이내주요거점역":1,
            "1시간이내주요거점역":13,
            "3km이내백화점수":1,
            "5km이내아울렛몰수":0,
            "1km이내대형먀트수":0,
            "500m이내은행수":2,
            "500m이내병원수":15,
            "5km이내대형병원수":9,
            "500m이내공원수":4,
            "3km이내혐오시설수":0,
            "초등학교학업성취도":96.57,
            "중학교학업성취도":95.0,
            "용적률":238,
            "건폐율":25,
            "Y":37.539271,
            "X":126.871507,
            "rank":81.0,
            "area_info":"32평(106.6), 47평(155.88), 56평(187.56)",
            "last_sales":"2021-06-05,168000.0,56평(187.56)"
        },
        {
            "index":557,
            "아파트명":"우당",
            "투자타입":"일반",
            "전용면적(m2)":"80.29",
            "전용면적(평)":"24평",
            "법정동주소":"서울시 양천구 신월동 506-1",
            "도로명주소":"서울시 양천구 오목로 90",
            "세대수":0,
            "입주년차":0,
            "용적률점수":"--",
            "건폐율점수":"--",
            "세대당주차수":30,
            "난방방식":30,
            "공급면적":"--",
            "전용률":"--",
            "욕실수":50,
            "현관타입":10,
            "주거총점":13.5,
            "지역구공급총점":100.0,
            "역세권":50,
            "30분내 이동가능 거점":60,
            "1시간내 이동가능 거점":100,
            "교통총점":63.0,
            "백화점":100,
            "아울렛몰":0,
            "대형마트":80,
            "은행":20,
            "병원":80,
            "종합병원":100,
            "공원":100,
            "혐오시설":0,
            "인프라총점":75.0,
            "초등학군":84.74,
            "중학군":38.98,
            "학군총점":48.132,
            "인구수":52.04,
            "인구증감":-10.48,
            "인구총점":33.284,
            "일자리":14.8,
            "소득수준":58.01,
            "일자리총점":27.763,
            "가치 총점":54.4698,
            "매매실거래년":20201117.0,
            "매매실거래가":41500.0,
            "전세실거래년":20210724.0,
            "전세실거래가":35000.0,
            "전세가율":84.34,
            "장기전세가율평균":60.67,
            "전세가율거품지수":-23.67,
            "검색코드":9442,
            "세대수":112.0,
            "준공년월":"1997-09-27",
            "준공년차":26.0,
            "가까운역이름":"신정네거리",
            "가까운역거리":550.88,
            "역세권여부":"준역세권",
            "30분이내주요거점역":3,
            "1시간이내주요거점역":11,
            "3km이내백화점수":1,
            "5km이내아울렛몰수":0,
            "1km이내대형먀트수":1,
            "500m이내은행수":2,
            "500m이내병원수":31,
            "5km이내대형병원수":10,
            "500m이내공원수":5,
            "3km이내혐오시설수":0,
            "초등학교학업성취도":84.74,
            "중학교학업성취도":64.1,
            "용적률":392,
            "건폐율":29,
            "Y":37.52302,
            "X":126.84789,
            "rank":82.0,
            "area_info":"24평(80.29), 34평(112.55), 46평(152.64)",
            "last_sales":"2020-11-17,41500.0,24평(80.29)"
        },
        {
            "index":481,
            "아파트명":"신월대림",
            "투자타입":"일반",
            "전용면적(m2)":"80.94",
            "전용면적(평)":"24평",
            "법정동주소":"서울시 양천구 신월동 491-1",
            "도로명주소":"서울시 양천구 오목로13길 7",
            "세대수":0,
            "입주년차":20,
            "용적률점수":"--",
            "건폐율점수":"--",
            "세대당주차수":30,
            "난방방식":30,
            "공급면적":"--",
            "전용률":"--",
            "욕실수":50,
            "현관타입":10,
            "주거총점":17.5,
            "지역구공급총점":100.0,
            "역세권":50,
            "30분내 이동가능 거점":60,
            "1시간내 이동가능 거점":100,
            "교통총점":63.0,
            "백화점":100,
            "아울렛몰":0,
            "대형마트":80,
            "은행":0,
            "병원":60,
            "종합병원":100,
            "공원":100,
            "혐오시설":0,
            "인프라총점":71.0,
            "초등학군":84.74,
            "중학군":38.98,
            "학군총점":48.132,
            "인구수":52.04,
            "인구증감":-10.48,
            "인구총점":33.284,
            "일자리":14.8,
            "소득수준":58.01,
            "일자리총점":27.763,
            "가치 총점":54.0698,
            "매매실거래년":20210902.0,
            "매매실거래가":65500.0,
            "전세실거래년":20211209.0,
            "전세실거래가":27300.0,
            "전세가율":41.68,
            "장기전세가율평균":60.67,
            "전세가율거품지수":18.99,
            "검색코드":3437,
            "세대수":215.0,
            "준공년월":"2001-10-26",
            "준공년차":22.0,
            "가까운역이름":"신정네거리",
            "가까운역거리":797.22,
            "역세권여부":"준역세권",
            "30분이내주요거점역":3,
            "1시간이내주요거점역":10,
            "3km이내백화점수":1,
            "5km이내아울렛몰수":0,
            "1km이내대형먀트수":1,
            "500m이내은행수":1,
            "500m이내병원수":21,
            "5km이내대형병원수":9,
            "500m이내공원수":7,
            "3km이내혐오시설수":0,
            "초등학교학업성취도":84.74,
            "중학교학업성취도":64.1,
            "용적률":332,
            "건폐율":27,
            "Y":37.52359,
            "X":126.845034,
            "rank":83.0,
            "area_info":"24평(80.94), 32평(108.09), 42평(140.19)",
            "last_sales":"2021-09-02,65500.0,24평(80.94)"
        },
        {
            "index":0,
            "아파트명":"건영",
            "투자타입":"일반",
            "전용면적(m2)":"95.76",
            "전용면적(평)":"28평",
            "법정동주소":"서울시 양천구 목동 928",
            "도로명주소":"서울시 양천구 목동중앙본로22길 63",
            "세대수":0,
            "입주년차":0,
            "용적률점수":"--",
            "건폐율점수":"--",
            "세대당주차수":0,
            "난방방식":100,
            "공급면적":"--",
            "전용률":"--",
            "욕실수":100,
            "현관타입":100,
            "주거총점":30.0,
            "지역구공급총점":100.0,
            "역세권":50,
            "30분내 이동가능 거점":60,
            "1시간내 이동가능 거점":100,
            "교통총점":63.0,
            "백화점":100,
            "아울렛몰":0,
            "대형마트":0,
            "은행":0,
            "병원":30,
            "종합병원":100,
            "공원":100,
            "혐오시설":-50,
            "인프라총점":55.0,
            "초등학군":81.97,
            "중학군":58.68,
            "학군총점":63.338,
            "인구수":52.04,
            "인구증감":-10.48,
            "인구총점":33.284,
            "일자리":14.8,
            "소득수준":58.01,
            "일자리총점":27.763,
            "가치 총점":54.0507,
            "매매실거래년":20181110.0,
            "매매실거래가":46000.0,
            "전세실거래년":null,
            "전세실거래가":null,
            "전세가율":null,
            "장기전세가율평균":60.67,
            "전세가율거품지수":null,
            "검색코드":651,
            "세대수":299.0,
            "준공년월":"1994-12-23",
            "준공년차":29.0,
            "가까운역이름":"염창",
            "가까운역거리":579.13,
            "역세권여부":"준역세권",
            "30분이내주요거점역":3,
            "1시간이내주요거점역":15,
            "3km이내백화점수":1,
            "5km이내아울렛몰수":0,
            "1km이내대형먀트수":0,
            "500m이내은행수":0,
            "500m이내병원수":8,
            "5km이내대형병원수":9,
            "500m이내공원수":2,
            "3km이내혐오시설수":1,
            "초등학교학업성취도":81.97,
            "중학교학업성취도":95.0,
            "용적률":256,
            "건폐율":28,
            "Y":37.541996,
            "X":126.872835,
            "rank":84.0,
            "area_info":"28평(95.76), 30평(101.16), 30평(101.23), 30평(101.2), 31평(103.44), 31평(103.48), 31평(104.06)",
            "last_sales":"2018-11-10,46000.0,31평(104.06)"
        },
        {
            "index":369,
            "아파트명":"금용",
            "투자타입":"일반",
            "전용면적(m2)":"80.27",
            "전용면적(평)":"24평",
            "법정동주소":"서울시 양천구 신월동 533-1",
            "도로명주소":"서울시 양천구 신월로17길 22",
            "세대수":0,
            "입주년차":0,
            "용적률점수":"--",
            "건폐율점수":"--",
            "세대당주차수":30,
            "난방방식":30,
            "공급면적":"--",
            "전용률":"--",
            "욕실수":50,
            "현관타입":100,
            "주거총점":22.5,
            "지역구공급총점":100.0,
            "역세권":50,
            "30분내 이동가능 거점":60,
            "1시간내 이동가능 거점":90,
            "교통총점":61.0,
            "백화점":100,
            "아울렛몰":0,
            "대형마트":0,
            "은행":70,
            "병원":80,
            "종합병원":100,
            "공원":100,
            "혐오시설":0,
            "인프라총점":68.0,
            "초등학군":85.38,
            "중학군":40.18,
            "학군총점":49.22,
            "인구수":52.04,
            "인구증감":-10.48,
            "인구총점":33.284,
            "일자리":14.8,
            "소득수준":58.01,
            "일자리총점":27.763,
            "가치 총점":53.633,
            "매매실거래년":20200215.0,
            "매매실거래가":32000.0,
            "전세실거래년":20190614.0,
            "전세실거래가":22000.0,
            "전세가율":68.75,
            "장기전세가율평균":60.67,
            "전세가율거품지수":-8.08,
            "검색코드":883,
            "세대수":108.0,
            "준공년월":"1998-02-27",
            "준공년차":25.0,
            "가까운역이름":"신정네거리",
            "가까운역거리":957.45,
            "역세권여부":"준역세권",
            "30분이내주요거점역":3,
            "1시간이내주요거점역":9,
            "3km이내백화점수":1,
            "5km이내아울렛몰수":0,
            "1km이내대형먀트수":0,
            "500m이내은행수":4,
            "500m이내병원수":45,
            "5km이내대형병원수":9,
            "500m이내공원수":6,
            "3km이내혐오시설수":0,
            "초등학교학업성취도":85.38,
            "중학교학업성취도":66.5,
            "용적률":316,
            "건폐율":35,
            "Y":37.520768,
            "X":126.842091,
            "rank":85.0,
            "area_info":"24평(80.27), 34평(113.7), 46평(153.92)",
            "last_sales":"2020-02-15,32000.0,24평(80.27)"
        },
        {
            "index":7,
            "아파트명":"극동늘푸른",
            "투자타입":"일반",
            "전용면적(m2)":"90.12",
            "전용면적(평)":"27평",
            "법정동주소":"서울시 양천구 목동 752-1",
            "도로명주소":"서울시 양천구 목동중앙본로 10",
            "세대수":0,
            "입주년차":0,
            "용적률점수":"--",
            "건폐율점수":"--",
            "세대당주차수":30,
            "난방방식":100,
            "공급면적":"--",
            "전용률":"--",
            "욕실수":50,
            "현관타입":10,
            "주거총점":20.5,
            "지역구공급총점":100.0,
            "역세권":50,
            "30분내 이동가능 거점":20,
            "1시간내 이동가능 거점":100,
            "교통총점":51.0,
            "백화점":100,
            "아울렛몰":0,
            "대형마트":80,
            "은행":0,
            "병원":60,
            "종합병원":100,
            "공원":100,
            "혐오시설":0,
            "인프라총점":71.0,
            "초등학군":96.57,
            "중학군":58.68,
            "학군총점":66.258,
            "인구수":52.04,
            "인구증감":-10.48,
            "인구총점":33.284,
            "일자리":14.8,
            "소득수준":58.01,
            "일자리총점":27.763,
            "가치 총점":53.1887,
            "매매실거래년":20211118.0,
            "매매실거래가":140000.0,
            "전세실거래년":20211222.0,
            "전세실거래가":40950.0,
            "전세가율":45.5,
            "장기전세가율평균":60.67,
            "전세가율거품지수":15.17,
            "검색코드":954,
            "세대수":206.0,
            "준공년월":"1998-10-30",
            "준공년차":25.0,
            "가까운역이름":"염창",
            "가까운역거리":995.11,
            "역세권여부":"준역세권",
            "30분이내주요거점역":1,
            "1시간이내주요거점역":11,
            "3km이내백화점수":1,
            "5km이내아울렛몰수":0,
            "1km이내대형먀트수":1,
            "500m이내은행수":1,
            "500m이내병원수":15,
            "5km이내대형병원수":9,
            "500m이내공원수":5,
            "3km이내혐오시설수":0,
            "초등학교학업성취도":96.57,
            "중학교학업성취도":95.0,
            "용적률":344,
            "건폐율":30,
            "Y":37.53831,
            "X":126.87191,
            "rank":86.0,
            "area_info":"27평(90.12), 33평(109.29), 43평(142.87)",
            "last_sales":"2021-11-18,140000.0,43평(142.87)"
        },
        {
            "index":211,
            "아파트명":"목동아이파크2차",
            "투자타입":"일반",
            "전용면적(m2)":"104.7",
            "전용면적(평)":"31평",
            "법정동주소":"서울시 양천구 목동 758-2",
            "도로명주소":"서울시 양천구 목동중앙로 79",
            "세대수":0,
            "입주년차":40,
            "용적률점수":"--",
            "건폐율점수":"--",
            "세대당주차수":30,
            "난방방식":30,
            "공급면적":"--",
            "전용률":"--",
            "욕실수":100,
            "현관타입":100,
            "주거총점":35.5,
            "지역구공급총점":100.0,
            "역세권":0,
            "30분내 이동가능 거점":20,
            "1시간내 이동가능 거점":100,
            "교통총점":26.0,
            "백화점":100,
            "아울렛몰":0,
            "대형마트":100,
            "은행":20,
            "병원":60,
            "종합병원":100,
            "공원":100,
            "혐오시설":0,
            "인프라총점":76.0,
            "초등학군":96.57,
            "중학군":58.68,
            "학군총점":66.258,
            "인구수":52.04,
            "인구증감":-10.48,
            "인구총점":33.284,
            "일자리":14.8,
            "소득수준":58.01,
            "일자리총점":27.763,
            "가치 총점":48.9387,
            "매매실거래년":20211225.0,
            "매매실거래가":139000.0,
            "전세실거래년":20210629.0,
            "전세실거래가":61950.0,
            "전세가율":44.57,
            "장기전세가율평균":60.67,
            "전세가율거품지수":16.1,
            "검색코드":14277,
            "세대수":111.0,
            "준공년월":"2004-08-24",
            "준공년차":19.0,
            "가까운역이름":"염창",
            "가까운역거리":1208.16,
            "역세권여부":"비역세권",
            "30분이내주요거점역":1,
            "1시간이내주요거점역":10,
            "3km이내백화점수":1,
            "5km이내아울렛몰수":0,
            "1km이내대형먀트수":2,
            "500m이내은행수":2,
            "500m이내병원수":15,
            "5km이내대형병원수":9,
            "500m이내공원수":4,
            "3km이내혐오시설수":0,
            "초등학교학업성취도":96.57,
            "중학교학업성취도":95.0,
            "용적률":299,
            "건폐율":21,
            "Y":37.536536,
            "X":126.870949,
            "rank":87.0,
            "area_info":"31평(104.7)",
            "last_sales":"2021-12-25,139000.0,31평(104.7)"
        },
        {
            "index":76,
            "아파트명":"목동성원(763-1)",
            "투자타입":"일반",
            "전용면적(m2)":"80.39",
            "전용면적(평)":"24평",
            "법정동주소":"서울시 양천구 목동 763-1",
            "도로명주소":"서울시 양천구 목동중앙로 67",
            "세대수":0,
            "입주년차":20,
            "용적률점수":"--",
            "건폐율점수":"--",
            "세대당주차수":30,
            "난방방식":30,
            "공급면적":"--",
            "전용률":"--",
            "욕실수":50,
            "현관타입":100,
            "주거총점":26.5,
            "지역구공급총점":100.0,
            "역세권":0,
            "30분내 이동가능 거점":40,
            "1시간내 이동가능 거점":100,
            "교통총점":32.0,
            "백화점":100,
            "아울렛몰":0,
            "대형마트":100,
            "은행":0,
            "병원":60,
            "종합병원":100,
            "공원":100,
            "혐오시설":0,
            "인프라총점":74.0,
            "초등학군":99.34,
            "중학군":58.68,
            "학군총점":66.812,
            "인구수":52.04,
            "인구증감":-10.48,
            "인구총점":33.284,
            "일자리":14.8,
            "소득수준":58.01,
            "일자리총점":27.763,
            "가치 총점":48.7218,
            "매매실거래년":20211106.0,
            "매매실거래가":105000.0,
            "전세실거래년":20211108.0,
            "전세실거래가":47000.0,
            "전세가율":44.76,
            "장기전세가율평균":60.67,
            "전세가율거품지수":15.91,
            "검색코드":3774,
            "세대수":155.0,
            "준공년월":"2000-06-29",
            "준공년차":23.0,
            "가까운역이름":"목동",
            "가까운역거리":1125.45,
            "역세권여부":"비역세권",
            "30분이내주요거점역":2,
            "1시간이내주요거점역":10,
            "3km이내백화점수":1,
            "5km이내아울렛몰수":0,
            "1km이내대형먀트수":2,
            "500m이내은행수":1,
            "500m이내병원수":12,
            "5km이내대형병원수":9,
            "500m이내공원수":5,
            "3km이내혐오시설수":0,
            "초등학교학업성취도":99.34,
            "중학교학업성취도":95.0,
            "용적률":335,
            "건폐율":32,
            "Y":37.535443,
            "X":126.869732,
            "rank":88.0,
            "area_info":"24평(80.39), 33평(109.43), 42평(140.95)",
            "last_sales":"2021-11-06,105000.0,24평(80.39)"
        },
        {
            "index":572,
            "아파트명":"해태",
            "투자타입":"일반",
            "전용면적(m2)":"88.02",
            "전용면적(평)":"26평",
            "법정동주소":"서울시 양천구 신월동 514-3",
            "도로명주소":"서울시 양천구 월정로 21",
            "세대수":0,
            "입주년차":20,
            "용적률점수":"--",
            "건폐율점수":"--",
            "세대당주차수":30,
            "난방방식":30,
            "공급면적":"--",
            "전용률":"--",
            "욕실수":50,
            "현관타입":10,
            "주거총점":17.5,
            "지역구공급총점":100.0,
            "역세권":50,
            "30분내 이동가능 거점":40,
            "1시간내 이동가능 거점":60,
            "교통총점":49.0,
            "백화점":100,
            "아울렛몰":0,
            "대형마트":0,
            "은행":70,
            "병원":80,
            "종합병원":100,
            "공원":100,
            "혐오시설":0,
            "인프라총점":68.0,
            "초등학군":85.38,
            "중학군":40.18,
            "학군총점":49.22,
            "인구수":52.04,
            "인구증감":-10.48,
            "인구총점":33.284,
            "일자리":14.8,
            "소득수준":58.01,
            "일자리총점":27.763,
            "가치 총점":48.433,
            "매매실거래년":20210728.0,
            "매매실거래가":44500.0,
            "전세실거래년":20210319.0,
            "전세실거래가":33000.0,
            "전세가율":74.16,
            "장기전세가율평균":60.67,
            "전세가율거품지수":-13.49,
            "검색코드":1207,
            "세대수":126.0,
            "준공년월":"1999-12-07",
            "준공년차":24.0,
            "가까운역이름":"신정네거리",
            "가까운역거리":867.77,
            "역세권여부":"준역세권",
            "30분이내주요거점역":2,
            "1시간이내주요거점역":6,
            "3km이내백화점수":1,
            "5km이내아울렛몰수":0,
            "1km이내대형먀트수":0,
            "500m이내은행수":3,
            "500m이내병원수":43,
            "5km이내대형병원수":9,
            "500m이내공원수":6,
            "3km이내혐오시설수":0,
            "초등학교학업성취도":85.38,
            "중학교학업성취도":66.5,
            "용적률":381,
            "건폐율":45,
            "Y":37.52142,
            "X":126.84322,
            "rank":89.0,
            "area_info":"26평(88.02), 32평(106.49), 32평(107.63)",
            "last_sales":"2021-07-28,44500.0,26평(88.02)"
        },
        {
            "index":336,
            "아파트명":"세종그랑시아",
            "투자타입":"일반",
            "전용면적(m2)":"86.74",
            "전용면적(평)":"26평",
            "법정동주소":"서울시 양천구 목동 722-5",
            "도로명주소":"서울시 양천구 목동중앙남로3가길 59",
            "세대수":0,
            "입주년차":20,
            "용적률점수":"--",
            "건폐율점수":"--",
            "세대당주차수":30,
            "난방방식":30,
            "공급면적":"--",
            "전용률":"--",
            "욕실수":100,
            "현관타입":100,
            "주거총점":31.5,
            "지역구공급총점":100.0,
            "역세권":0,
            "30분내 이동가능 거점":80,
            "1시간내 이동가능 거점":100,
            "교통총점":44.0,
            "백화점":100,
            "아울렛몰":0,
            "대형마트":0,
            "은행":0,
            "병원":60,
            "종합병원":100,
            "공원":100,
            "혐오시설":0,
            "인프라총점":59.0,
            "초등학군":86.95,
            "중학군":49.4,
            "학군총점":56.91,
            "인구수":52.04,
            "인구증감":-10.48,
            "인구총점":33.284,
            "일자리":14.8,
            "소득수준":58.01,
            "일자리총점":27.763,
            "가치 총점":47.9365,
            "매매실거래년":20210410.0,
            "매매실거래가":76300.0,
            "전세실거래년":20210309.0,
            "전세실거래가":52500.0,
            "전세가율":68.81,
            "장기전세가율평균":60.67,
            "전세가율거품지수":-8.14,
            "검색코드":9492,
            "세대수":106.0,
            "준공년월":"2003-05-17",
            "준공년차":20.0,
            "가까운역이름":"염창",
            "가까운역거리":1349.94,
            "역세권여부":"비역세권",
            "30분이내주요거점역":4,
            "1시간이내주요거점역":15,
            "3km이내백화점수":1,
            "5km이내아울렛몰수":0,
            "1km이내대형먀트수":0,
            "500m이내은행수":1,
            "500m이내병원수":12,
            "5km이내대형병원수":9,
            "500m이내공원수":3,
            "3km이내혐오시설수":0,
            "초등학교학업성취도":86.95,
            "중학교학업성취도":81.0,
            "용적률":323,
            "건폐율":26,
            "Y":37.538246,
            "X":126.864224,
            "rank":90.0,
            "area_info":"26평(86.74), 32평(105.84), 42평(140.08)",
            "last_sales":"2021-04-10,76300.0,26평(86.74)"
        },
        {
            "index":29,
            "아파트명":"목동금강에스쁘아",
            "투자타입":"일반",
            "전용면적(m2)":"81.21",
            "전용면적(평)":"24평",
            "법정동주소":"서울시 양천구 목동 753-1",
            "도로명주소":"서울시 양천구 목동중앙본로 15",
            "세대수":0,
            "입주년차":20,
            "용적률점수":"--",
            "건폐율점수":"--",
            "세대당주차수":30,
            "난방방식":100,
            "공급면적":"--",
            "전용률":"--",
            "욕실수":50,
            "현관타입":100,
            "주거총점":33.5,
            "지역구공급총점":100.0,
            "역세권":0,
            "30분내 이동가능 거점":20,
            "1시간내 이동가능 거점":100,
            "교통총점":26.0,
            "백화점":100,
            "아울렛몰":0,
            "대형마트":80,
            "은행":20,
            "병원":60,
            "종합병원":100,
            "공원":100,
            "혐오시설":0,
            "인프라총점":73.0,
            "초등학군":96.57,
            "중학군":58.68,
            "학군총점":66.258,
            "인구수":52.04,
            "인구증감":-10.48,
            "인구총점":33.284,
            "일자리":14.8,
            "소득수준":58.01,
            "일자리총점":27.763,
            "가치 총점":47.6387,
            "매매실거래년":20211218.0,
            "매매실거래가":115000.0,
            "전세실거래년":20211117.0,
            "전세실거래가":65000.0,
            "전세가율":72.63,
            "장기전세가율평균":60.67,
            "전세가율거품지수":-11.96,
            "검색코드":3432,
            "세대수":153.0,
            "준공년월":"2002-08-13",
            "준공년차":21.0,
            "가까운역이름":"염창",
            "가까운역거리":1031.96,
            "역세권여부":"비역세권",
            "30분이내주요거점역":1,
            "1시간이내주요거점역":10,
            "3km이내백화점수":1,
            "5km이내아울렛몰수":0,
            "1km이내대형먀트수":1,
            "500m이내은행수":2,
            "500m이내병원수":15,
            "5km이내대형병원수":9,
            "500m이내공원수":4,
            "3km이내혐오시설수":0,
            "초등학교학업성취도":96.57,
            "중학교학업성취도":95.0,
            "용적률":352,
            "건폐율":27,
            "Y":37.538081,
            "X":126.871412,
            "rank":91.0,
            "area_info":"24평(81.21), 34평(112.4)",
            "last_sales":"2021-12-18,115000.0,34평(112.4)"
        },
        {
            "index":445,
            "아파트명":"수명산SK뷰",
            "투자타입":"일반",
            "전용면적(m2)":"108.27",
            "전용면적(평)":"32평",
            "법정동주소":"서울시 양천구 신월동 1053",
            "도로명주소":"서울시 양천구 월정로 306",
            "세대수":0,
            "입주년차":60,
            "용적률점수":"--",
            "건폐율점수":"--",
            "세대당주차수":60,
            "난방방식":30,
            "공급면적":"--",
            "전용률":"--",
            "욕실수":100,
            "현관타입":100,
            "주거총점":44.0,
            "지역구공급총점":100.0,
            "역세권":50,
            "30분내 이동가능 거점":20,
            "1시간내 이동가능 거점":80,
            "교통총점":47.0,
            "백화점":0,
            "아울렛몰":80,
            "대형마트":80,
            "은행":0,
            "병원":0,
            "종합병원":100,
            "공원":80,
            "혐오시설":0,
            "인프라총점":42.4,
            "초등학군":85.24,
            "중학군":37.92,
            "학군총점":47.384,
            "인구수":52.04,
            "인구증감":-10.48,
            "인구총점":33.284,
            "일자리":14.8,
            "소득수준":58.01,
            "일자리총점":27.763,
            "가치 총점":45.0776,
            "매매실거래년":20220107.0,
            "매매실거래가":85000.0,
            "전세실거래년":20211027.0,
            "전세실거래가":38000.0,
            "전세가율":44.71,
            "장기전세가율평균":60.67,
            "전세가율거품지수":15.96,
            "검색코드":26688,
            "세대수":171.0,
            "준공년월":"2009-03-25",
            "준공년차":14.0,
            "가까운역이름":"우장산",
            "가까운역거리":798.53,
            "역세권여부":"준역세권",
            "30분이내주요거점역":1,
            "1시간이내주요거점역":8,
            "3km이내백화점수":0,
            "5km이내아울렛몰수":1,
            "1km이내대형먀트수":1,
            "500m이내은행수":0,
            "500m이내병원수":1,
            "5km이내대형병원수":7,
            "500m이내공원수":1,
            "3km이내혐오시설수":0,
            "초등학교학업성취도":85.24,
            "중학교학업성취도":62.6,
            "용적률":200,
            "건폐율":29,
            "Y":37.544159,
            "X":126.829372,
            "rank":92.0,
            "area_info":"32평(108.27), 43평(142.47), 43평(143.52), 46평(152.77), 46평(154.09), 53평(175.93)",
            "last_sales":"2022-01-07,85000.0,32평(108.27)"
        },
        {
            "index":855,
            "아파트명":"신트리4단지",
            "투자타입":"일반",
            "전용면적(m2)":"66.66",
            "전용면적(평)":"20평",
            "법정동주소":"서울시 양천구 신정동 1277",
            "도로명주소":"서울시 양천구 신정로 260",
            "세대수":80,
            "입주년차":20,
            "용적률점수":"--",
            "건폐율점수":"--",
            "세대당주차수":0,
            "난방방식":100,
            "공급면적":"--",
            "전용률":"--",
            "욕실수":50,
            "현관타입":10,
            "주거총점":48.0,
            "지역구공급총점":100.0,
            "역세권":0,
            "30분내 이동가능 거점":40,
            "1시간내 이동가능 거점":70,
            "교통총점":26.0,
            "백화점":100,
            "아울렛몰":80,
            "대형마트":0,
            "은행":0,
            "병원":30,
            "종합병원":100,
            "공원":80,
            "혐오시설":0,
            "인프라총점":63.4,
            "초등학군":84.83,
            "중학군":38.66,
            "학군총점":47.894,
            "인구수":52.04,
            "인구증감":-10.48,
            "인구총점":33.284,
            "일자리":14.8,
            "소득수준":58.01,
            "일자리총점":27.763,
            "가치 총점":44.9041,
            "매매실거래년":20211214.0,
            "매매실거래가":80000.0,
            "전세실거래년":20220115.0,
            "전세실거래가":23100.0,
            "전세가율":32.08,
            "장기전세가율평균":60.67,
            "전세가율거품지수":28.59,
            "검색코드":3444,
            "세대수":845.0,
            "준공년월":"2000-05-23",
            "준공년차":23.0,
            "가까운역이름":"신정네거리",
            "가까운역거리":1013.38,
            "역세권여부":"비역세권",
            "30분이내주요거점역":2,
            "1시간이내주요거점역":7,
            "3km이내백화점수":1,
            "5km이내아울렛몰수":1,
            "1km이내대형먀트수":0,
            "500m이내은행수":0,
            "500m이내병원수":5,
            "5km이내대형병원수":10,
            "500m이내공원수":1,
            "3km이내혐오시설수":0,
            "초등학교학업성취도":84.83,
            "중학교학업성취도":63.9,
            "용적률":259,
            "건폐율":22,
            "Y":37.511138,
            "X":126.850655,
            "rank":93.0,
            "area_info":"20평(66.66), 20평(66.66), 20평(66.84), 20평(67.83), 20평(67.41), 24평(80.94), 24평(81.33)",
            "last_sales":"2021-12-14,80000.0,24평(81.33)"
        },
        {
            "index":451,
            "아파트명":"수명산동원데자뷰",
            "투자타입":"일반",
            "전용면적(m2)":"66.42",
            "전용면적(평)":"20평",
            "법정동주소":"서울시 양천구 신월동 1060",
            "도로명주소":"서울시 양천구 화곡로3길 43",
            "세대수":0,
            "입주년차":60,
            "용적률점수":"--",
            "건폐율점수":"--",
            "세대당주차수":30,
            "난방방식":30,
            "공급면적":"--",
            "전용률":"--",
            "욕실수":50,
            "현관타입":100,
            "주거총점":34.5,
            "지역구공급총점":100.0,
            "역세권":50,
            "30분내 이동가능 거점":20,
            "1시간내 이동가능 거점":70,
            "교통총점":45.0,
            "백화점":0,
            "아울렛몰":80,
            "대형마트":80,
            "은행":0,
            "병원":10,
            "종합병원":100,
            "공원":80,
            "혐오시설":0,
            "인프라총점":43.4,
            "초등학군":85.24,
            "중학군":44.9,
            "학군총점":52.968,
            "인구수":52.04,
            "인구증감":-10.48,
            "인구총점":33.284,
            "일자리":14.8,
            "소득수준":58.01,
            "일자리총점":27.763,
            "가치 총점":43.6152,
            "매매실거래년":20200402.0,
            "매매실거래가":56000.0,
            "전세실거래년":20160121.0,
            "전세실거래가":20000.0,
            "전세가율":80.65,
            "장기전세가율평균":60.67,
            "전세가율거품지수":-19.98,
            "검색코드":103400,
            "세대수":134.0,
            "준공년월":"2012-02-17",
            "준공년차":11.0,
            "가까운역이름":"우장산",
            "가까운역거리":942.51,
            "역세권여부":"준역세권",
            "30분이내주요거점역":1,
            "1시간이내주요거점역":7,
            "3km이내백화점수":0,
            "5km이내아울렛몰수":1,
            "1km이내대형먀트수":1,
            "500m이내은행수":0,
            "500m이내병원수":3,
            "5km이내대형병원수":7,
            "500m이내공원수":1,
            "3km이내혐오시설수":0,
            "초등학교학업성취도":85.24,
            "중학교학업성취도":73.9,
            "용적률":221,
            "건폐율":32,
            "Y":37.543532,
            "X":126.827911,
            "rank":94.0,
            "area_info":"20평(66.42), 25평(83.07), 27평(90.69), 27평(91.16), 27평(92.43), 28평(93.48), 29평(96.67), 29평(97.24), 32평(107.75), 32평(108.33), 32평(108.25), 32평(108.19), 48평(159.94)",
            "last_sales":"2020-04-02,56000.0,32평(108.19)"
        },
        {
            "index":464,
            "아파트명":"수명산롯데캐슬",
            "투자타입":"일반",
            "전용면적(m2)":"76.8",
            "전용면적(평)":"23평",
            "법정동주소":"서울시 양천구 신월동 1036",
            "도로명주소":"서울시 양천구 월정로 303",
            "세대수":0,
            "입주년차":40,
            "용적률점수":"--",
            "건폐율점수":"--",
            "세대당주차수":30,
            "난방방식":30,
            "공급면적":"--",
            "전용률":"--",
            "욕실수":100,
            "현관타입":100,
            "주거총점":35.5,
            "지역구공급총점":100.0,
            "역세권":50,
            "30분내 이동가능 거점":20,
            "1시간내 이동가능 거점":80,
            "교통총점":47.0,
            "백화점":0,
            "아울렛몰":80,
            "대형마트":80,
            "은행":0,
            "병원":0,
            "종합병원":100,
            "공원":80,
            "혐오시설":0,
            "인프라총점":42.4,
            "초등학군":85.24,
            "중학군":37.92,
            "학군총점":47.384,
            "인구수":52.04,
            "인구증감":-10.48,
            "인구총점":33.284,
            "일자리":14.8,
            "소득수준":58.01,
            "일자리총점":27.763,
            "가치 총점":43.3776,
            "매매실거래년":20210910.0,
            "매매실거래가":79500.0,
            "전세실거래년":20210120.0,
            "전세실거래가":17525.0,
            "전세가율":27.91,
            "장기전세가율평균":60.67,
            "전세가율거품지수":32.76,
            "검색코드":25872,
            "세대수":215.0,
            "준공년월":"2008-06-27",
            "준공년차":15.0,
            "가까운역이름":"우장산",
            "가까운역거리":836.94,
            "역세권여부":"준역세권",
            "30분이내주요거점역":1,
            "1시간이내주요거점역":8,
            "3km이내백화점수":0,
            "5km이내아울렛몰수":1,
            "1km이내대형먀트수":1,
            "500m이내은행수":0,
            "500m이내병원수":1,
            "5km이내대형병원수":7,
            "500m이내공원수":1,
            "3km이내혐오시설수":0,
            "초등학교학업성취도":85.24,
            "중학교학업성취도":62.6,
            "용적률":225,
            "건폐율":30,
            "Y":37.544225,
            "X":126.828749,
            "rank":95.0,
            "area_info":"23평(76.8), 30평(101.99), 31평(103.46), 32평(107.65)",
            "last_sales":"2021-09-10,79500.0,32평(107.65)"
        },
        {
            "index":10,
            "아파트명":"금호",
            "투자타입":"일반",
            "전용면적(m2)":"84.42",
            "전용면적(평)":"25평",
            "법정동주소":"서울시 양천구 목동 768-5",
            "도로명주소":"서울시 양천구 목동중앙남로3길 11",
            "세대수":0,
            "입주년차":0,
            "용적률점수":"--",
            "건폐율점수":"--",
            "세대당주차수":0,
            "난방방식":30,
            "공급면적":"--",
            "전용률":"--",
            "욕실수":50,
            "현관타입":10,
            "주거총점":9.0,
            "지역구공급총점":100.0,
            "역세권":0,
            "30분내 이동가능 거점":20,
            "1시간내 이동가능 거점":100,
            "교통총점":26.0,
            "백화점":100,
            "아울렛몰":0,
            "대형마트":80,
            "은행":70,
            "병원":60,
            "종합병원":100,
            "공원":100,
            "혐오시설":0,
            "인프라총점":78.0,
            "초등학군":96.57,
            "중학군":49.4,
            "학군총점":58.834,
            "인구수":52.04,
            "인구증감":-10.48,
            "인구총점":33.284,
            "일자리":14.8,
            "소득수준":58.01,
            "일자리총점":27.763,
            "가치 총점":43.1251,
            "매매실거래년":20210807.0,
            "매매실거래가":95000.0,
            "전세실거래년":20210429.0,
            "전세실거래가":29400.0,
            "전세가율":54.95,
            "장기전세가율평균":60.67,
            "전세가율거품지수":5.72,
            "검색코드":3763,
            "세대수":103.0,
            "준공년월":"1995-11-21",
            "준공년차":28.0,
            "가까운역이름":"목동",
            "가까운역거리":1113.25,
            "역세권여부":"비역세권",
            "30분이내주요거점역":1,
            "1시간이내주요거점역":10,
            "3km이내백화점수":1,
            "5km이내아울렛몰수":0,
            "1km이내대형먀트수":1,
            "500m이내은행수":4,
            "500m이내병원수":29,
            "5km이내대형병원수":9,
            "500m이내공원수":4,
            "3km이내혐오시설수":0,
            "초등학교학업성취도":96.57,
            "중학교학업성취도":81.0,
            "용적률":261,
            "건폐율":26,
            "Y":37.535931,
            "X":126.867077,
            "rank":96.0,
            "area_info":"25평(84.42), 33평(109.96)",
            "last_sales":"2021-08-07,95000.0,33평(109.96)"
        },
        {
            "index":511,
            "아파트명":"신월시영",
            "투자타입":"재건축",
            "전용면적(m2)":"59.34",
            "전용면적(평)":"17평",
            "법정동주소":"서울시 양천구 신월동 987-1",
            "도로명주소":"서울시 양천구 신월로 99",
            "세대수":100,
            "입주년차":"--",
            "용적률점수":100,
            "건폐율점수":100,
            "세대당주차수":"--",
            "난방방식":"--",
            "공급면적":50,
            "전용률":60,
            "욕실수":"--",
            "현관타입":"--",
            "주거총점":95.5,
            "지역구공급총점":100.0,
            "역세권":0,
            "30분내 이동가능 거점":40,
            "1시간내 이동가능 거점":50,
            "교통총점":22.0,
            "백화점":0,
            "아울렛몰":0,
            "대형마트":0,
            "은행":0,
            "병원":60,
            "종합병원":100,
            "공원":100,
            "혐오시설":0,
            "인프라총점":29.0,
            "초등학군":79.42,
            "중학군":41.58,
            "학군총점":49.148,
            "인구수":52.04,
            "인구증감":-10.48,
            "인구총점":33.284,
            "일자리":14.8,
            "소득수준":58.01,
            "일자리총점":27.763,
            "가치 총점":42.8722,
            "매매실거래년":20211112.0,
            "매매실거래가":68300.0,
            "전세실거래년":20220106.0,
            "전세실거래가":20000.0,
            "전세가율":31.75,
            "장기전세가율평균":60.67,
            "전세가율거품지수":28.92,
            "검색코드":858,
            "세대수":2256.0,
            "준공년월":"1988-04-30",
            "준공년차":35.0,
            "가까운역이름":"신정네거리",
            "가까운역거리":1797.44,
            "역세권여부":"비역세권",
            "30분이내주요거점역":2,
            "1시간이내주요거점역":5,
            "3km이내백화점수":0,
            "5km이내아울렛몰수":0,
            "1km이내대형먀트수":0,
            "500m이내은행수":1,
            "500m이내병원수":17,
            "5km이내대형병원수":8,
            "500m이내공원수":8,
            "3km이내혐오시설수":0,
            "초등학교학업성취도":79.42,
            "중학교학업성취도":68.9,
            "용적률":132,
            "건폐율":12,
            "Y":37.518341,
            "X":126.832649,
            "rank":97.0,
            "area_info":"17평(59.34), 21평(69.59), 24평(81.7)",
            "last_sales":"2021-11-12,68300.0,21평(69.59)"
        },
        {
            "index":477,
            "아파트명":"신월길훈엔트런스빌",
            "투자타입":"일반",
            "전용면적(m2)":"77.09",
            "전용면적(평)":"23평",
            "법정동주소":"서울시 양천구 신월동 1043",
            "도로명주소":"서울시 양천구 곰달래로11길 21",
            "세대수":0,
            "입주년차":40,
            "용적률점수":"--",
            "건폐율점수":"--",
            "세대당주차수":30,
            "난방방식":30,
            "공급면적":"--",
            "전용률":"--",
            "욕실수":50,
            "현관타입":100,
            "주거총점":30.5,
            "지역구공급총점":100.0,
            "역세권":50,
            "30분내 이동가능 거점":20,
            "1시간내 이동가능 거점":90,
            "교통총점":49.0,
            "백화점":0,
            "아울렛몰":80,
            "대형마트":0,
            "은행":20,
            "병원":60,
            "종합병원":100,
            "공원":100,
            "혐오시설":0,
            "인프라총점":39.0,
            "초등학군":84.71,
            "중학군":29.9,
            "학군총점":40.862,
            "인구수":52.04,
            "인구증감":-10.48,
            "인구총점":33.284,
            "일자리":14.8,
            "소득수준":58.01,
            "일자리총점":27.763,
            "가치 총점":41.0793,
            "매매실거래년":20211013.0,
            "매매실거래가":62000.0,
            "전세실거래년":20210831.0,
            "전세실거래가":27300.0,
            "전세가율":63.49,
            "장기전세가율평균":60.67,
            "전세가율거품지수":-2.82,
            "검색코드":21881,
            "세대수":132.0,
            "준공년월":"2005-09-30",
            "준공년차":18.0,
            "가까운역이름":"까치산",
            "가까운역거리":989.63,
            "역세권여부":"준역세권",
            "30분이내주요거점역":1,
            "1시간이내주요거점역":9,
            "3km이내백화점수":0,
            "5km이내아울렛몰수":1,
            "1km이내대형먀트수":0,
            "500m이내은행수":2,
            "500m이내병원수":15,
            "5km이내대형병원수":9,
            "500m이내공원수":4,
            "3km이내혐오시설수":0,
            "초등학교학업성취도":84.71,
            "중학교학업성취도":49.5,
            "용적률":246,
            "건폐율":26,
            "Y":37.531533,
            "X":126.835464,
            "rank":98.0,
            "area_info":"23평(77.09), 24평(79.61), 31평(103.88), 31평(103.3)",
            "last_sales":"2021-10-13,62000.0,31평(103.88)"
        },
        {
            "index":523,
            "아파트명":"신월코아루1단지",
            "투자타입":"일반",
            "전용면적(m2)":"106.25",
            "전용면적(평)":"32평",
            "법정동주소":"서울시 양천구 신월동 197-2",
            "도로명주소":"서울시 양천구 남부순환로56길 9",
            "세대수":0,
            "입주년차":60,
            "용적률점수":"--",
            "건폐율점수":"--",
            "세대당주차수":30,
            "난방방식":30,
            "공급면적":"--",
            "전용률":"--",
            "욕실수":100,
            "현관타입":100,
            "주거총점":39.5,
            "지역구공급총점":100.0,
            "역세권":0,
            "30분내 이동가능 거점":40,
            "1시간내 이동가능 거점":90,
            "교통총점":30.0,
            "백화점":0,
            "아울렛몰":80,
            "대형마트":80,
            "은행":20,
            "병원":60,
            "종합병원":100,
            "공원":100,
            "혐오시설":0,
            "인프라총점":51.0,
            "초등학군":83.39,
            "중학군":29.9,
            "학군총점":40.598,
            "인구수":52.04,
            "인구증감":-10.48,
            "인구총점":33.284,
            "일자리":14.8,
            "소득수준":58.01,
            "일자리총점":27.763,
            "가치 총점":39.7897,
            "매매실거래년":20211120.0,
            "매매실거래가":62500.0,
            "전세실거래년":20220108.0,
            "전세실거래가":34000.0,
            "전세가율":54.4,
            "장기전세가율평균":60.67,
            "전세가율거품지수":6.27,
            "검색코드":100402,
            "세대수":120.0,
            "준공년월":"2009-01-30",
            "준공년차":14.0,
            "가까운역이름":"화곡",
            "가까운역거리":1479.46,
            "역세권여부":"비역세권",
            "30분이내주요거점역":2,
            "1시간이내주요거점역":9,
            "3km이내백화점수":0,
            "5km이내아울렛몰수":1,
            "1km이내대형먀트수":1,
            "500m이내은행수":2,
            "500m이내병원수":16,
            "5km이내대형병원수":8,
            "500m이내공원수":3,
            "3km이내혐오시설수":0,
            "초등학교학업성취도":83.39,
            "중학교학업성취도":49.5,
            "용적률":192,
            "건폐율":23,
            "Y":37.531687,
            "X":126.829148,
            "rank":99.0,
            "area_info":"32평(106.25), 32평(107.29)",
            "last_sales":"2021-11-20,62500.0,32평(106.25)"
        },
        {
            "index":841,
            "아파트명":"신정현대6차",
            "투자타입":"일반",
            "전용면적(m2)":"82.02",
            "전용면적(평)":"24평",
            "법정동주소":"서울시 양천구 신정동 743-2",
            "도로명주소":"서울시 양천구 신정로 170",
            "세대수":80,
            "입주년차":20,
            "용적률점수":"--",
            "건폐율점수":"--",
            "세대당주차수":30,
            "난방방식":30,
            "공급면적":"--",
            "전용률":"--",
            "욕실수":50,
            "현관타입":100,
            "주거총점":54.5,
            "지역구공급총점":100.0,
            "역세권":0,
            "30분내 이동가능 거점":40,
            "1시간내 이동가능 거점":70,
            "교통총점":26.0,
            "백화점":0,
            "아울렛몰":80,
            "대형마트":0,
            "은행":0,
            "병원":30,
            "종합병원":100,
            "공원":100,
            "혐오시설":0,
            "인프라총점":34.0,
            "초등학군":82.94,
            "중학군":51.14,
            "학군총점":57.5,
            "인구수":52.04,
            "인구증감":-10.48,
            "인구총점":33.284,
            "일자리":14.8,
            "소득수준":58.01,
            "일자리총점":27.763,
            "가치 총점":38.825,
            "매매실거래년":20211025.0,
            "매매실거래가":80000.0,
            "전세실거래년":20201118.0,
            "전세실거래가":28000.0,
            "전세가율":45.16,
            "장기전세가율평균":60.67,
            "전세가율거품지수":15.51,
            "검색코드":3783,
            "세대수":703.0,
            "준공년월":"2000-10-21",
            "준공년차":23.0,
            "가까운역이름":"오류동",
            "가까운역거리":1562.8,
            "역세권여부":"비역세권",
            "30분이내주요거점역":2,
            "1시간이내주요거점역":7,
            "3km이내백화점수":0,
            "5km이내아울렛몰수":1,
            "1km이내대형먀트수":0,
            "500m이내은행수":0,
            "500m이내병원수":5,
            "5km이내대형병원수":9,
            "500m이내공원수":3,
            "3km이내혐오시설수":0,
            "초등학교학업성취도":82.94,
            "중학교학업성취도":83.5,
            "용적률":374,
            "건폐율":25,
            "Y":37.508323,
            "X":126.841989,
            "rank":100.0,
            "area_info":"24평(82.02), 25평(83.29), 32평(108.26), 42평(141.51)",
            "last_sales":"2021-10-25,80000.0,42평(141.51)"
        },
        {
            "index":472,
            "아파트명":"신안파크",
            "투자타입":"재건축",
            "전용면적(m2)":"62.79",
            "전용면적(평)":"18평",
            "법정동주소":"서울시 양천구 신월동 350-2",
            "도로명주소":"서울시 양천구 지양로15길 20",
            "세대수":50,
            "입주년차":"--",
            "용적률점수":100,
            "건폐율점수":80,
            "세대당주차수":"--",
            "난방방식":"--",
            "공급면적":50,
            "전용률":60,
            "욕실수":"--",
            "현관타입":"--",
            "주거총점":76.5,
            "지역구공급총점":100.0,
            "역세권":0,
            "30분내 이동가능 거점":20,
            "1시간내 이동가능 거점":40,
            "교통총점":14.0,
            "백화점":0,
            "아울렛몰":80,
            "대형마트":0,
            "은행":0,
            "병원":60,
            "종합병원":100,
            "공원":100,
            "혐오시설":0,
            "인프라총점":37.0,
            "초등학군":83.39,
            "중학군":41.58,
            "학군총점":49.942,
            "인구수":52.04,
            "인구증감":-10.48,
            "인구총점":33.284,
            "일자리":14.8,
            "소득수준":58.01,
            "일자리총점":27.763,
            "가치 총점":38.7913,
            "매매실거래년":20211029.0,
            "매매실거래가":66000.0,
            "전세실거래년":20220104.0,
            "전세실거래가":15000.0,
            "전세가율":41.67,
            "장기전세가율평균":60.67,
            "전세가율거품지수":19.0,
            "검색코드":662,
            "세대수":485.0,
            "준공년월":"1987-12-31",
            "준공년차":36.0,
            "가까운역이름":"까치산",
            "가까운역거리":1771.17,
            "역세권여부":"비역세권",
            "30분이내주요거점역":1,
            "1시간이내주요거점역":4,
            "3km이내백화점수":0,
            "5km이내아울렛몰수":1,
            "1km이내대형먀트수":0,
            "500m이내은행수":0,
            "500m이내병원수":11,
            "5km이내대형병원수":7,
            "500m이내공원수":3,
            "3km이내혐오시설수":0,
            "초등학교학업성취도":83.39,
            "중학교학업성취도":68.9,
            "용적률":137,
            "건폐율":28,
            "Y":37.523518,
            "X":126.829502,
            "rank":101.0,
            "area_info":"18평(62.79), 22평(73.81), 23평(77.92), 23평(77.39), 28평(93.57)",
            "last_sales":"2021-10-29,66000.0,28평(93.57)"
        },
        {
            "index":372,
            "아파트명":"금하뜨라네",
            "투자타입":"일반",
            "전용면적(m2)":"104.85",
            "전용면적(평)":"31평",
            "법정동주소":"서울시 양천구 신월동 142-14",
            "도로명주소":"서울시 양천구 가로공원로56길 10",
            "세대수":0,
            "입주년차":80,
            "용적률점수":"--",
            "건폐율점수":"--",
            "세대당주차수":30,
            "난방방식":30,
            "공급면적":"--",
            "전용률":"--",
            "욕실수":100,
            "현관타입":100,
            "주거총점":43.5,
            "지역구공급총점":100.0,
            "역세권":0,
            "30분내 이동가능 거점":20,
            "1시간내 이동가능 거점":70,
            "교통총점":20.0,
            "백화점":0,
            "아울렛몰":80,
            "대형마트":80,
            "은행":20,
            "병원":60,
            "종합병원":100,
            "공원":80,
            "혐오시설":0,
            "인프라총점":50.4,
            "초등학군":87.08,
            "중학군":30.84,
            "학군총점":42.088,
            "인구수":52.04,
            "인구증감":-10.48,
            "인구총점":33.284,
            "일자리":14.8,
            "소득수준":58.01,
            "일자리총점":27.763,
            "가치 총점":37.1332,
            "매매실거래년":20211016.0,
            "매매실거래가":43000.0,
            "전세실거래년":20210315.0,
            "전세실거래가":30000.0,
            "전세가율":70.09,
            "장기전세가율평균":60.67,
            "전세가율거품지수":-9.42,
            "검색코드":19222,
            "세대수":155.0,
            "준공년월":"2016-12-06",
            "준공년차":7.0,
            "가까운역이름":"화곡",
            "가까운역거리":1666.47,
            "역세권여부":"비역세권",
            "30분이내주요거점역":1,
            "1시간이내주요거점역":7,
            "3km이내백화점수":0,
            "5km이내아울렛몰수":1,
            "1km이내대형먀트수":1,
            "500m이내은행수":2,
            "500m이내병원수":12,
            "5km이내대형병원수":7,
            "500m이내공원수":1,
            "3km이내혐오시설수":0,
            "초등학교학업성취도":87.08,
            "중학교학업성취도":51.4,
            "용적률":180,
            "건폐율":30,
            "Y":37.534371,
            "X":126.823845,
            "rank":102.0,
            "area_info":"31평(104.85), 31평(104.5), 31평(104.94), 31평(104.58), 31평(104.62), 31평(104.67), 31평(104.24), 31평(105.08), 31평(105.56)",
            "last_sales":"2021-10-16,43000.0,31평(105.08)"
        },
        {
            "index":484,
            "아파트명":"신월대방샤인힐",
            "투자타입":"일반",
            "전용면적(m2)":"74.85",
            "전용면적(평)":"22평",
            "법정동주소":"서울시 양천구 신월동 1017",
            "도로명주소":"서울시 양천구 신월로9길 37",
            "세대수":0,
            "입주년차":20,
            "용적률점수":"--",
            "건폐율점수":"--",
            "세대당주차수":0,
            "난방방식":30,
            "공급면적":"--",
            "전용률":"--",
            "욕실수":100,
            "현관타입":100,
            "주거총점":27.0,
            "지역구공급총점":100.0,
            "역세권":0,
            "30분내 이동가능 거점":60,
            "1시간내 이동가능 거점":80,
            "교통총점":34.0,
            "백화점":0,
            "아울렛몰":0,
            "대형마트":0,
            "은행":70,
            "병원":80,
            "종합병원":100,
            "공원":100,
            "혐오시설":0,
            "인프라총점":38.0,
            "초등학군":85.38,
            "중학군":48.92,
            "학군총점":56.212,
            "인구수":52.04,
            "인구증감":-10.48,
            "인구총점":33.284,
            "일자리":14.8,
            "소득수준":58.01,
            "일자리총점":27.763,
            "가치 총점":37.1318,
            "매매실거래년":20211118.0,
            "매매실거래가":59000.0,
            "전세실거래년":20210114.0,
            "전세실거래가":38000.0,
            "전세가율":64.41,
            "장기전세가율평균":60.67,
            "전세가율거품지수":-3.74,
            "검색코드":9650,
            "세대수":150.0,
            "준공년월":"2003-09-24",
            "준공년차":20.0,
            "가까운역이름":"신정네거리",
            "가까운역거리":1290.05,
            "역세권여부":"비역세권",
            "30분이내주요거점역":3,
            "1시간이내주요거점역":8,
            "3km이내백화점수":0,
            "5km이내아울렛몰수":0,
            "1km이내대형먀트수":0,
            "500m이내은행수":3,
            "500m이내병원수":49,
            "5km이내대형병원수":8,
            "500m이내공원수":8,
            "3km이내혐오시설수":0,
            "초등학교학업성취도":85.38,
            "중학교학업성취도":79.4,
            "용적률":298,
            "건폐율":24,
            "Y":37.52061,
            "X":126.8383,
            "rank":103.0,
            "area_info":"22평(74.85), 27평(90.73), 31평(105.17), 31평(105.54)",
            "last_sales":"2021-11-18,59000.0,22평(74.85)"
        },
        {
            "index":488,
            "아파트명":"신월대성유니드",
            "투자타입":"일반",
            "전용면적(m2)":"75.3",
            "전용면적(평)":"22평",
            "법정동주소":"서울시 양천구 신월동 1033",
            "도로명주소":"서울시 양천구 신월로15길 25",
            "세대수":0,
            "입주년차":40,
            "용적률점수":"--",
            "건폐율점수":"--",
            "세대당주차수":30,
            "난방방식":30,
            "공급면적":"--",
            "전용률":"--",
            "욕실수":100,
            "현관타입":100,
            "주거총점":35.5,
            "지역구공급총점":100.0,
            "역세권":0,
            "30분내 이동가능 거점":60,
            "1시간내 이동가능 거점":70,
            "교통총점":32.0,
            "백화점":0,
            "아울렛몰":0,
            "대형마트":0,
            "은행":70,
            "병원":80,
            "종합병원":100,
            "공원":100,
            "혐오시설":0,
            "인프라총점":38.0,
            "초등학군":85.38,
            "중학군":40.18,
            "학군총점":49.22,
            "인구수":52.04,
            "인구증감":-10.48,
            "인구총점":33.284,
            "일자리":14.8,
            "소득수준":58.01,
            "일자리총점":27.763,
            "가치 총점":37.083,
            "매매실거래년":20200419.0,
            "매매실거래가":51200.0,
            "전세실거래년":20190820.0,
            "전세실거래가":29000.0,
            "전세가율":69.05,
            "장기전세가율평균":60.67,
            "전세가율거품지수":-8.38,
            "검색코드":11708,
            "세대수":283.0,
            "준공년월":"2004-12-16",
            "준공년차":19.0,
            "가까운역이름":"신정네거리",
            "가까운역거리":1072.17,
            "역세권여부":"비역세권",
            "30분이내주요거점역":3,
            "1시간이내주요거점역":7,
            "3km이내백화점수":0,
            "5km이내아울렛몰수":0,
            "1km이내대형먀트수":0,
            "500m이내은행수":4,
            "500m이내병원수":46,
            "5km이내대형병원수":8,
            "500m이내공원수":8,
            "3km이내혐오시설수":0,
            "초등학교학업성취도":85.38,
            "중학교학업성취도":66.5,
            "용적률":287,
            "건폐율":27,
            "Y":37.520403,
            "X":126.840762,
            "rank":104.0,
            "area_info":"22평(75.3), 28평(95.39), 32평(105.81), 34평(113.8)",
            "last_sales":"2020-04-19,51200.0,34평(113.8)"
        },
        {
            "index":600,
            "아파트명":"동일하이빌2단지",
            "투자타입":"일반",
            "전용면적(m2)":"111.22",
            "전용면적(평)":"33평",
            "법정동주소":"서울시 양천구 신정동 1311",
            "도로명주소":"서울시 양천구 신정로11길 20",
            "세대수":50,
            "입주년차":40,
            "용적률점수":"--",
            "건폐율점수":"--",
            "세대당주차수":60,
            "난방방식":30,
            "공급면적":"--",
            "전용률":"--",
            "욕실수":100,
            "현관타입":100,
            "주거총점":57.5,
            "지역구공급총점":100.0,
            "역세권":0,
            "30분내 이동가능 거점":40,
            "1시간내 이동가능 거점":70,
            "교통총점":26.0,
            "백화점":0,
            "아울렛몰":0,
            "대형마트":0,
            "은행":0,
            "병원":30,
            "종합병원":100,
            "공원":100,
            "혐오시설":0,
            "인프라총점":26.0,
            "초등학군":84.05,
            "중학군":51.14,
            "학군총점":57.722,
            "인구수":52.04,
            "인구증감":-10.48,
            "인구총점":33.284,
            "일자리":14.8,
            "소득수준":58.01,
            "일자리총점":27.763,
            "가치 총점":37.0583,
            "매매실거래년":20210811.0,
            "매매실거래가":110000.0,
            "전세실거래년":20211214.0,
            "전세실거래가":47000.0,
            "전세가율":42.73,
            "장기전세가율평균":60.67,
            "전세가율거품지수":17.94,
            "검색코드":17469,
            "세대수":532.0,
            "준공년월":"2005-10-28",
            "준공년차":18.0,
            "가까운역이름":"신정네거리",
            "가까운역거리":1514.26,
            "역세권여부":"비역세권",
            "30분이내주요거점역":2,
            "1시간이내주요거점역":7,
            "3km이내백화점수":0,
            "5km이내아울렛몰수":0,
            "1km이내대형먀트수":0,
            "500m이내은행수":0,
            "500m이내병원수":9,
            "5km이내대형병원수":9,
            "500m이내공원수":5,
            "3km이내혐오시설수":0,
            "초등학교학업성취도":84.05,
            "중학교학업성취도":83.5,
            "용적률":246,
            "건폐율":14,
            "Y":37.510865,
            "X":126.840264,
            "rank":105.0,
            "area_info":"33평(111.22), 33평(111.22), 43평(143.36)",
            "last_sales":"2021-08-11,110000.0,33평(111.22)"
        },
        {
            "index":884,
            "아파트명":"푸른마을4단지",
            "투자타입":"일반",
            "전용면적(m2)":"110.32",
            "전용면적(평)":"33평",
            "법정동주소":"서울시 양천구 신정동 1285",
            "도로명주소":"서울시 양천구 신정로7길 60-7",
            "세대수":30,
            "입주년차":20,
            "용적률점수":"--",
            "건폐율점수":"--",
            "세대당주차수":30,
            "난방방식":100,
            "공급면적":"--",
            "전용률":"--",
            "욕실수":100,
            "현관타입":100,
            "주거총점":49.0,
            "지역구공급총점":100.0,
            "역세권":0,
            "30분내 이동가능 거점":40,
            "1시간내 이동가능 거점":80,
            "교통총점":28.0,
            "백화점":0,
            "아울렛몰":0,
            "대형마트":0,
            "은행":0,
            "병원":60,
            "종합병원":100,
            "공원":100,
            "혐오시설":0,
            "인프라총점":29.0,
            "초등학군":84.05,
            "중학군":48.92,
            "학군총점":55.946,
            "인구수":52.04,
            "인구증감":-10.48,
            "인구총점":33.284,
            "일자리":14.8,
            "소득수준":58.01,
            "일자리총점":27.763,
            "가치 총점":36.6919,
            "매매실거래년":20210728.0,
            "매매실거래가":80500.0,
            "전세실거래년":20211221.0,
            "전세실거래가":36500.0,
            "전세가율":45.34,
            "장기전세가율평균":60.67,
            "전세가율거품지수":15.33,
            "검색코드":9897,
            "세대수":390.0,
            "준공년월":"2002-08-23",
            "준공년차":21.0,
            "가까운역이름":"신정네거리",
            "가까운역거리":1424.25,
            "역세권여부":"비역세권",
            "30분이내주요거점역":2,
            "1시간이내주요거점역":8,
            "3km이내백화점수":0,
            "5km이내아울렛몰수":0,
            "1km이내대형먀트수":0,
            "500m이내은행수":1,
            "500m이내병원수":10,
            "5km이내대형병원수":9,
            "500m이내공원수":7,
            "3km이내혐오시설수":0,
            "초등학교학업성취도":84.05,
            "중학교학업성취도":79.4,
            "용적률":245,
            "건폐율":21,
            "Y":37.513297,
            "X":126.839209,
            "rank":106.0,
            "area_info":"33평(110.32), 33평(110.08), 33평(110.23), 33평(110.18)",
            "last_sales":"2021-07-28,80500.0,33평(110.32)"
        },
        {
            "index":888,
            "아파트명":"학마을1단지",
            "투자타입":"일반",
            "전용면적(m2)":"68.08",
            "전용면적(평)":"20평",
            "법정동주소":"서울시 양천구 신정동 1293",
            "도로명주소":"서울시 양천구 신정로14길 6",
            "세대수":50,
            "입주년차":20,
            "용적률점수":"--",
            "건폐율점수":"--",
            "세대당주차수":0,
            "난방방식":100,
            "공급면적":"--",
            "전용률":"--",
            "욕실수":50,
            "현관타입":10,
            "주거총점":37.5,
            "지역구공급총점":100.0,
            "역세권":0,
            "30분내 이동가능 거점":60,
            "1시간내 이동가능 거점":80,
            "교통총점":34.0,
            "백화점":0,
            "아울렛몰":80,
            "대형마트":0,
            "은행":0,
            "병원":10,
            "종합병원":100,
            "공원":100,
            "혐오시설":0,
            "인프라총점":32.0,
            "초등학군":82.94,
            "중학군":38.66,
            "학군총점":47.516,
            "인구수":52.04,
            "인구증감":-10.48,
            "인구총점":33.284,
            "일자리":14.8,
            "소득수준":58.01,
            "일자리총점":27.763,
            "가치 총점":36.1274,
            "매매실거래년":20210814.0,
            "매매실거래가":77900.0,
            "전세실거래년":null,
            "전세실거래가":null,
            "전세가율":null,
            "장기전세가율평균":60.67,
            "전세가율거품지수":null,
            "검색코드":3784,
            "세대수":639.0,
            "준공년월":"2000-10-25",
            "준공년차":23.0,
            "가까운역이름":"오류동",
            "가까운역거리":1512.14,
            "역세권여부":"비역세권",
            "30분이내주요거점역":3,
            "1시간이내주요거점역":8,
            "3km이내백화점수":0,
            "5km이내아울렛몰수":1,
            "1km이내대형먀트수":0,
            "500m이내은행수":0,
            "500m이내병원수":4,
            "5km이내대형병원수":8,
            "500m이내공원수":2,
            "3km이내혐오시설수":0,
            "초등학교학업성취도":82.94,
            "중학교학업성취도":63.9,
            "용적률":247,
            "건폐율":24,
            "Y":37.508104,
            "X":126.844413,
            "rank":107.0,
            "area_info":"20평(68.08), 20평(69.17), 20평(69.16), 24평(81.87), 25평(82.99)",
            "last_sales":"2021-08-14,77900.0,25평(82.99)"
        },
        {
            "index":430,
            "아파트명":"삼정그린뷰",
            "투자타입":"일반",
            "전용면적(m2)":"74.22",
            "전용면적(평)":"22평",
            "법정동주소":"서울시 양천구 신월동 1041",
            "도로명주소":"서울시 양천구 오목로3길 17",
            "세대수":0,
            "입주년차":40,
            "용적률점수":"--",
            "건폐율점수":"--",
            "세대당주차수":30,
            "난방방식":30,
            "공급면적":"--",
            "전용률":"--",
            "욕실수":100,
            "현관타입":100,
            "주거총점":35.5,
            "지역구공급총점":100.0,
            "역세권":0,
            "30분내 이동가능 거점":60,
            "1시간내 이동가능 거점":70,
            "교통총점":32.0,
            "백화점":0,
            "아울렛몰":0,
            "대형마트":0,
            "은행":20,
            "병원":80,
            "종합병원":100,
            "공원":100,
            "혐오시설":0,
            "인프라총점":33.0,
            "초등학군":85.38,
            "중학군":41.58,
            "학군총점":50.34,
            "인구수":52.04,
            "인구증감":-10.48,
            "인구총점":33.284,
            "일자리":14.8,
            "소득수준":58.01,
            "일자리총점":27.763,
            "가치 총점":35.751,
            "매매실거래년":20210707.0,
            "매매실거래가":68000.0,
            "전세실거래년":20210927.0,
            "전세실거래가":27300.0,
            "전세가율":55.71,
            "장기전세가율평균":60.67,
            "전세가율거품지수":4.96,
            "검색코드":12960,
            "세대수":236.0,
            "준공년월":"2005-12-28",
            "준공년차":18.0,
            "가까운역이름":"까치산",
            "가까운역거리":1220.71,
            "역세권여부":"비역세권",
            "30분이내주요거점역":3,
            "1시간이내주요거점역":7,
            "3km이내백화점수":0,
            "5km이내아울렛몰수":0,
            "1km이내대형먀트수":0,
            "500m이내은행수":2,
            "500m이내병원수":30,
            "5km이내대형병원수":8,
            "500m이내공원수":10,
            "3km이내혐오시설수":0,
            "초등학교학업성취도":85.38,
            "중학교학업성취도":68.9,
            "용적률":295,
            "건폐율":27,
            "Y":37.522877,
            "X":126.838563,
            "rank":108.0,
            "area_info":"22평(74.22), 27평(89.9), 27평(91.63), 31평(103.44), 31평(104.6)",
            "last_sales":"2021-07-07,68000.0,31평(103.44)"
        },
        {
            "index":567,
            "아파트명":"태형",
            "투자타입":"일반",
            "전용면적(m2)":"72.52",
            "전용면적(평)":"21평",
            "법정동주소":"서울시 양천구 신월동 134-17",
            "도로명주소":"서울시 양천구 곰달래로5길 37",
            "세대수":0,
            "입주년차":0,
            "용적률점수":"--",
            "건폐율점수":"--",
            "세대당주차수":30,
            "난방방식":30,
            "공급면적":"--",
            "전용률":"--",
            "욕실수":50,
            "현관타입":10,
            "주거총점":13.5,
            "지역구공급총점":100.0,
            "역세권":0,
            "30분내 이동가능 거점":40,
            "1시간내 이동가능 거점":80,
            "교통총점":28.0,
            "백화점":0,
            "아울렛몰":80,
            "대형마트":80,
            "은행":70,
            "병원":60,
            "종합병원":100,
            "공원":100,
            "혐오시설":0,
            "인프라총점":56.0,
            "초등학군":84.71,
            "중학군":29.9,
            "학군총점":40.862,
            "인구수":52.04,
            "인구증감":-10.48,
            "인구총점":33.284,
            "일자리":14.8,
            "소득수준":58.01,
            "일자리총점":27.763,
            "가치 총점":35.4293,
            "매매실거래년":20170522.0,
            "매매실거래가":38500.0,
            "전세실거래년":null,
            "전세실거래가":null,
            "전세가율":null,
            "장기전세가율평균":60.67,
            "전세가율거품지수":null,
            "검색코드":3781,
            "세대수":106.0,
            "준공년월":"1998-07-01",
            "준공년차":25.0,
            "가까운역이름":"화곡",
            "가까운역거리":1206.75,
            "역세권여부":"비역세권",
            "30분이내주요거점역":2,
            "1시간이내주요거점역":8,
            "3km이내백화점수":0,
            "5km이내아울렛몰수":1,
            "1km이내대형먀트수":1,
            "500m이내은행수":3,
            "500m이내병원수":16,
            "5km이내대형병원수":9,
            "500m이내공원수":4,
            "3km이내혐오시설수":0,
            "초등학교학업성취도":84.71,
            "중학교학업성취도":49.5,
            "용적률":0,
            "건폐율":0,
            "Y":37.53276,
            "X":126.83237,
            "rank":109.0,
            "area_info":"21평(72.52), 24평(82.02), 33평(110.66), 35평(116.33), 46평(153.64)",
            "last_sales":"2017-05-22,38500.0,46평(153.64)"
        },
        {
            "index":381,
            "아파트명":"길훈",
            "투자타입":"재건축",
            "전용면적(m2)":"57.4",
            "전용면적(평)":"17평",
            "법정동주소":"서울시 양천구 신월동 341-1",
            "도로명주소":"서울시 양천구 지양로 101",
            "세대수":0,
            "입주년차":"--",
            "용적률점수":100,
            "건폐율점수":60,
            "세대당주차수":"--",
            "난방방식":"--",
            "공급면적":50,
            "전용률":60,
            "욕실수":"--",
            "현관타입":"--",
            "주거총점":57.5,
            "지역구공급총점":100.0,
            "역세권":0,
            "30분내 이동가능 거점":40,
            "1시간내 이동가능 거점":50,
            "교통총점":22.0,
            "백화점":0,
            "아울렛몰":0,
            "대형마트":0,
            "은행":0,
            "병원":60,
            "종합병원":100,
            "공원":100,
            "혐오시설":0,
            "인프라총점":29.0,
            "초등학군":83.39,
            "중학군":41.58,
            "학군총점":49.942,
            "인구수":52.04,
            "인구증감":-10.48,
            "인구총점":33.284,
            "일자리":14.8,
            "소득수준":58.01,
            "일자리총점":27.763,
            "가치 총점":35.3913,
            "매매실거래년":20211116.0,
            "매매실거래가":43000.0,
            "전세실거래년":20211101.0,
            "전세실거래가":13000.0,
            "전세가율":30.23,
            "장기전세가율평균":60.67,
            "전세가율거품지수":30.44,
            "검색코드":884,
            "세대수":290.0,
            "준공년월":"1987-11-07",
            "준공년차":36.0,
            "가까운역이름":"까치산",
            "가까운역거리":1629.88,
            "역세권여부":"비역세권",
            "30분이내주요거점역":2,
            "1시간이내주요거점역":5,
            "3km이내백화점수":0,
            "5km이내아울렛몰수":0,
            "1km이내대형먀트수":0,
            "500m이내은행수":0,
            "500m이내병원수":11,
            "5km이내대형병원수":7,
            "500m이내공원수":4,
            "3km이내혐오시설수":0,
            "초등학교학업성취도":83.39,
            "중학교학업성취도":68.9,
            "용적률":137,
            "건폐율":30,
            "Y":37.523769,
            "X":126.831195,
            "rank":110.0,
            "area_info":"17평(57.4), 19평(65.66), 20평(66.69)",
            "last_sales":"2021-11-16,43000.0,17평(57.4)"
        },
        {
            "index":823,
            "아파트명":"신정이펜하우스3단지",
            "투자타입":"일반",
            "전용면적(m2)":"83.32",
            "전용면적(평)":"25평",
            "법정동주소":"서울시 양천구 신정동 1316",
            "도로명주소":"서울시 양천구 신정이펜1로 50",
            "세대수":90,
            "입주년차":60,
            "용적률점수":"--",
            "건폐율점수":"--",
            "세대당주차수":30,
            "난방방식":100,
            "공급면적":"--",
            "전용률":"--",
            "욕실수":100,
            "현관타입":100,
            "주거총점":78.0,
            "지역구공급총점":100.0,
            "역세권":0,
            "30분내 이동가능 거점":0,
            "1시간내 이동가능 거점":60,
            "교통총점":12.0,
            "백화점":0,
            "아울렛몰":0,
            "대형마트":0,
            "은행":0,
            "병원":30,
            "종합병원":100,
            "공원":100,
            "혐오시설":0,
            "인프라총점":26.0,
            "초등학군":84.5,
            "중학군":41.58,
            "학군총점":50.164,
            "인구수":52.04,
            "인구증감":-10.48,
            "인구총점":33.284,
            "일자리":14.8,
            "소득수준":58.01,
            "일자리총점":27.763,
            "가치 총점":35.1246,
            "매매실거래년":20210915.0,
            "매매실거래가":125000.0,
            "전세실거래년":20211221.0,
            "전세실거래가":14403.0,
            "전세가율":21.72,
            "장기전세가율평균":60.67,
            "전세가율거품지수":38.95,
            "검색코드":102876,
            "세대수":1339.0,
            "준공년월":"2011-06-29",
            "준공년차":12.0,
            "가까운역이름":"까치울",
            "가까운역거리":1882.44,
            "역세권여부":"비역세권",
            "30분이내주요거점역":0,
            "1시간이내주요거점역":6,
            "3km이내백화점수":0,
            "5km이내아울렛몰수":0,
            "1km이내대형먀트수":0,
            "500m이내은행수":0,
            "500m이내병원수":5,
            "5km이내대형병원수":9,
            "500m이내공원수":3,
            "3km이내혐오시설수":0,
            "초등학교학업성취도":84.5,
            "중학교학업성취도":68.9,
            "용적률":189,
            "건폐율":24,
            "Y":37.512905,
            "X":126.830539,
            "rank":111.0,
            "area_info":"25평(83.32), 35평(116.37), 35평(117.31), 35평(117.44), 47평(156.97)",
            "last_sales":"2021-09-15,125000.0,47평(156.97)"
        },
        {
            "index":788,
            "아파트명":"신정e-편한세상",
            "투자타입":"일반",
            "전용면적(m2)":"78.59",
            "전용면적(평)":"23평",
            "법정동주소":"서울시 양천구 신정동 1303",
            "도로명주소":"서울시 양천구 신정로13길 38",
            "세대수":30,
            "입주년차":40,
            "용적률점수":"--",
            "건폐율점수":"--",
            "세대당주차수":30,
            "난방방식":30,
            "공급면적":"--",
            "전용률":"--",
            "욕실수":100,
            "현관타입":100,
            "주거총점":46.0,
            "지역구공급총점":100.0,
            "역세권":0,
            "30분내 이동가능 거점":40,
            "1시간내 이동가능 거점":70,
            "교통총점":26.0,
            "백화점":0,
            "아울렛몰":0,
            "대형마트":0,
            "은행":0,
            "병원":30,
            "종합병원":100,
            "공원":100,
            "혐오시설":0,
            "인프라총점":26.0,
            "초등학군":93.67,
            "중학군":51.14,
            "학군총점":59.646,
            "인구수":52.04,
            "인구증감":-10.48,
            "인구총점":33.284,
            "일자리":14.8,
            "소득수준":58.01,
            "일자리총점":27.763,
            "가치 총점":35.0469,
            "매매실거래년":20210410.0,
            "매매실거래가":102000.0,
            "전세실거래년":20200305.0,
            "전세실거래가":30000.0,
            "전세가율":37.97,
            "장기전세가율평균":60.67,
            "전세가율거품지수":22.7,
            "검색코드":8759,
            "세대수":391.0,
            "준공년월":"2004-01-10",
            "준공년차":19.0,
            "가까운역이름":"신정네거리",
            "가까운역거리":1183.56,
            "역세권여부":"비역세권",
            "30분이내주요거점역":2,
            "1시간이내주요거점역":7,
            "3km이내백화점수":0,
            "5km이내아울렛몰수":0,
            "1km이내대형먀트수":0,
            "500m이내은행수":0,
            "500m이내병원수":8,
            "5km이내대형병원수":9,
            "500m이내공원수":5,
            "3km이내혐오시설수":0,
            "초등학교학업성취도":93.67,
            "중학교학업성취도":83.5,
            "용적률":281,
            "건폐율":18,
            "Y":37.512768,
            "X":126.843153,
            "rank":112.0,
            "area_info":"23평(78.59), 33평(109.44), 33평(110.17), 33평(110.62), 39평(131.25), 42평(141.19)",
            "last_sales":"2021-04-10,102000.0,42평(141.19)"
        },
        {
            "index":441,
            "아파트명":"세아쎄닛빌",
            "투자타입":"일반",
            "전용면적(m2)":"80.66",
            "전용면적(평)":"24평",
            "법정동주소":"서울시 양천구 신월동 547-5",
            "도로명주소":"서울시 양천구 남부순환로 569",
            "세대수":0,
            "입주년차":20,
            "용적률점수":"--",
            "건폐율점수":"--",
            "세대당주차수":0,
            "난방방식":30,
            "공급면적":"--",
            "전용률":"--",
            "욕실수":100,
            "현관타입":10,
            "주거총점":18.0,
            "지역구공급총점":100.0,
            "역세권":0,
            "30분내 이동가능 거점":40,
            "1시간내 이동가능 거점":90,
            "교통총점":30.0,
            "백화점":0,
            "아울렛몰":0,
            "대형마트":0,
            "은행":70,
            "병원":80,
            "종합병원":100,
            "공원":100,
            "혐오시설":0,
            "인프라총점":38.0,
            "초등학군":100.0,
            "중학군":48.92,
            "학군총점":59.136,
            "인구수":52.04,
            "인구증감":-10.48,
            "인구총점":33.284,
            "일자리":14.8,
            "소득수준":58.01,
            "일자리총점":27.763,
            "가치 총점":34.3704,
            "매매실거래년":20211007.0,
            "매매실거래가":49000.0,
            "전세실거래년":20210821.0,
            "전세실거래가":32000.0,
            "전세가율":65.31,
            "장기전세가율평균":60.67,
            "전세가율거품지수":-4.64,
            "검색코드":22097,
            "세대수":130.0,
            "준공년월":"2002-04-19",
            "준공년차":21.0,
            "가까운역이름":"신정네거리",
            "가까운역거리":1205.86,
            "역세권여부":"비역세권",
            "30분이내주요거점역":2,
            "1시간이내주요거점역":9,
            "3km이내백화점수":0,
            "5km이내아울렛몰수":0,
            "1km이내대형먀트수":0,
            "500m이내은행수":3,
            "500m이내병원수":32,
            "5km이내대형병원수":9,
            "500m이내공원수":9,
            "3km이내혐오시설수":0,
            "초등학교학업성취도":100.0,
            "중학교학업성취도":79.4,
            "용적률":597,
            "건폐율":59,
            "Y":37.51809,
            "X":126.83947,
            "rank":113.0,
            "area_info":"24평(80.66), 30평(101.61), 30평(101.61), 30평(102.02)",
            "last_sales":"2021-10-07,49000.0,24평(80.66)"
        },
        {
            "index":517,
            "아파트명":"신월신도브래뉴2차",
            "투자타입":"일반",
            "전용면적(m2)":"75.53",
            "전용면적(평)":"22평",
            "법정동주소":"서울시 양천구 신월동 1031",
            "도로명주소":"서울시 양천구 화곡로3길 34",
            "세대수":0,
            "입주년차":40,
            "용적률점수":"--",
            "건폐율점수":"--",
            "세대당주차수":30,
            "난방방식":30,
            "공급면적":"--",
            "전용률":"--",
            "욕실수":50,
            "현관타입":100,
            "주거총점":30.5,
            "지역구공급총점":100.0,
            "역세권":0,
            "30분내 이동가능 거점":20,
            "1시간내 이동가능 거점":70,
            "교통총점":20.0,
            "백화점":0,
            "아울렛몰":80,
            "대형마트":80,
            "은행":0,
            "병원":10,
            "종합병원":100,
            "공원":100,
            "혐오시설":0,
            "인프라총점":44.0,
            "초등학군":85.24,
            "중학군":44.9,
            "학군총점":52.968,
            "인구수":52.04,
            "인구증감":-10.48,
            "인구총점":33.284,
            "일자리":14.8,
            "소득수준":58.01,
            "일자리총점":27.763,
            "가치 총점":34.2452,
            "매매실거래년":20211113.0,
            "매매실거래가":56000.0,
            "전세실거래년":20210327.0,
            "전세실거래가":40000.0,
            "전세가율":71.43,
            "장기전세가율평균":60.67,
            "전세가율거품지수":-10.76,
            "검색코드":11923,
            "세대수":126.0,
            "준공년월":"2004-09-17",
            "준공년차":19.0,
            "가까운역이름":"우장산",
            "가까운역거리":1060.83,
            "역세권여부":"비역세권",
            "30분이내주요거점역":1,
            "1시간이내주요거점역":7,
            "3km이내백화점수":0,
            "5km이내아울렛몰수":1,
            "1km이내대형먀트수":1,
            "500m이내은행수":0,
            "500m이내병원수":3,
            "5km이내대형병원수":7,
            "500m이내공원수":2,
            "3km이내혐오시설수":0,
            "초등학교학업성취도":85.24,
            "중학교학업성취도":73.9,
            "용적률":262,
            "건폐율":28,
            "Y":37.542133,
            "X":126.827672,
            "rank":114.0,
            "area_info":"22평(75.53), 27평(91.21), 28평(93.55), 31평(105.21), 34평(112.71), 40평(132.53)",
            "last_sales":"2021-11-13,56000.0,22평(75.53)"
        },
        {
            "index":386,
            "아파트명":"대주파크빌",
            "투자타입":"일반",
            "전용면적(m2)":"78.08",
            "전용면적(평)":"23평",
            "법정동주소":"서울시 양천구 신월동 1028",
            "도로명주소":"서울시 양천구 남부순환로85길 16",
            "세대수":0,
            "입주년차":40,
            "용적률점수":"--",
            "건폐율점수":"--",
            "세대당주차수":0,
            "난방방식":30,
            "공급면적":"--",
            "전용률":"--",
            "욕실수":100,
            "현관타입":100,
            "주거총점":31.0,
            "지역구공급총점":100.0,
            "역세권":0,
            "30분내 이동가능 거점":40,
            "1시간내 이동가능 거점":70,
            "교통총점":26.0,
            "백화점":0,
            "아울렛몰":0,
            "대형마트":0,
            "은행":20,
            "병원":80,
            "종합병원":100,
            "공원":100,
            "혐오시설":0,
            "인프라총점":33.0,
            "초등학군":100.0,
            "중학군":48.92,
            "학군총점":59.136,
            "인구수":52.04,
            "인구증감":-10.48,
            "인구총점":33.284,
            "일자리":14.8,
            "소득수준":58.01,
            "일자리총점":27.763,
            "가치 총점":34.0704,
            "매매실거래년":20210910.0,
            "매매실거래가":87000.0,
            "전세실거래년":20211127.0,
            "전세실거래가":32000.0,
            "전세가율":42.67,
            "장기전세가율평균":60.67,
            "전세가율거품지수":18.0,
            "검색코드":10505,
            "세대수":189.0,
            "준공년월":"2004-07-31",
            "준공년차":19.0,
            "가까운역이름":"신정네거리",
            "가까운역거리":1079.0,
            "역세권여부":"비역세권",
            "30분이내주요거점역":2,
            "1시간이내주요거점역":7,
            "3km이내백화점수":0,
            "5km이내아울렛몰수":0,
            "1km이내대형먀트수":0,
            "500m이내은행수":2,
            "500m이내병원수":30,
            "5km이내대형병원수":9,
            "500m이내공원수":5,
            "3km이내혐오시설수":0,
            "초등학교학업성취도":100.0,
            "중학교학업성취도":79.4,
            "용적률":296,
            "건폐율":19,
            "Y":37.51488,
            "X":126.842578,
            "rank":115.0,
            "area_info":"23평(78.08), 33평(110.51)",
            "last_sales":"2021-09-10,87000.0,33평(110.51)"
        },
        {
            "index":560,
            "아파트명":"우정",
            "투자타입":"재건축",
            "전용면적(m2)":"74.82",
            "전용면적(평)":"22평",
            "법정동주소":"서울시 양천구 신월동 350-3",
            "도로명주소":"서울시 양천구 지양로15길 24",
            "세대수":0,
            "입주년차":"--",
            "용적률점수":100,
            "건폐율점수":80,
            "세대당주차수":"--",
            "난방방식":"--",
            "공급면적":50,
            "전용률":60,
            "욕실수":"--",
            "현관타입":"--",
            "주거총점":61.5,
            "지역구공급총점":100.0,
            "역세권":0,
            "30분내 이동가능 거점":20,
            "1시간내 이동가능 거점":50,
            "교통총점":16.0,
            "백화점":0,
            "아울렛몰":0,
            "대형마트":0,
            "은행":0,
            "병원":60,
            "종합병원":100,
            "공원":100,
            "혐오시설":0,
            "인프라총점":29.0,
            "초등학군":79.42,
            "중학군":41.58,
            "학군총점":49.148,
            "인구수":52.04,
            "인구증감":-10.48,
            "인구총점":33.284,
            "일자리":14.8,
            "소득수준":58.01,
            "일자리총점":27.763,
            "가치 총점":33.9722,
            "매매실거래년":20210720.0,
            "매매실거래가":40000.0,
            "전세실거래년":20200416.0,
            "전세실거래가":12000.0,
            "전세가율":30.0,
            "장기전세가율평균":60.67,
            "전세가율거품지수":30.67,
            "검색코드":885,
            "세대수":110.0,
            "준공년월":"1988-12-19",
            "준공년차":35.0,
            "가까운역이름":"까치산",
            "가까운역거리":1799.99,
            "역세권여부":"비역세권",
            "30분이내주요거점역":1,
            "1시간이내주요거점역":5,
            "3km이내백화점수":0,
            "5km이내아울렛몰수":0,
            "1km이내대형먀트수":0,
            "500m이내은행수":0,
            "500m이내병원수":12,
            "5km이내대형병원수":7,
            "500m이내공원수":5,
            "3km이내혐오시설수":0,
            "초등학교학업성취도":79.42,
            "중학교학업성취도":68.9,
            "용적률":147,
            "건폐율":29,
            "Y":37.52212,
            "X":126.830293,
            "rank":116.0,
            "area_info":"22평(74.82), 24평(81.25), 25평(83.95), 27평(90.38), 28평(94.2)",
            "last_sales":"2021-07-20,40000.0,22평(74.82)"
        },
        {
            "index":828,
            "아파트명":"신정이펜하우스4단지",
            "투자타입":"일반",
            "전용면적(m2)":"79.14",
            "전용면적(평)":"23평",
            "법정동주소":"서울시 양천구 신정동 1317",
            "도로명주소":"서울시 양천구 신정이펜1로 51",
            "세대수":50,
            "입주년차":60,
            "용적률점수":"--",
            "건폐율점수":"--",
            "세대당주차수":30,
            "난방방식":100,
            "공급면적":"--",
            "전용률":"--",
            "욕실수":100,
            "현관타입":100,
            "주거총점":64.0,
            "지역구공급총점":100.0,
            "역세권":0,
            "30분내 이동가능 거점":20,
            "1시간내 이동가능 거점":40,
            "교통총점":14.0,
            "백화점":0,
            "아울렛몰":0,
            "대형마트":0,
            "은행":0,
            "병원":30,
            "종합병원":100,
            "공원":100,
            "혐오시설":0,
            "인프라총점":26.0,
            "초등학군":84.5,
            "중학군":48.92,
            "학군총점":56.036,
            "인구수":52.04,
            "인구증감":-10.48,
            "인구총점":33.284,
            "일자리":14.8,
            "소득수준":58.01,
            "일자리총점":27.763,
            "가치 총점":33.9054,
            "매매실거래년":20210915.0,
            "매매실거래가":96000.0,
            "전세실거래년":20220104.0,
            "전세실거래가":35700.0,
            "전세가율":53.85,
            "장기전세가율평균":60.67,
            "전세가율거품지수":6.82,
            "검색코드":102877,
            "세대수":546.0,
            "준공년월":"2011-06-30",
            "준공년차":12.0,
            "가까운역이름":"까치울",
            "가까운역거리":1732.75,
            "역세권여부":"비역세권",
            "30분이내주요거점역":1,
            "1시간이내주요거점역":4,
            "3km이내백화점수":0,
            "5km이내아울렛몰수":0,
            "1km이내대형먀트수":0,
            "500m이내은행수":0,
            "500m이내병원수":5,
            "5km이내대형병원수":8,
            "500m이내공원수":3,
            "3km이내혐오시설수":0,
            "초등학교학업성취도":84.5,
            "중학교학업성취도":79.4,
            "용적률":160,
            "건폐율":22,
            "Y":37.510609,
            "X":126.829783,
            "rank":117.0,
            "area_info":"23평(79.14), 33평(110.47), 33평(111.39), 33평(111.31), 33평(111.31)",
            "last_sales":"2021-09-15,96000.0,33평(111.31)"
        },
        {
            "index":879,
            "아파트명":"푸른마을3단지",
            "투자타입":"일반",
            "전용면적(m2)":"82.28",
            "전용면적(평)":"24평",
            "법정동주소":"서울시 양천구 신정동 1283",
            "도로명주소":"서울시 양천구 신정로11길 63",
            "세대수":50,
            "입주년차":20,
            "용적률점수":"--",
            "건폐율점수":"--",
            "세대당주차수":0,
            "난방방식":100,
            "공급면적":"--",
            "전용률":"--",
            "욕실수":50,
            "현관타입":10,
            "주거총점":37.5,
            "지역구공급총점":100.0,
            "역세권":0,
            "30분내 이동가능 거점":40,
            "1시간내 이동가능 거점":70,
            "교통총점":26.0,
            "백화점":0,
            "아울렛몰":0,
            "대형마트":0,
            "은행":0,
            "병원":60,
            "종합병원":100,
            "공원":100,
            "혐오시설":0,
            "인프라총점":29.0,
            "초등학군":84.05,
            "중학군":48.92,
            "학군총점":55.946,
            "인구수":52.04,
            "인구증감":-10.48,
            "인구총점":33.284,
            "일자리":14.8,
            "소득수준":58.01,
            "일자리총점":27.763,
            "가치 총점":33.6919,
            "매매실거래년":20210717.0,
            "매매실거래가":70500.0,
            "전세실거래년":20211211.0,
            "전세실거래가":27300.0,
            "전세가율":45.5,
            "장기전세가율평균":60.67,
            "전세가율거품지수":15.17,
            "검색코드":3787,
            "세대수":440.0,
            "준공년월":"2001-01-29",
            "준공년차":22.0,
            "가까운역이름":"신정네거리",
            "가까운역거리":1650.59,
            "역세권여부":"비역세권",
            "30분이내주요거점역":2,
            "1시간이내주요거점역":7,
            "3km이내백화점수":0,
            "5km이내아울렛몰수":0,
            "1km이내대형먀트수":0,
            "500m이내은행수":0,
            "500m이내병원수":13,
            "5km이내대형병원수":7,
            "500m이내공원수":7,
            "3km이내혐오시설수":0,
            "초등학교학업성취도":84.05,
            "중학교학업성취도":79.4,
            "용적률":243,
            "건폐율":25,
            "Y":37.512033,
            "X":126.837181,
            "rank":118.0,
            "area_info":"24평(82.28), 24평(82.17), 24평(82.09), 35평(116.49), 35평(116.45)",
            "last_sales":"2021-07-17,70500.0,24평(82.09)"
        },
        {
            "index":893,
            "아파트명":"학마을3단지",
            "투자타입":"일반",
            "전용면적(m2)":"107.37",
            "전용면적(평)":"32평",
            "법정동주소":"서울시 양천구 신정동 1291",
            "도로명주소":"서울시 양천구 신정로 225-12",
            "세대수":0,
            "입주년차":20,
            "용적률점수":"--",
            "건폐율점수":"--",
            "세대당주차수":60,
            "난방방식":30,
            "공급면적":"--",
            "전용률":"--",
            "욕실수":100,
            "현관타입":100,
            "주거총점":36.0,
            "지역구공급총점":100.0,
            "역세권":0,
            "30분내 이동가능 거점":40,
            "1시간내 이동가능 거점":50,
            "교통총점":22.0,
            "백화점":0,
            "아울렛몰":80,
            "대형마트":0,
            "은행":0,
            "병원":10,
            "종합병원":100,
            "공원":100,
            "혐오시설":0,
            "인프라총점":32.0,
            "초등학군":93.67,
            "중학군":51.14,
            "학군총점":59.646,
            "인구수":52.04,
            "인구증감":-10.48,
            "인구총점":33.284,
            "일자리":14.8,
            "소득수준":58.01,
            "일자리총점":27.763,
            "가치 총점":33.4469,
            "매매실거래년":20171115.0,
            "매매실거래가":45100.0,
            "전세실거래년":null,
            "전세실거래가":null,
            "전세가율":null,
            "장기전세가율평균":60.67,
            "전세가율거품지수":null,
            "검색코드":10058,
            "세대수":153.0,
            "준공년월":"2002-08-23",
            "준공년차":21.0,
            "가까운역이름":"신정네거리",
            "가까운역거리":1091.58,
            "역세권여부":"비역세권",
            "30분이내주요거점역":2,
            "1시간이내주요거점역":5,
            "3km이내백화점수":0,
            "5km이내아울렛몰수":1,
            "1km이내대형먀트수":0,
            "500m이내은행수":0,
            "500m이내병원수":4,
            "5km이내대형병원수":8,
            "500m이내공원수":2,
            "3km이내혐오시설수":0,
            "초등학교학업성취도":93.67,
            "중학교학업성취도":83.5,
            "용적률":248,
            "건폐율":23,
            "Y":37.511674,
            "X":126.846507,
            "rank":119.0,
            "area_info":"32평(107.37), 32평(107.62), 32평(107.37), 32평(107.48), 32평(107.32), 32평(107.4), 32평(107.64)",
            "last_sales":"2017-11-15,45100.0,32평(107.64)"
        },
        {
            "index":820,
            "아파트명":"신정이펜하우스2단지",
            "투자타입":"일반",
            "전용면적(m2)":"111.69",
            "전용면적(평)":"33평",
            "법정동주소":"서울시 양천구 신정동 1322",
            "도로명주소":"서울시 양천구 신정이펜2로 55",
            "세대수":50,
            "입주년차":60,
            "용적률점수":"--",
            "건폐율점수":"--",
            "세대당주차수":60,
            "난방방식":100,
            "공급면적":"--",
            "전용률":"--",
            "욕실수":100,
            "현관타입":100,
            "주거총점":68.5,
            "지역구공급총점":100.0,
            "역세권":0,
            "30분내 이동가능 거점":0,
            "1시간내 이동가능 거점":60,
            "교통총점":12.0,
            "백화점":0,
            "아울렛몰":0,
            "대형마트":0,
            "은행":0,
            "병원":30,
            "종합병원":100,
            "공원":100,
            "혐오시설":0,
            "인프라총점":26.0,
            "초등학군":84.5,
            "중학군":41.58,
            "학군총점":50.164,
            "인구수":52.04,
            "인구증감":-10.48,
            "인구총점":33.284,
            "일자리":14.8,
            "소득수준":58.01,
            "일자리총점":27.763,
            "가치 총점":33.2246,
            "매매실거래년":20210914.0,
            "매매실거래가":88000.0,
            "전세실거래년":20220108.0,
            "전세실거래가":42000.0,
            "전세가율":47.73,
            "장기전세가율평균":60.67,
            "전세가율거품지수":12.94,
            "검색코드":102875,
            "세대수":471.0,
            "준공년월":"2011-04-18",
            "준공년차":12.0,
            "가까운역이름":"신정네거리",
            "가까운역거리":2030.4,
            "역세권여부":"비역세권",
            "30분이내주요거점역":0,
            "1시간이내주요거점역":6,
            "3km이내백화점수":0,
            "5km이내아울렛몰수":0,
            "1km이내대형먀트수":0,
            "500m이내은행수":0,
            "500m이내병원수":5,
            "5km이내대형병원수":9,
            "500m이내공원수":5,
            "3km이내혐오시설수":0,
            "초등학교학업성취도":84.5,
            "중학교학업성취도":68.9,
            "용적률":103,
            "건폐율":31,
            "Y":37.515968,
            "X":126.83048,
            "rank":120.0,
            "area_info":"33평(111.69), 34평(112.73), 45평(150.59)",
            "last_sales":"2021-09-14,88000.0,33평(111.69)"
        },
        {
            "index":875,
            "아파트명":"푸른마을2단지",
            "투자타입":"일반",
            "전용면적(m2)":"70.2",
            "전용면적(평)":"21평",
            "법정동주소":"서울시 양천구 신정동 1281",
            "도로명주소":"서울시 양천구 신정로7길 76",
            "세대수":50,
            "입주년차":20,
            "용적률점수":"--",
            "건폐율점수":"--",
            "세대당주차수":0,
            "난방방식":100,
            "공급면적":"--",
            "전용률":"--",
            "욕실수":50,
            "현관타입":10,
            "주거총점":37.5,
            "지역구공급총점":100.0,
            "역세권":0,
            "30분내 이동가능 거점":40,
            "1시간내 이동가능 거점":60,
            "교통총점":24.0,
            "백화점":0,
            "아울렛몰":0,
            "대형마트":0,
            "은행":0,
            "병원":60,
            "종합병원":100,
            "공원":100,
            "혐오시설":0,
            "인프라총점":29.0,
            "초등학군":84.05,
            "중학군":48.92,
            "학군총점":55.946,
            "인구수":52.04,
            "인구증감":-10.48,
            "인구총점":33.284,
            "일자리":14.8,
            "소득수준":58.01,
            "일자리총점":27.763,
            "가치 총점":32.9919,
            "매매실거래년":20211208.0,
            "매매실거래가":61500.0,
            "전세실거래년":20220114.0,
            "전세실거래가":22000.0,
            "전세가율":35.77,
            "장기전세가율평균":60.67,
            "전세가율거품지수":24.9,
            "검색코드":3786,
            "세대수":470.0,
            "준공년월":"2001-01-29",
            "준공년차":22.0,
            "가까운역이름":"신정네거리",
            "가까운역거리":1701.44,
            "역세권여부":"비역세권",
            "30분이내주요거점역":2,
            "1시간이내주요거점역":6,
            "3km이내백화점수":0,
            "5km이내아울렛몰수":0,
            "1km이내대형먀트수":0,
            "500m이내은행수":0,
            "500m이내병원수":11,
            "5km이내대형병원수":8,
            "500m이내공원수":10,
            "3km이내혐오시설수":0,
            "초등학교학업성취도":84.05,
            "중학교학업성취도":79.4,
            "용적률":249,
            "건폐율":26,
            "Y":37.513611,
            "X":126.835426,
            "rank":121.0,
            "area_info":"21평(70.2), 25평(85.47), 25평(85.56), 25평(85.67)",
            "last_sales":"2021-12-08,61500.0,21평(70.2)"
        },
        {
            "index":815,
            "아파트명":"신정이펜하우스1단지",
            "투자타입":"일반",
            "전용면적(m2)":"77.24",
            "전용면적(평)":"23평",
            "법정동주소":"서울시 양천구 신정동 1321",
            "도로명주소":"서울시 양천구 신정이펜1로 99",
            "세대수":50,
            "입주년차":60,
            "용적률점수":"--",
            "건폐율점수":"--",
            "세대당주차수":30,
            "난방방식":100,
            "공급면적":"--",
            "전용률":"--",
            "욕실수":100,
            "현관타입":100,
            "주거총점":64.0,
            "지역구공급총점":100.0,
            "역세권":0,
            "30분내 이동가능 거점":20,
            "1시간내 이동가능 거점":50,
            "교통총점":16.0,
            "백화점":0,
            "아울렛몰":0,
            "대형마트":0,
            "은행":0,
            "병원":0,
            "종합병원":100,
            "공원":100,
            "혐오시설":0,
            "인프라총점":23.0,
            "초등학군":84.5,
            "중학군":41.58,
            "학군총점":50.164,
            "인구수":52.04,
            "인구증감":-10.48,
            "인구총점":33.284,
            "일자리":14.8,
            "소득수준":58.01,
            "일자리총점":27.763,
            "가치 총점":32.8246,
            "매매실거래년":20210824.0,
            "매매실거래가":88600.0,
            "전세실거래년":20211223.0,
            "전세실거래가":16079.0,
            "전세가율":23.47,
            "장기전세가율평균":60.67,
            "전세가율거품지수":37.2,
            "검색코드":102874,
            "세대수":466.0,
            "준공년월":"2011-07-29",
            "준공년차":12.0,
            "가까운역이름":"까치울",
            "가까운역거리":1732.24,
            "역세권여부":"비역세권",
            "30분이내주요거점역":1,
            "1시간이내주요거점역":5,
            "3km이내백화점수":0,
            "5km이내아울렛몰수":0,
            "1km이내대형먀트수":0,
            "500m이내은행수":0,
            "500m이내병원수":0,
            "5km이내대형병원수":9,
            "500m이내공원수":3,
            "3km이내혐오시설수":0,
            "초등학교학업성취도":84.5,
            "중학교학업성취도":68.9,
            "용적률":137,
            "건폐율":20,
            "Y":37.514855,
            "X":126.827274,
            "rank":122.0,
            "area_info":"23평(77.24), 32평(107.79), 32평(108.7), 32평(108.95), 43평(145.29)",
            "last_sales":"2021-08-24,88600.0,32평(108.7)"
        },
        {
            "index":492,
            "아파트명":"신월방원(방원예뜨랑)",
            "투자타입":"일반",
            "전용면적(m2)":"89.16",
            "전용면적(평)":"26평",
            "법정동주소":"서울시 양천구 신월동 1032",
            "도로명주소":"서울시 양천구 곰달래로2길 31",
            "세대수":0,
            "입주년차":40,
            "용적률점수":"--",
            "건폐율점수":"--",
            "세대당주차수":30,
            "난방방식":30,
            "공급면적":"--",
            "전용률":"--",
            "욕실수":100,
            "현관타입":100,
            "주거총점":35.5,
            "지역구공급총점":100.0,
            "역세권":0,
            "30분내 이동가능 거점":40,
            "1시간내 이동가능 거점":70,
            "교통총점":26.0,
            "백화점":0,
            "아울렛몰":80,
            "대형마트":0,
            "은행":0,
            "병원":30,
            "종합병원":100,
            "공원":100,
            "혐오시설":0,
            "인프라총점":34.0,
            "초등학군":83.39,
            "중학군":29.9,
            "학군총점":40.598,
            "인구수":52.04,
            "인구증감":-10.48,
            "인구총점":33.284,
            "일자리":14.8,
            "소득수준":58.01,
            "일자리총점":27.763,
            "가치 총점":32.4897,
            "매매실거래년":20201202.0,
            "매매실거래가":41000.0,
            "전세실거래년":20180510.0,
            "전세실거래가":19000.0,
            "전세가율":65.52,
            "장기전세가율평균":60.67,
            "전세가율거품지수":-4.85,
            "검색코드":13143,
            "세대수":121.0,
            "준공년월":"2004-09-08",
            "준공년차":19.0,
            "가까운역이름":"까치산",
            "가까운역거리":1124.8,
            "역세권여부":"비역세권",
            "30분이내주요거점역":2,
            "1시간이내주요거점역":7,
            "3km이내백화점수":0,
            "5km이내아울렛몰수":1,
            "1km이내대형먀트수":0,
            "500m이내은행수":1,
            "500m이내병원수":9,
            "5km이내대형병원수":8,
            "500m이내공원수":5,
            "3km이내혐오시설수":0,
            "초등학교학업성취도":83.39,
            "중학교학업성취도":49.5,
            "용적률":240,
            "건폐율":0,
            "Y":37.52743,
            "X":126.83516,
            "rank":123.0,
            "area_info":"26평(89.16), 31평(103.97), 32평(105.95), 32평(105.84), 32평(106.98), 41평(137.04), 42평(138.95), 51평(170.18), 55평(183.41)",
            "last_sales":"2020-12-02,41000.0,32평(105.84)"
        },
        {
            "index":501,
            "아파트명":"신월보람6차",
            "투자타입":"일반",
            "전용면적(m2)":"76.16",
            "전용면적(평)":"23평",
            "법정동주소":"서울시 양천구 신월동 125",
            "도로명주소":"서울시 양천구 곰달래로7길 7",
            "세대수":0,
            "입주년차":40,
            "용적률점수":"--",
            "건폐율점수":"--",
            "세대당주차수":0,
            "난방방식":30,
            "공급면적":"--",
            "전용률":"--",
            "욕실수":100,
            "현관타입":100,
            "주거총점":31.0,
            "지역구공급총점":100.0,
            "역세권":0,
            "30분내 이동가능 거점":40,
            "1시간내 이동가능 거점":70,
            "교통총점":26.0,
            "백화점":0,
            "아울렛몰":80,
            "대형마트":0,
            "은행":0,
            "병원":60,
            "종합병원":100,
            "공원":100,
            "혐오시설":0,
            "인프라총점":37.0,
            "초등학군":83.39,
            "중학군":29.9,
            "학군총점":40.598,
            "인구수":52.04,
            "인구증감":-10.48,
            "인구총점":33.284,
            "일자리":14.8,
            "소득수준":58.01,
            "일자리총점":27.763,
            "가치 총점":32.4897,
            "매매실거래년":20211215.0,
            "매매실거래가":54800.0,
            "전세실거래년":20210705.0,
            "전세실거래가":35000.0,
            "전세가율":63.87,
            "장기전세가율평균":60.67,
            "전세가율거품지수":-3.2,
            "검색코드":23034,
            "세대수":136.0,
            "준공년월":"2005-10-27",
            "준공년차":18.0,
            "가까운역이름":"까치산",
            "가까운역거리":1046.53,
            "역세권여부":"비역세권",
            "30분이내주요거점역":2,
            "1시간이내주요거점역":7,
            "3km이내백화점수":0,
            "5km이내아울렛몰수":1,
            "1km이내대형먀트수":0,
            "500m이내은행수":1,
            "500m이내병원수":15,
            "5km이내대형병원수":9,
            "500m이내공원수":4,
            "3km이내혐오시설수":0,
            "초등학교학업성취도":83.39,
            "중학교학업성취도":49.5,
            "용적률":247,
            "건폐율":21,
            "Y":37.530347,
            "X":126.834951,
            "rank":123.0,
            "area_info":"23평(76.16)",
            "last_sales":"2021-12-15,54800.0,23평(76.16)"
        },
        {
            "index":537,
            "아파트명":"양천롯데캐슬1단지",
            "투자타입":"일반",
            "전용면적(m2)":"81.79",
            "전용면적(평)":"24평",
            "법정동주소":"서울시 양천구 신월동 1057",
            "도로명주소":"서울시 양천구 오목로5길 19",
            "세대수":0,
            "입주년차":60,
            "용적률점수":"--",
            "건폐율점수":"--",
            "세대당주차수":30,
            "난방방식":30,
            "공급면적":"--",
            "전용률":"--",
            "욕실수":100,
            "현관타입":100,
            "주거총점":39.5,
            "지역구공급총점":100.0,
            "역세권":0,
            "30분내 이동가능 거점":40,
            "1시간내 이동가능 거점":60,
            "교통총점":24.0,
            "백화점":0,
            "아울렛몰":0,
            "대형마트":0,
            "은행":0,
            "병원":60,
            "종합병원":100,
            "공원":100,
            "혐오시설":0,
            "인프라총점":29.0,
            "초등학군":85.38,
            "중학군":40.18,
            "학군총점":49.22,
            "인구수":52.04,
            "인구증감":-10.48,
            "인구총점":33.284,
            "일자리":14.8,
            "소득수준":58.01,
            "일자리총점":27.763,
            "가치 총점":32.383,
            "매매실거래년":20210928.0,
            "매매실거래가":94300.0,
            "전세실거래년":20210913.0,
            "전세실거래가":20000.0,
            "전세가율":26.14,
            "장기전세가율평균":60.67,
            "전세가율거품지수":34.53,
            "검색코드":102039,
            "세대수":197.0,
            "준공년월":"2010-10-14",
            "준공년차":13.0,
            "가까운역이름":"까치산",
            "가까운역거리":1104.59,
            "역세권여부":"비역세권",
            "30분이내주요거점역":2,
            "1시간이내주요거점역":6,
            "3km이내백화점수":0,
            "5km이내아울렛몰수":0,
            "1km이내대형먀트수":0,
            "500m이내은행수":1,
            "500m이내병원수":15,
            "5km이내대형병원수":8,
            "500m이내공원수":7,
            "3km이내혐오시설수":0,
            "초등학교학업성취도":85.38,
            "중학교학업성취도":66.5,
            "용적률":216,
            "건폐율":26,
            "Y":37.523325,
            "X":126.840083,
            "rank":124.0,
            "area_info":"24평(81.79), 29평(96.44), 29평(96.17), 34평(115.24)",
            "last_sales":"2021-09-28,94300.0,34평(115.24)"
        },
        {
            "index":597,
            "아파트명":"동일하이빌1단지",
            "투자타입":"일반",
            "전용면적(m2)":"109.42",
            "전용면적(평)":"33평",
            "법정동주소":"서울시 양천구 신정동 1310",
            "도로명주소":"서울시 양천구 신정로11길 20",
            "세대수":0,
            "입주년차":40,
            "용적률점수":"--",
            "건폐율점수":"--",
            "세대당주차수":60,
            "난방방식":30,
            "공급면적":"--",
            "전용률":"--",
            "욕실수":100,
            "현관타입":100,
            "주거총점":40.0,
            "지역구공급총점":100.0,
            "역세권":0,
            "30분내 이동가능 거점":40,
            "1시간내 이동가능 거점":50,
            "교통총점":22.0,
            "백화점":0,
            "아울렛몰":0,
            "대형마트":0,
            "은행":0,
            "병원":30,
            "종합병원":100,
            "공원":100,
            "혐오시설":0,
            "인프라총점":26.0,
            "초등학군":84.05,
            "중학군":48.92,
            "학군총점":55.946,
            "인구수":52.04,
            "인구증감":-10.48,
            "인구총점":33.284,
            "일자리":14.8,
            "소득수준":58.01,
            "일자리총점":27.763,
            "가치 총점":31.8919,
            "매매실거래년":20210922.0,
            "매매실거래가":140000.0,
            "전세실거래년":20210904.0,
            "전세실거래가":65000.0,
            "전세가율":59.09,
            "장기전세가율평균":60.67,
            "전세가율거품지수":1.58,
            "검색코드":13751,
            "세대수":238.0,
            "준공년월":"2005-10-28",
            "준공년차":18.0,
            "가까운역이름":"신정네거리",
            "가까운역거리":1509.47,
            "역세권여부":"비역세권",
            "30분이내주요거점역":2,
            "1시간이내주요거점역":5,
            "3km이내백화점수":0,
            "5km이내아울렛몰수":0,
            "1km이내대형먀트수":0,
            "500m이내은행수":0,
            "500m이내병원수":9,
            "5km이내대형병원수":8,
            "500m이내공원수":6,
            "3km이내혐오시설수":0,
            "초등학교학업성취도":84.05,
            "중학교학업성취도":79.4,
            "용적률":247,
            "건폐율":21,
            "Y":37.512142,
            "X":126.839023,
            "rank":125.0,
            "area_info":"33평(109.42), 33평(109.42), 42평(141.01)",
            "last_sales":"2021-09-22,140000.0,42평(141.01)"
        },
        {
            "index":505,
            "아파트명":"신월보람쉬움2차",
            "투자타입":"일반",
            "전용면적(m2)":"77.29",
            "전용면적(평)":"23평",
            "법정동주소":"서울시 양천구 신월동 1039",
            "도로명주소":"서울시 양천구 오목로1길 46",
            "세대수":0,
            "입주년차":40,
            "용적률점수":"--",
            "건폐율점수":"--",
            "세대당주차수":30,
            "난방방식":30,
            "공급면적":"--",
            "전용률":"--",
            "욕실수":100,
            "현관타입":100,
            "주거총점":35.5,
            "지역구공급총점":100.0,
            "역세권":0,
            "30분내 이동가능 거점":40,
            "1시간내 이동가능 거점":60,
            "교통총점":24.0,
            "백화점":0,
            "아울렛몰":0,
            "대형마트":0,
            "은행":0,
            "병원":60,
            "종합병원":100,
            "공원":100,
            "혐오시설":0,
            "인프라총점":29.0,
            "초등학군":85.89,
            "중학군":41.58,
            "학군총점":50.442,
            "인구수":52.04,
            "인구증감":-10.48,
            "인구총점":33.284,
            "일자리":14.8,
            "소득수준":58.01,
            "일자리총점":27.763,
            "가치 총점":31.7663,
            "매매실거래년":20220117.0,
            "매매실거래가":58000.0,
            "전세실거래년":20211204.0,
            "전세실거래가":39000.0,
            "전세가율":67.24,
            "장기전세가율평균":60.67,
            "전세가율거품지수":-6.57,
            "검색코드":13835,
            "세대수":169.0,
            "준공년월":"2005-03-19",
            "준공년차":18.0,
            "가까운역이름":"까치산",
            "가까운역거리":1127.29,
            "역세권여부":"비역세권",
            "30분이내주요거점역":2,
            "1시간이내주요거점역":6,
            "3km이내백화점수":0,
            "5km이내아울렛몰수":0,
            "1km이내대형먀트수":0,
            "500m이내은행수":0,
            "500m이내병원수":20,
            "5km이내대형병원수":8,
            "500m이내공원수":8,
            "3km이내혐오시설수":0,
            "초등학교학업성취도":85.89,
            "중학교학업성취도":68.9,
            "용적률":249,
            "건폐율":25,
            "Y":37.525035,
            "X":126.837126,
            "rank":126.0,
            "area_info":"23평(77.29), 23평(77.88), 27평(92.49), 32평(106.21), 32평(106.57), 32평(106.67)",
            "last_sales":"2022-01-17,58000.0,23평(77.29)"
        },
        {
            "index":550,
            "아파트명":"양천벽산블루밍2단지",
            "투자타입":"일반",
            "전용면적(m2)":"76.04",
            "전용면적(평)":"23평",
            "법정동주소":"서울시 양천구 신월동 1027",
            "도로명주소":"서울시 양천구 월정로9길 20",
            "세대수":0,
            "입주년차":40,
            "용적률점수":"--",
            "건폐율점수":"--",
            "세대당주차수":30,
            "난방방식":30,
            "공급면적":"--",
            "전용률":"--",
            "욕실수":100,
            "현관타입":100,
            "주거총점":35.5,
            "지역구공급총점":100.0,
            "역세권":0,
            "30분내 이동가능 거점":40,
            "1시간내 이동가능 거점":60,
            "교통총점":24.0,
            "백화점":0,
            "아울렛몰":0,
            "대형마트":0,
            "은행":0,
            "병원":60,
            "종합병원":100,
            "공원":100,
            "혐오시설":0,
            "인프라총점":29.0,
            "초등학군":85.89,
            "중학군":41.58,
            "학군총점":50.442,
            "인구수":52.04,
            "인구증감":-10.48,
            "인구총점":33.284,
            "일자리":14.8,
            "소득수준":58.01,
            "일자리총점":27.763,
            "가치 총점":31.7663,
            "매매실거래년":20211112.0,
            "매매실거래가":70000.0,
            "전세실거래년":20211218.0,
            "전세실거래가":29400.0,
            "전세가율":42.61,
            "장기전세가율평균":60.67,
            "전세가율거품지수":18.06,
            "검색코드":22681,
            "세대수":235.0,
            "준공년월":"2006-09-15",
            "준공년차":17.0,
            "가까운역이름":"까치산",
            "가까운역거리":1019.34,
            "역세권여부":"비역세권",
            "30분이내주요거점역":2,
            "1시간이내주요거점역":6,
            "3km이내백화점수":0,
            "5km이내아울렛몰수":0,
            "1km이내대형먀트수":0,
            "500m이내은행수":0,
            "500m이내병원수":10,
            "5km이내대형병원수":8,
            "500m이내공원수":6,
            "3km이내혐오시설수":0,
            "초등학교학업성취도":85.89,
            "중학교학업성취도":68.9,
            "용적률":249,
            "건폐율":24,
            "Y":37.525114,
            "X":126.838732,
            "rank":126.0,
            "area_info":"23평(76.04), 23평(76.53), 23평(76.04), 29평(96.48), 32평(106.66), 32평(106.66), 32평(107.38)",
            "last_sales":"2021-11-12,70000.0,32평(106.66)"
        },
        {
            "index":544,
            "아파트명":"양천벽산블루밍1단지",
            "투자타입":"일반",
            "전용면적(m2)":"76.19",
            "전용면적(평)":"23평",
            "법정동주소":"서울시 양천구 신월동 1026",
            "도로명주소":"서울시 양천구 월정로9길 17",
            "세대수":0,
            "입주년차":40,
            "용적률점수":"--",
            "건폐율점수":"--",
            "세대당주차수":30,
            "난방방식":30,
            "공급면적":"--",
            "전용률":"--",
            "욕실수":100,
            "현관타입":100,
            "주거총점":35.5,
            "지역구공급총점":100.0,
            "역세권":0,
            "30분내 이동가능 거점":40,
            "1시간내 이동가능 거점":60,
            "교통총점":24.0,
            "백화점":0,
            "아울렛몰":0,
            "대형마트":0,
            "은행":0,
            "병원":60,
            "종합병원":100,
            "공원":100,
            "혐오시설":0,
            "인프라총점":29.0,
            "초등학군":85.38,
            "중학군":40.18,
            "학군총점":49.22,
            "인구수":52.04,
            "인구증감":-10.48,
            "인구총점":33.284,
            "일자리":14.8,
            "소득수준":58.01,
            "일자리총점":27.763,
            "가치 총점":31.583,
            "매매실거래년":20211031.0,
            "매매실거래가":84000.0,
            "전세실거래년":20211031.0,
            "전세실거래가":39000.0,
            "전세가율":61.9,
            "장기전세가율평균":60.67,
            "전세가율거품지수":-1.23,
            "검색코드":22680,
            "세대수":202.0,
            "준공년월":"2006-09-15",
            "준공년차":17.0,
            "가까운역이름":"까치산",
            "가까운역거리":1058.62,
            "역세권여부":"비역세권",
            "30분이내주요거점역":2,
            "1시간이내주요거점역":6,
            "3km이내백화점수":0,
            "5km이내아울렛몰수":0,
            "1km이내대형먀트수":0,
            "500m이내은행수":1,
            "500m이내병원수":14,
            "5km이내대형병원수":8,
            "500m이내공원수":7,
            "3km이내혐오시설수":0,
            "초등학교학업성취도":85.38,
            "중학교학업성취도":66.5,
            "용적률":244,
            "건폐율":24,
            "Y":37.52434,
            "X":126.839174,
            "rank":127.0,
            "area_info":"23평(76.19), 23평(76.19), 23평(76.68), 29평(96.67), 32평(106.88), 32평(107.6)",
            "last_sales":"2021-10-31,84000.0,32평(106.88)"
        },
        {
            "index":541,
            "아파트명":"양천롯데캐슬2단지",
            "투자타입":"일반",
            "전용면적(m2)":"79.86",
            "전용면적(평)":"24평",
            "법정동주소":"서울시 양천구 신월동 1057-1",
            "도로명주소":"서울시 양천구 오목로5길 20",
            "세대수":0,
            "입주년차":60,
            "용적률점수":"--",
            "건폐율점수":"--",
            "세대당주차수":30,
            "난방방식":30,
            "공급면적":"--",
            "전용률":"--",
            "욕실수":100,
            "현관타입":50,
            "주거총점":34.5,
            "지역구공급총점":100.0,
            "역세권":0,
            "30분내 이동가능 거점":40,
            "1시간내 이동가능 거점":60,
            "교통총점":24.0,
            "백화점":0,
            "아울렛몰":0,
            "대형마트":0,
            "은행":0,
            "병원":60,
            "종합병원":100,
            "공원":100,
            "혐오시설":0,
            "인프라총점":29.0,
            "초등학군":85.38,
            "중학군":40.18,
            "학군총점":49.22,
            "인구수":52.04,
            "인구증감":-10.48,
            "인구총점":33.284,
            "일자리":14.8,
            "소득수준":58.01,
            "일자리총점":27.763,
            "가치 총점":31.383,
            "매매실거래년":20211031.0,
            "매매실거래가":77000.0,
            "전세실거래년":20211220.0,
            "전세실거래가":50000.0,
            "전세가율":64.94,
            "장기전세가율평균":60.67,
            "전세가율거품지수":-4.27,
            "검색코드":105496,
            "세대수":120.0,
            "준공년월":"2010-10-14",
            "준공년차":13.0,
            "가까운역이름":"까치산",
            "가까운역거리":1029.44,
            "역세권여부":"비역세권",
            "30분이내주요거점역":2,
            "1시간이내주요거점역":6,
            "3km이내백화점수":0,
            "5km이내아울렛몰수":0,
            "1km이내대형먀트수":0,
            "500m이내은행수":1,
            "500m이내병원수":16,
            "5km이내대형병원수":8,
            "500m이내공원수":8,
            "3km이내혐오시설수":0,
            "초등학교학업성취도":85.38,
            "중학교학업성취도":66.5,
            "용적률":200,
            "건폐율":24,
            "Y":37.523694,
            "X":126.840971,
            "rank":128.0,
            "area_info":"24평(79.86), 33평(111.89), 33평(112.21)",
            "last_sales":"2021-10-31,77000.0,24평(79.86)"
        },
        {
            "index":427,
            "아파트명":"벽산블루밍2단지",
            "투자타입":"일반",
            "전용면적(m2)":"76.54",
            "전용면적(평)":"23평",
            "법정동주소":"서울시 양천구 신월동 1023",
            "도로명주소":"서울시 양천구 신정로13길 51",
            "세대수":0,
            "입주년차":20,
            "용적률점수":"--",
            "건폐율점수":"--",
            "세대당주차수":30,
            "난방방식":30,
            "공급면적":"--",
            "전용률":"--",
            "욕실수":100,
            "현관타입":100,
            "주거총점":31.5,
            "지역구공급총점":100.0,
            "역세권":0,
            "30분내 이동가능 거점":40,
            "1시간내 이동가능 거점":50,
            "교통총점":22.0,
            "백화점":0,
            "아울렛몰":0,
            "대형마트":0,
            "은행":0,
            "병원":60,
            "종합병원":100,
            "공원":100,
            "혐오시설":0,
            "인프라총점":29.0,
            "초등학군":93.67,
            "중학군":48.92,
            "학군총점":57.87,
            "인구수":52.04,
            "인구증감":-10.48,
            "인구총점":33.284,
            "일자리":14.8,
            "소득수준":58.01,
            "일자리총점":27.763,
            "가치 총점":31.3805,
            "매매실거래년":20211004.0,
            "매매실거래가":92000.0,
            "전세실거래년":20210930.0,
            "전세실거래가":46000.0,
            "전세가율":66.96,
            "장기전세가율평균":60.67,
            "전세가율거품지수":-6.29,
            "검색코드":8956,
            "세대수":237.0,
            "준공년월":"2003-12-16",
            "준공년차":20.0,
            "가까운역이름":"신정네거리",
            "가까운역거리":1211.25,
            "역세권여부":"비역세권",
            "30분이내주요거점역":2,
            "1시간이내주요거점역":5,
            "3km이내백화점수":0,
            "5km이내아울렛몰수":0,
            "1km이내대형먀트수":0,
            "500m이내은행수":1,
            "500m이내병원수":25,
            "5km이내대형병원수":9,
            "500m이내공원수":7,
            "3km이내혐오시설수":0,
            "초등학교학업성취도":93.67,
            "중학교학업성취도":79.4,
            "용적률":299,
            "건폐율":18,
            "Y":37.514076,
            "X":126.841448,
            "rank":129.0,
            "area_info":"23평(76.54), 32평(107.86), 37평(125.05)",
            "last_sales":"2021-10-04,92000.0,37평(125.05)"
        },
        {
            "index":502,
            "아파트명":"신월보람쉬움1차",
            "투자타입":"일반",
            "전용면적(m2)":"78.64",
            "전용면적(평)":"23평",
            "법정동주소":"서울시 양천구 신월동 416-1",
            "도로명주소":"서울시 양천구 남부순환로67길 15",
            "세대수":0,
            "입주년차":20,
            "용적률점수":"--",
            "건폐율점수":"--",
            "세대당주차수":0,
            "난방방식":30,
            "공급면적":"--",
            "전용률":"--",
            "욕실수":100,
            "현관타입":100,
            "주거총점":27.0,
            "지역구공급총점":100.0,
            "역세권":0,
            "30분내 이동가능 거점":40,
            "1시간내 이동가능 거점":70,
            "교통총점":26.0,
            "백화점":0,
            "아울렛몰":0,
            "대형마트":0,
            "은행":0,
            "병원":60,
            "종합병원":100,
            "공원":100,
            "혐오시설":0,
            "인프라총점":29.0,
            "초등학군":85.38,
            "중학군":41.58,
            "학군총점":50.34,
            "인구수":52.04,
            "인구증감":-10.48,
            "인구총점":33.284,
            "일자리":14.8,
            "소득수준":58.01,
            "일자리총점":27.763,
            "가치 총점":30.751,
            "매매실거래년":20211224.0,
            "매매실거래가":54000.0,
            "전세실거래년":20210410.0,
            "전세실거래가":23100.0,
            "전세가율":42.78,
            "장기전세가율평균":60.67,
            "전세가율거품지수":17.89,
            "검색코드":10327,
            "세대수":110.0,
            "준공년월":"2003-08-28",
            "준공년차":20.0,
            "가까운역이름":"까치산",
            "가까운역거리":1140.8,
            "역세권여부":"비역세권",
            "30분이내주요거점역":2,
            "1시간이내주요거점역":7,
            "3km이내백화점수":0,
            "5km이내아울렛몰수":0,
            "1km이내대형먀트수":0,
            "500m이내은행수":0,
            "500m이내병원수":20,
            "5km이내대형병원수":8,
            "500m이내공원수":8,
            "3km이내혐오시설수":0,
            "초등학교학업성취도":85.38,
            "중학교학업성취도":68.9,
            "용적률":297,
            "건폐율":23,
            "Y":37.524472,
            "X":126.837588,
            "rank":130.0,
            "area_info":"23평(78.64), 28평(94.03), 33평(111.71)",
            "last_sales":"2021-12-24,54000.0,23평(78.64)"
        },
        {
            "index":423,
            "아파트명":"벽산블루밍1단지",
            "투자타입":"일반",
            "전용면적(m2)":"76.75",
            "전용면적(평)":"23평",
            "법정동주소":"서울시 양천구 신월동 1022",
            "도로명주소":"서울시 양천구",
            "세대수":0,
            "입주년차":20,
            "용적률점수":"--",
            "건폐율점수":"--",
            "세대당주차수":0,
            "난방방식":30,
            "공급면적":"--",
            "전용률":"--",
            "욕실수":100,
            "현관타입":100,
            "주거총점":27.0,
            "지역구공급총점":100.0,
            "역세권":0,
            "30분내 이동가능 거점":40,
            "1시간내 이동가능 거점":50,
            "교통총점":22.0,
            "백화점":0,
            "아울렛몰":0,
            "대형마트":0,
            "은행":0,
            "병원":60,
            "종합병원":100,
            "공원":100,
            "혐오시설":0,
            "인프라총점":29.0,
            "초등학군":93.67,
            "중학군":48.92,
            "학군총점":57.87,
            "인구수":52.04,
            "인구증감":-10.48,
            "인구총점":33.284,
            "일자리":14.8,
            "소득수준":58.01,
            "일자리총점":27.763,
            "가치 총점":30.4805,
            "매매실거래년":20211106.0,
            "매매실거래가":80000.0,
            "전세실거래년":20211220.0,
            "전세실거래가":30000.0,
            "전세가율":37.5,
            "장기전세가율평균":60.67,
            "전세가율거품지수":23.17,
            "검색코드":100390,
            "세대수":207.0,
            "준공년월":"2003-12-16",
            "준공년차":20.0,
            "가까운역이름":"신정네거리",
            "가까운역거리":1183.14,
            "역세권여부":"비역세권",
            "30분이내주요거점역":2,
            "1시간이내주요거점역":5,
            "3km이내백화점수":0,
            "5km이내아울렛몰수":0,
            "1km이내대형먀트수":0,
            "500m이내은행수":1,
            "500m이내병원수":21,
            "5km이내대형병원수":9,
            "500m이내공원수":6,
            "3km이내혐오시설수":0,
            "초등학교학업성취도":93.67,
            "중학교학업성취도":79.4,
            "용적률":275,
            "건폐율":22,
            "Y":37.513669,
            "X":126.8422,
            "rank":131.0,
            "area_info":"23평(76.75), 23평(76.73), 32평(107.31), 32평(108.45)",
            "last_sales":"2021-11-06,80000.0,23평(76.75)"
        },
        {
            "index":807,
            "아파트명":"신정숲속마을",
            "투자타입":"일반",
            "전용면적(m2)":"110.37",
            "전용면적(평)":"33평",
            "법정동주소":"서울시 양천구 신정동 1324",
            "도로명주소":"서울시 양천구 신정로 110",
            "세대수":50,
            "입주년차":80,
            "용적률점수":"--",
            "건폐율점수":"--",
            "세대당주차수":0,
            "난방방식":100,
            "공급면적":"--",
            "전용률":"--",
            "욕실수":100,
            "현관타입":100,
            "주거총점":63.5,
            "지역구공급총점":100.0,
            "역세권":0,
            "30분내 이동가능 거점":0,
            "1시간내 이동가능 거점":50,
            "교통총점":10.0,
            "백화점":0,
            "아울렛몰":0,
            "대형마트":0,
            "은행":0,
            "병원":0,
            "종합병원":100,
            "공원":100,
            "혐오시설":0,
            "인프라총점":23.0,
            "초등학군":82.94,
            "중학군":40.5,
            "학군총점":48.988,
            "인구수":52.04,
            "인구증감":-10.48,
            "인구총점":33.284,
            "일자리":14.8,
            "소득수준":58.01,
            "일자리총점":27.763,
            "가치 총점":30.4482,
            "매매실거래년":20211107.0,
            "매매실거래가":82500.0,
            "전세실거래년":20211022.0,
            "전세실거래가":37000.0,
            "전세가율":48.68,
            "장기전세가율평균":60.67,
            "전세가율거품지수":11.99,
            "검색코드":113077,
            "세대수":560.0,
            "준공년월":"2016-08-10",
            "준공년차":7.0,
            "가까운역이름":"오류동",
            "가까운역거리":1494.33,
            "역세권여부":"비역세권",
            "30분이내주요거점역":0,
            "1시간이내주요거점역":5,
            "3km이내백화점수":0,
            "5km이내아울렛몰수":0,
            "1km이내대형먀트수":0,
            "500m이내은행수":0,
            "500m이내병원수":0,
            "5km이내대형병원수":9,
            "500m이내공원수":2,
            "3km이내혐오시설수":0,
            "초등학교학업성취도":82.94,
            "중학교학업성취도":66.9,
            "용적률":219,
            "건폐율":20,
            "Y":37.505383,
            "X":126.835382,
            "rank":132.0,
            "area_info":"33평(110.37), 37평(124.39), 37평(124.39)",
            "last_sales":"2021-11-07,82500.0,37평(124.39)"
        },
        {
            "index":833,
            "아파트명":"신정이펜하우스5단지",
            "투자타입":"일반",
            "전용면적(m2)":"148.98",
            "전용면적(평)":"45평",
            "법정동주소":"서울시 양천구 신정동 1318",
            "도로명주소":"서울시 양천구 신정이펜1로 27",
            "세대수":0,
            "입주년차":60,
            "용적률점수":"--",
            "건폐율점수":"--",
            "세대당주차수":30,
            "난방방식":100,
            "공급면적":"--",
            "전용률":"--",
            "욕실수":100,
            "현관타입":100,
            "주거총점":46.5,
            "지역구공급총점":100.0,
            "역세권":0,
            "30분내 이동가능 거점":0,
            "1시간내 이동가능 거점":50,
            "교통총점":10.0,
            "백화점":0,
            "아울렛몰":0,
            "대형마트":0,
            "은행":0,
            "병원":60,
            "종합병원":100,
            "공원":100,
            "혐오시설":0,
            "인프라총점":29.0,
            "초등학군":84.5,
            "중학군":48.92,
            "학군총점":56.036,
            "인구수":52.04,
            "인구증감":-10.48,
            "인구총점":33.284,
            "일자리":14.8,
            "소득수준":58.01,
            "일자리총점":27.763,
            "가치 총점":29.9054,
            "매매실거래년":20210831.0,
            "매매실거래가":109500.0,
            "전세실거래년":20211221.0,
            "전세실거래가":70000.0,
            "전세가율":63.93,
            "장기전세가율평균":60.67,
            "전세가율거품지수":-3.26,
            "검색코드":103222,
            "세대수":238.0,
            "준공년월":"2011-04-18",
            "준공년차":12.0,
            "가까운역이름":"신정네거리",
            "가까운역거리":1997.83,
            "역세권여부":"비역세권",
            "30분이내주요거점역":0,
            "1시간이내주요거점역":5,
            "3km이내백화점수":0,
            "5km이내아울렛몰수":0,
            "1km이내대형먀트수":0,
            "500m이내은행수":0,
            "500m이내병원수":10,
            "5km이내대형병원수":9,
            "500m이내공원수":5,
            "3km이내혐오시설수":0,
            "초등학교학업성취도":84.5,
            "중학교학업성취도":79.4,
            "용적률":187,
            "건폐율":23,
            "Y":37.510844,
            "X":126.833478,
            "rank":133.0,
            "area_info":"45평(148.98)",
            "last_sales":"2021-08-31,109500.0,45평(148.98)"
        },
        {
            "index":438,
            "아파트명":"성원",
            "투자타입":"일반",
            "전용면적(m2)":"84.68",
            "전용면적(평)":"25평",
            "법정동주소":"서울시 양천구 신월동 222-7",
            "도로명주소":"서울시 양천구 곰달래로2길 16",
            "세대수":0,
            "입주년차":0,
            "용적률점수":"--",
            "건폐율점수":"--",
            "세대당주차수":0,
            "난방방식":30,
            "공급면적":"--",
            "전용률":"--",
            "욕실수":50,
            "현관타입":10,
            "주거총점":9.0,
            "지역구공급총점":100.0,
            "역세권":0,
            "30분내 이동가능 거점":40,
            "1시간내 이동가능 거점":90,
            "교통총점":30.0,
            "백화점":0,
            "아울렛몰":80,
            "대형마트":0,
            "은행":0,
            "병원":60,
            "종합병원":100,
            "공원":100,
            "혐오시설":0,
            "인프라총점":37.0,
            "초등학군":83.39,
            "중학군":29.9,
            "학군총점":40.598,
            "인구수":52.04,
            "인구증감":-10.48,
            "인구총점":33.284,
            "일자리":14.8,
            "소득수준":58.01,
            "일자리총점":27.763,
            "가치 총점":29.4897,
            "매매실거래년":20220108.0,
            "매매실거래가":41000.0,
            "전세실거래년":20211101.0,
            "전세실거래가":25000.0,
            "전세가율":60.98,
            "장기전세가율평균":60.67,
            "전세가율거품지수":-0.31,
            "검색코드":1206,
            "세대수":170.0,
            "준공년월":"1996-12-20",
            "준공년차":27.0,
            "가까운역이름":"까치산",
            "가까운역거리":1209.9,
            "역세권여부":"비역세권",
            "30분이내주요거점역":2,
            "1시간이내주요거점역":9,
            "3km이내백화점수":0,
            "5km이내아울렛몰수":1,
            "1km이내대형먀트수":0,
            "500m이내은행수":1,
            "500m이내병원수":12,
            "5km이내대형병원수":8,
            "500m이내공원수":5,
            "3km이내혐오시설수":0,
            "초등학교학업성취도":83.39,
            "중학교학업성취도":49.5,
            "용적률":393,
            "건폐율":32,
            "Y":37.528182,
            "X":126.833729,
            "rank":134.0,
            "area_info":"25평(84.68), 33평(109.24), 35평(118.04)",
            "last_sales":"2022-01-08,41000.0,25평(84.68)"
        },
        {
            "index":384,
            "아파트명":"나산",
            "투자타입":"일반",
            "전용면적(m2)":"78.09",
            "전용면적(평)":"23평",
            "법정동주소":"서울시 양천구 신월동 217-2",
            "도로명주소":"서울시 양천구 남부순환로65길 6",
            "세대수":0,
            "입주년차":0,
            "용적률점수":"--",
            "건폐율점수":"--",
            "세대당주차수":0,
            "난방방식":30,
            "공급면적":"--",
            "전용률":"--",
            "욕실수":50,
            "현관타입":100,
            "주거총점":18.0,
            "지역구공급총점":100.0,
            "역세권":0,
            "30분내 이동가능 거점":40,
            "1시간내 이동가능 거점":70,
            "교통총점":26.0,
            "백화점":0,
            "아울렛몰":80,
            "대형마트":0,
            "은행":0,
            "병원":30,
            "종합병원":100,
            "공원":100,
            "혐오시설":0,
            "인프라총점":34.0,
            "초등학군":83.39,
            "중학군":29.9,
            "학군총점":40.598,
            "인구수":52.04,
            "인구증감":-10.48,
            "인구총점":33.284,
            "일자리":14.8,
            "소득수준":58.01,
            "일자리총점":27.763,
            "가치 총점":28.9897,
            "매매실거래년":20211027.0,
            "매매실거래가":55000.0,
            "전세실거래년":20210719.0,
            "전세실거래가":26000.0,
            "전세가율":68.06,
            "장기전세가율평균":60.67,
            "전세가율거품지수":-7.39,
            "검색코드":3776,
            "세대수":106.0,
            "준공년월":"1997-06-03",
            "준공년차":26.0,
            "가까운역이름":"까치산",
            "가까운역거리":1190.42,
            "역세권여부":"비역세권",
            "30분이내주요거점역":2,
            "1시간이내주요거점역":7,
            "3km이내백화점수":0,
            "5km이내아울렛몰수":1,
            "1km이내대형먀트수":0,
            "500m이내은행수":1,
            "500m이내병원수":9,
            "5km이내대형병원수":8,
            "500m이내공원수":4,
            "3km이내혐오시설수":0,
            "초등학교학업성취도":83.39,
            "중학교학업성취도":49.5,
            "용적률":393,
            "건폐율":31,
            "Y":37.52756,
            "X":126.83427,
            "rank":135.0,
            "area_info":"23평(78.09), 33평(109.74)",
            "last_sales":"2021-10-27,55000.0,33평(109.74)"
        },
        {
            "index":367,
            "아파트명":"금강",
            "투자타입":"일반",
            "전용면적(m2)":"84.1",
            "전용면적(평)":"25평",
            "법정동주소":"서울시 양천구 신월동 207-24",
            "도로명주소":"서울시 양천구 남부순환로64길 23",
            "세대수":0,
            "입주년차":0,
            "용적률점수":"--",
            "건폐율점수":"--",
            "세대당주차수":0,
            "난방방식":30,
            "공급면적":"--",
            "전용률":"--",
            "욕실수":50,
            "현관타입":10,
            "주거총점":9.0,
            "지역구공급총점":100.0,
            "역세권":0,
            "30분내 이동가능 거점":40,
            "1시간내 이동가능 거점":60,
            "교통총점":24.0,
            "백화점":0,
            "아울렛몰":80,
            "대형마트":0,
            "은행":0,
            "병원":30,
            "종합병원":100,
            "공원":100,
            "혐오시설":0,
            "인프라총점":34.0,
            "초등학군":83.39,
            "중학군":29.9,
            "학군총점":40.598,
            "인구수":52.04,
            "인구증감":-10.48,
            "인구총점":33.284,
            "일자리":14.8,
            "소득수준":58.01,
            "일자리총점":27.763,
            "가치 총점":26.4897,
            "매매실거래년":20210703.0,
            "매매실거래가":37500.0,
            "전세실거래년":20211113.0,
            "전세실거래가":17800.0,
            "전세가율":47.47,
            "장기전세가율평균":60.67,
            "전세가율거품지수":13.2,
            "검색코드":9901,
            "세대수":139.0,
            "준공년월":"1998-01-23",
            "준공년차":25.0,
            "가까운역이름":"까치산",
            "가까운역거리":1272.87,
            "역세권여부":"비역세권",
            "30분이내주요거점역":2,
            "1시간이내주요거점역":6,
            "3km이내백화점수":0,
            "5km이내아울렛몰수":1,
            "1km이내대형먀트수":0,
            "500m이내은행수":0,
            "500m이내병원수":6,
            "5km이내대형병원수":8,
            "500m이내공원수":5,
            "3km이내혐오시설수":0,
            "초등학교학업성취도":83.39,
            "중학교학업성취도":49.5,
            "용적률":282,
            "건폐율":28,
            "Y":37.527009,
            "X":126.833555,
            "rank":136.0,
            "area_info":"25평(84.1), 31평(105.59)",
            "last_sales":"2021-07-03,37500.0,25평(84.1)"
        }
    ]
}