{
    "schema":{
        "fields":[
            {
                "name":"index",
                "type":"integer"
            },
            {
                "name":"아파트명",
                "type":"string"
            },
            {
                "name":"투자타입",
                "type":"string"
            },
            {
                "name":"전용면적(m2)",
                "type":"string"
            },
            {
                "name":"전용면적(평)",
                "type":"string"
            },
            {
                "name":"법정동주소",
                "type":"string"
            },
            {
                "name":"도로명주소",
                "type":"string"
            },
            {
                "name":"세대수",
                "type":"integer"
            },
            {
                "name":"입주년차",
                "type":"string"
            },
            {
                "name":"용적률점수",
                "type":"string"
            },
            {
                "name":"건폐율점수",
                "type":"string"
            },
            {
                "name":"세대당주차수",
                "type":"string"
            },
            {
                "name":"난방방식",
                "type":"string"
            },
            {
                "name":"공급면적",
                "type":"string"
            },
            {
                "name":"전용률",
                "type":"string"
            },
            {
                "name":"욕실수",
                "type":"string"
            },
            {
                "name":"현관타입",
                "type":"string"
            },
            {
                "name":"주거총점",
                "type":"number"
            },
            {
                "name":"지역구공급총점",
                "type":"number"
            },
            {
                "name":"역세권",
                "type":"integer"
            },
            {
                "name":"30분내 이동가능 거점",
                "type":"integer"
            },
            {
                "name":"1시간내 이동가능 거점",
                "type":"integer"
            },
            {
                "name":"교통총점",
                "type":"number"
            },
            {
                "name":"백화점",
                "type":"integer"
            },
            {
                "name":"아울렛몰",
                "type":"integer"
            },
            {
                "name":"대형마트",
                "type":"integer"
            },
            {
                "name":"은행",
                "type":"integer"
            },
            {
                "name":"병원",
                "type":"integer"
            },
            {
                "name":"종합병원",
                "type":"integer"
            },
            {
                "name":"공원",
                "type":"integer"
            },
            {
                "name":"혐오시설",
                "type":"integer"
            },
            {
                "name":"인프라총점",
                "type":"number"
            },
            {
                "name":"초등학군",
                "type":"number"
            },
            {
                "name":"중학군",
                "type":"number"
            },
            {
                "name":"학군총점",
                "type":"number"
            },
            {
                "name":"인구수",
                "type":"number"
            },
            {
                "name":"인구증감",
                "type":"number"
            },
            {
                "name":"인구총점",
                "type":"number"
            },
            {
                "name":"일자리",
                "type":"number"
            },
            {
                "name":"소득수준",
                "type":"number"
            },
            {
                "name":"일자리총점",
                "type":"number"
            },
            {
                "name":"가치 총점",
                "type":"number"
            },
            {
                "name":"매매실거래년",
                "type":"string"
            },
            {
                "name":"매매실거래가",
                "type":"number"
            },
            {
                "name":"전세실거래년",
                "type":"number"
            },
            {
                "name":"전세실거래가",
                "type":"number"
            },
            {
                "name":"전세가율",
                "type":"number"
            },
            {
                "name":"장기전세가율평균",
                "type":"number"
            },
            {
                "name":"전세가율거품지수",
                "type":"number"
            },
            {
                "name":"검색코드",
                "type":"integer"
            },
            {
                "name":"세대수",
                "type":"number"
            },
            {
                "name":"준공년월",
                "type":"string"
            },
            {
                "name":"준공년차",
                "type":"number"
            },
            {
                "name":"가까운역이름",
                "type":"string"
            },
            {
                "name":"가까운역거리",
                "type":"number"
            },
            {
                "name":"역세권여부",
                "type":"string"
            },
            {
                "name":"30분이내주요거점역",
                "type":"integer"
            },
            {
                "name":"1시간이내주요거점역",
                "type":"integer"
            },
            {
                "name":"3km이내백화점수",
                "type":"integer"
            },
            {
                "name":"5km이내아울렛몰수",
                "type":"integer"
            },
            {
                "name":"1km이내대형먀트수",
                "type":"integer"
            },
            {
                "name":"500m이내은행수",
                "type":"integer"
            },
            {
                "name":"500m이내병원수",
                "type":"integer"
            },
            {
                "name":"5km이내대형병원수",
                "type":"integer"
            },
            {
                "name":"500m이내공원수",
                "type":"integer"
            },
            {
                "name":"3km이내혐오시설수",
                "type":"integer"
            },
            {
                "name":"초등학교학업성취도",
                "type":"number"
            },
            {
                "name":"중학교학업성취도",
                "type":"number"
            },
            {
                "name":"용적률",
                "type":"integer"
            },
            {
                "name":"건폐율",
                "type":"integer"
            },
            {
                "name":"Y",
                "type":"number"
            },
            {
                "name":"X",
                "type":"number"
            },
            {
                "name":"rank",
                "type":"number"
            },
            {
                "name":"area_info",
                "type":"string"
            },
            {
                "name":"last_sales",
                "type":"string"
            }
        ],
        "primaryKey":[
            "index"
        ],
        "pandas_version":"1.4.0"
    },
    "data":[
        {
            "index":717,
            "아파트명":"미성",
            "투자타입":"재건축",
            "전용면적(m2)":"98.64",
            "전용면적(평)":"29평",
            "법정동주소":"서울시 영등포구 여의도동 37-1",
            "도로명주소":"서울시 영등포구 의사당대로 110",
            "세대수":50,
            "입주년차":"--",
            "용적률점수":100,
            "건폐율점수":100,
            "세대당주차수":"--",
            "난방방식":"--",
            "공급면적":70,
            "전용률":100,
            "욕실수":"--",
            "현관타입":"--",
            "주거총점":83.5,
            "지역구공급총점":100.0,
            "역세권":80,
            "30분내 이동가능 거점":80,
            "1시간내 이동가능 거점":100,
            "교통총점":84.0,
            "백화점":100,
            "아울렛몰":0,
            "대형마트":80,
            "은행":100,
            "병원":100,
            "종합병원":100,
            "공원":0,
            "혐오시설":0,
            "인프라총점":82.0,
            "초등학군":85.0,
            "중학군":51.88,
            "학군총점":58.504,
            "인구수":42.36,
            "인구증감":9.01,
            "인구총점":32.355,
            "일자리":52.7,
            "소득수준":88.01,
            "일자리총점":63.293,
            "가치 총점":79.4756,
            "매매실거래년":20201216.0,
            "매매실거래가":163000.0,
            "전세실거래년":20211201.0,
            "전세실거래가":75000.0,
            "전세가율":46.01,
            "장기전세가율평균":64.5,
            "전세가율거품지수":18.49,
            "검색코드":744,
            "세대수":577.0,
            "준공년월":"1978-05-24",
            "준공년차":45.0,
            "가까운역이름":"여의도",
            "가까운역거리":187.52,
            "역세권여부":"역세권",
            "30분이내주요거점역":4,
            "1시간이내주요거점역":12,
            "3km이내백화점수":3,
            "5km이내아울렛몰수":0,
            "1km이내대형먀트수":1,
            "500m이내은행수":24,
            "500m이내병원수":67,
            "5km이내대형병원수":13,
            "500m이내공원수":0,
            "3km이내혐오시설수":0,
            "초등학교학업성취도":85.0,
            "중학교학업성취도":84.6,
            "용적률":96,
            "건폐율":13,
            "Y":37.51999,
            "X":126.924717,
            "rank":1.0,
            "area_info":"29평(98.64), 32평(108.5), 37평(123.7), 46평(152.26), 53평(176.03)",
            "last_sales":"2020-12-16,163000.0,29평(98.64)"
        },
        {
            "index":303,
            "아파트명":"국화맨션",
            "투자타입":"재건축",
            "전용면적(m2)":"102.87",
            "전용면적(평)":"31평",
            "법정동주소":"서울시 영등포구 문래동3가 76-1",
            "도로명주소":"서울시 영등포구 도림로 464",
            "세대수":0,
            "입주년차":"--",
            "용적률점수":80,
            "건폐율점수":100,
            "세대당주차수":"--",
            "난방방식":"--",
            "공급면적":90,
            "전용률":80,
            "욕실수":"--",
            "현관타입":"--",
            "주거총점":60.5,
            "지역구공급총점":100.0,
            "역세권":80,
            "30분내 이동가능 거점":80,
            "1시간내 이동가능 거점":100,
            "교통총점":84.0,
            "백화점":100,
            "아울렛몰":100,
            "대형마트":100,
            "은행":100,
            "병원":80,
            "종합병원":100,
            "공원":100,
            "혐오시설":0,
            "인프라총점":96.0,
            "초등학군":86.21,
            "중학군":51.68,
            "학군총점":58.586,
            "인구수":42.36,
            "인구증감":9.01,
            "인구총점":32.355,
            "일자리":52.7,
            "소득수준":88.01,
            "일자리총점":63.293,
            "가치 총점":79.0879,
            "매매실거래년":20210118.0,
            "매매실거래가":129000.0,
            "전세실거래년":20211209.0,
            "전세실거래가":41475.0,
            "전세가율":35.15,
            "장기전세가율평균":64.5,
            "전세가율거품지수":29.35,
            "검색코드":701,
            "세대수":270.0,
            "준공년월":"1983-12-19",
            "준공년차":40.0,
            "가까운역이름":"문래",
            "가까운역거리":233.94,
            "역세권여부":"역세권",
            "30분이내주요거점역":4,
            "1시간이내주요거점역":10,
            "3km이내백화점수":4,
            "5km이내아울렛몰수":2,
            "1km이내대형먀트수":3,
            "500m이내은행수":5,
            "500m이내병원수":35,
            "5km이내대형병원수":12,
            "500m이내공원수":3,
            "3km이내혐오시설수":0,
            "초등학교학업성취도":86.21,
            "중학교학업성취도":83.8,
            "용적률":161,
            "건폐율":11,
            "Y":37.51641,
            "X":126.89293,
            "rank":2.0,
            "area_info":"31평(102.87), 41평(138.5)",
            "last_sales":"2021-01-18,129000.0,41평(138.5)"
        },
        {
            "index":78,
            "아파트명":"한양",
            "투자타입":"재건축",
            "전용면적(m2)":"88.89",
            "전용면적(평)":"26평",
            "법정동주소":"서울시 영등포구 당산동3가 2-6",
            "도로명주소":"서울시 영등포구 영신로 193",
            "세대수":30,
            "입주년차":"--",
            "용적률점수":80,
            "건폐율점수":100,
            "세대당주차수":"--",
            "난방방식":"--",
            "공급면적":70,
            "전용률":80,
            "욕실수":"--",
            "현관타입":"--",
            "주거총점":68.5,
            "지역구공급총점":100.0,
            "역세권":80,
            "30분내 이동가능 거점":100,
            "1시간내 이동가능 거점":100,
            "교통총점":90.0,
            "백화점":100,
            "아울렛몰":0,
            "대형마트":100,
            "은행":70,
            "병원":80,
            "종합병원":100,
            "공원":100,
            "혐오시설":0,
            "인프라총점":83.0,
            "초등학군":83.72,
            "중학군":53.46,
            "학군총점":59.512,
            "인구수":42.36,
            "인구증감":9.01,
            "인구총점":32.355,
            "일자리":52.7,
            "소득수준":88.01,
            "일자리총점":63.293,
            "가치 총점":79.0268,
            "매매실거래년":20211113.0,
            "매매실거래가":113000.0,
            "전세실거래년":20211102.0,
            "전세실거래가":53000.0,
            "전세가율":46.9,
            "장기전세가율평균":64.5,
            "전세가율거품지수":17.6,
            "검색코드":687,
            "세대수":338.0,
            "준공년월":"1986-02-28",
            "준공년차":37.0,
            "가까운역이름":"영등포구청",
            "가까운역거리":391.59,
            "역세권여부":"역세권",
            "30분이내주요거점역":7,
            "1시간이내주요거점역":12,
            "3km이내백화점수":5,
            "5km이내아울렛몰수":0,
            "1km이내대형먀트수":3,
            "500m이내은행수":4,
            "500m이내병원수":37,
            "5km이내대형병원수":12,
            "500m이내공원수":4,
            "3km이내혐오시설수":0,
            "초등학교학업성취도":83.72,
            "중학교학업성취도":88.1,
            "용적률":178,
            "건폐율":17,
            "Y":37.525577,
            "X":126.900325,
            "rank":3.0,
            "area_info":"26평(88.89), 30평(101.2)",
            "last_sales":"2021-11-13,113000.0,26평(88.89)"
        },
        {
            "index":30,
            "아파트명":"현대",
            "투자타입":"일반",
            "전용면적(m2)":"101.67",
            "전용면적(평)":"30평",
            "법정동주소":"서울시 영등포구 당산동2가 164",
            "도로명주소":"서울시 영등포구 당산로 95",
            "세대수":80,
            "입주년차":0,
            "용적률점수":"--",
            "건폐율점수":"--",
            "세대당주차수":0,
            "난방방식":30,
            "공급면적":"--",
            "전용률":"--",
            "욕실수":100,
            "현관타입":100,
            "주거총점":51.0,
            "지역구공급총점":100.0,
            "역세권":80,
            "30분내 이동가능 거점":100,
            "1시간내 이동가능 거점":100,
            "교통총점":90.0,
            "백화점":100,
            "아울렛몰":80,
            "대형마트":100,
            "은행":100,
            "병원":60,
            "종합병원":100,
            "공원":80,
            "혐오시설":0,
            "인프라총점":91.4,
            "초등학군":86.54,
            "중학군":51.68,
            "학군총점":58.652,
            "인구수":42.36,
            "인구증감":9.01,
            "인구총점":32.355,
            "일자리":52.7,
            "소득수준":88.01,
            "일자리총점":63.293,
            "가치 총점":77.9178,
            "매매실거래년":20211112.0,
            "매매실거래가":123800.0,
            "전세실거래년":20211214.0,
            "전세실거래가":51450.0,
            "전세가율":41.56,
            "장기전세가율평균":64.5,
            "전세가율거품지수":22.94,
            "검색코드":688,
            "세대수":783.0,
            "준공년월":"1994-06-08",
            "준공년차":29.0,
            "가까운역이름":"영등포구청",
            "가까운역거리":217.51,
            "역세권여부":"역세권",
            "30분이내주요거점역":7,
            "1시간이내주요거점역":13,
            "3km이내백화점수":4,
            "5km이내아울렛몰수":1,
            "1km이내대형먀트수":2,
            "500m이내은행수":5,
            "500m이내병원수":27,
            "5km이내대형병원수":12,
            "500m이내공원수":1,
            "3km이내혐오시설수":0,
            "초등학교학업성취도":86.54,
            "중학교학업성취도":83.8,
            "용적률":299,
            "건폐율":22,
            "Y":37.523352,
            "X":126.894565,
            "rank":4.0,
            "area_info":"30평(101.67)",
            "last_sales":"2021-11-12,123800.0,30평(101.67)"
        },
        {
            "index":497,
            "아파트명":"신길우성4차",
            "투자타입":"재건축",
            "전용면적(m2)":"91.01",
            "전용면적(평)":"27평",
            "법정동주소":"서울시 영등포구 신길동 102-8",
            "도로명주소":"서울시 영등포구 영등포로64길 11",
            "세대수":50,
            "입주년차":"--",
            "용적률점수":80,
            "건폐율점수":80,
            "세대당주차수":"--",
            "난방방식":"--",
            "공급면적":70,
            "전용률":80,
            "욕실수":"--",
            "현관타입":"--",
            "주거총점":70.5,
            "지역구공급총점":100.0,
            "역세권":80,
            "30분내 이동가능 거점":80,
            "1시간내 이동가능 거점":100,
            "교통총점":84.0,
            "백화점":100,
            "아울렛몰":100,
            "대형마트":80,
            "은행":70,
            "병원":60,
            "종합병원":100,
            "공원":80,
            "혐오시설":0,
            "인프라총점":87.4,
            "초등학군":81.82,
            "중학군":44.96,
            "학군총점":52.332,
            "인구수":42.36,
            "인구증감":9.01,
            "인구총점":32.355,
            "일자리":52.7,
            "소득수준":88.01,
            "일자리총점":63.293,
            "가치 총점":77.5698,
            "매매실거래년":20210915.0,
            "매매실거래가":107000.0,
            "전세실거래년":20220113.0,
            "전세실거래가":40000.0,
            "전세가율":42.55,
            "장기전세가율평균":64.5,
            "전세가율거품지수":21.95,
            "검색코드":966,
            "세대수":476.0,
            "준공년월":"1991-05-04",
            "준공년차":32.0,
            "가까운역이름":"신길",
            "가까운역거리":325.59,
            "역세권여부":"역세권",
            "30분이내주요거점역":4,
            "1시간이내주요거점역":13,
            "3km이내백화점수":5,
            "5km이내아울렛몰수":2,
            "1km이내대형먀트수":1,
            "500m이내은행수":3,
            "500m이내병원수":23,
            "5km이내대형병원수":14,
            "500m이내공원수":1,
            "3km이내혐오시설수":0,
            "초등학교학업성취도":81.82,
            "중학교학업성취도":74.2,
            "용적률":213,
            "건폐율":20,
            "Y":37.514205,
            "X":126.916848,
            "rank":5.0,
            "area_info":"27평(91.01), 31평(102.55), 31평(102.52)",
            "last_sales":"2021-09-15,107000.0,31평(102.55)"
        },
        {
            "index":644,
            "아파트명":"광장",
            "투자타입":"재건축",
            "전용면적(m2)":"110.28",
            "전용면적(평)":"33평",
            "법정동주소":"서울시 영등포구 여의도동 28",
            "도로명주소":"서울시 영등포구 여의나루로 7",
            "세대수":80,
            "입주년차":"--",
            "용적률점수":80,
            "건폐율점수":100,
            "세대당주차수":"--",
            "난방방식":"--",
            "공급면적":90,
            "전용률":100,
            "욕실수":"--",
            "현관타입":"--",
            "주거총점":85.5,
            "지역구공급총점":100.0,
            "역세권":80,
            "30분내 이동가능 거점":60,
            "1시간내 이동가능 거점":100,
            "교통총점":78.0,
            "백화점":100,
            "아울렛몰":0,
            "대형마트":80,
            "은행":100,
            "병원":80,
            "종합병원":100,
            "공원":0,
            "혐오시설":0,
            "인프라총점":80.0,
            "초등학군":85.0,
            "중학군":51.88,
            "학군총점":58.504,
            "인구수":42.36,
            "인구증감":9.01,
            "인구총점":32.355,
            "일자리":52.7,
            "소득수준":88.01,
            "일자리총점":63.293,
            "가치 총점":77.1756,
            "매매실거래년":20210121.0,
            "매매실거래가":272000.0,
            "전세실거래년":20211025.0,
            "전세실거래가":57750.0,
            "전세가율":31.05,
            "장기전세가율평균":64.5,
            "전세가율거품지수":33.45,
            "검색코드":740,
            "세대수":744.0,
            "준공년월":"1978-05-26",
            "준공년차":45.0,
            "가까운역이름":"여의도",
            "가까운역거리":285.0,
            "역세권여부":"역세권",
            "30분이내주요거점역":3,
            "1시간이내주요거점역":11,
            "3km이내백화점수":3,
            "5km이내아울렛몰수":0,
            "1km이내대형먀트수":1,
            "500m이내은행수":9,
            "500m이내병원수":41,
            "5km이내대형병원수":13,
            "500m이내공원수":0,
            "3km이내혐오시설수":0,
            "초등학교학업성취도":85.0,
            "중학교학업성취도":84.6,
            "용적률":183,
            "건폐율":15,
            "Y":37.520526,
            "X":126.921271,
            "rank":6.0,
            "area_info":"33평(110.28), 37평(125.55), 38평(126.38), 39평(129.13), 44평(146.52), 45평(149.02), 49평(162.38), 59평(197.65)",
            "last_sales":"2021-01-21,272000.0,59평(197.65)"
        },
        {
            "index":319,
            "아파트명":"문래자이",
            "투자타입":"일반",
            "전용면적(m2)":"115.99",
            "전용면적(평)":"35평",
            "법정동주소":"서울시 영등포구 문래동3가 54",
            "도로명주소":"서울시 영등포구 당산로4길 12",
            "세대수":90,
            "입주년차":20,
            "용적률점수":"--",
            "건폐율점수":"--",
            "세대당주차수":60,
            "난방방식":30,
            "공급면적":"--",
            "전용률":"--",
            "욕실수":100,
            "현관타입":100,
            "주거총점":67.5,
            "지역구공급총점":100.0,
            "역세권":80,
            "30분내 이동가능 거점":60,
            "1시간내 이동가능 거점":90,
            "교통총점":76.0,
            "백화점":100,
            "아울렛몰":100,
            "대형마트":100,
            "은행":100,
            "병원":60,
            "종합병원":100,
            "공원":80,
            "혐오시설":0,
            "인프라총점":93.4,
            "초등학군":86.21,
            "중학군":51.68,
            "학군총점":58.586,
            "인구수":42.36,
            "인구증감":9.01,
            "인구총점":32.355,
            "일자리":52.7,
            "소득수준":88.01,
            "일자리총점":63.293,
            "가치 총점":76.9079,
            "매매실거래년":20210917.0,
            "매매실거래가":164000.0,
            "전세실거래년":20220114.0,
            "전세실거래가":66150.0,
            "전세가율":40.34,
            "장기전세가율평균":64.5,
            "전세가율거품지수":24.16,
            "검색코드":3452,
            "세대수":1302.0,
            "준공년월":"2001-11-21",
            "준공년차":22.0,
            "가까운역이름":"문래",
            "가까운역거리":251.25,
            "역세권여부":"역세권",
            "30분이내주요거점역":3,
            "1시간이내주요거점역":9,
            "3km이내백화점수":5,
            "5km이내아울렛몰수":2,
            "1km이내대형먀트수":2,
            "500m이내은행수":6,
            "500m이내병원수":18,
            "5km이내대형병원수":13,
            "500m이내공원수":1,
            "3km이내혐오시설수":0,
            "초등학교학업성취도":86.21,
            "중학교학업성취도":83.8,
            "용적률":249,
            "건폐율":15,
            "Y":37.516408,
            "X":126.896862,
            "rank":7.0,
            "area_info":"35평(115.99), 47평(155.7), 56평(185.26)",
            "last_sales":"2021-09-17,164000.0,35평(115.99)"
        },
        {
            "index":330,
            "아파트명":"문래힐스테이트",
            "투자타입":"일반",
            "전용면적(m2)":"111.39",
            "전용면적(평)":"33평",
            "법정동주소":"서울시 영등포구 문래동3가 94",
            "도로명주소":"서울시 영등포구 문래로 82",
            "세대수":80,
            "입주년차":20,
            "용적률점수":"--",
            "건폐율점수":"--",
            "세대당주차수":60,
            "난방방식":30,
            "공급면적":"--",
            "전용률":"--",
            "욕실수":100,
            "현관타입":100,
            "주거총점":64.0,
            "지역구공급총점":100.0,
            "역세권":80,
            "30분내 이동가능 거점":60,
            "1시간내 이동가능 거점":100,
            "교통총점":78.0,
            "백화점":100,
            "아울렛몰":100,
            "대형마트":100,
            "은행":70,
            "병원":80,
            "종합병원":100,
            "공원":100,
            "혐오시설":0,
            "인프라총점":93.0,
            "초등학군":86.21,
            "중학군":51.68,
            "학군총점":58.586,
            "인구수":42.36,
            "인구증감":9.01,
            "인구총점":32.355,
            "일자리":52.7,
            "소득수준":88.01,
            "일자리총점":63.293,
            "가치 총점":76.7879,
            "매매실거래년":20211211.0,
            "매매실거래가":173000.0,
            "전세실거래년":20211122.0,
            "전세실거래가":65100.0,
            "전세가율":41.53,
            "장기전세가율평균":64.5,
            "전세가율거품지수":22.97,
            "검색코드":3450,
            "세대수":776.0,
            "준공년월":"2003-06-19",
            "준공년차":20.0,
            "가까운역이름":"문래",
            "가까운역거리":387.95,
            "역세권여부":"역세권",
            "30분이내주요거점역":3,
            "1시간이내주요거점역":10,
            "3km이내백화점수":4,
            "5km이내아울렛몰수":2,
            "1km이내대형먀트수":2,
            "500m이내은행수":4,
            "500m이내병원수":37,
            "5km이내대형병원수":12,
            "500m이내공원수":3,
            "3km이내혐오시설수":0,
            "초등학교학업성취도":86.21,
            "중학교학업성취도":83.8,
            "용적률":264,
            "건폐율":15,
            "Y":37.518745,
            "X":126.890482,
            "rank":8.0,
            "area_info":"33평(111.39), 45평(149.47), 45평(149.47), 50평(168.36), 61평(203.58)",
            "last_sales":"2021-12-11,173000.0,45평(149.47)"
        },
        {
            "index":70,
            "아파트명":"동부센트레빌",
            "투자타입":"일반",
            "전용면적(m2)":"105.39",
            "전용면적(평)":"31평",
            "법정동주소":"서울시 영등포구 당산동3가 561",
            "도로명주소":"서울시 영등포구 영신로 191",
            "세대수":50,
            "입주년차":20,
            "용적률점수":"--",
            "건폐율점수":"--",
            "세대당주차수":60,
            "난방방식":30,
            "공급면적":"--",
            "전용률":"--",
            "욕실수":100,
            "현관타입":100,
            "주거총점":53.5,
            "지역구공급총점":100.0,
            "역세권":80,
            "30분내 이동가능 거점":100,
            "1시간내 이동가능 거점":100,
            "교통총점":90.0,
            "백화점":100,
            "아울렛몰":0,
            "대형마트":100,
            "은행":100,
            "병원":80,
            "종합병원":100,
            "공원":100,
            "혐오시설":0,
            "인프라총점":86.0,
            "초등학군":83.72,
            "중학군":51.68,
            "학군총점":58.088,
            "인구수":42.36,
            "인구증감":9.01,
            "인구총점":32.355,
            "일자리":52.7,
            "소득수준":88.01,
            "일자리총점":63.293,
            "가치 총점":76.7132,
            "매매실거래년":20211008.0,
            "매매실거래가":147700.0,
            "전세실거래년":20210904.0,
            "전세실거래가":86000.0,
            "전세가율":75.77,
            "장기전세가율평균":64.5,
            "전세가율거품지수":-11.27,
            "검색코드":2985,
            "세대수":468.0,
            "준공년월":"2003-06-25",
            "준공년차":20.0,
            "가까운역이름":"영등포구청",
            "가까운역거리":430.78,
            "역세권여부":"역세권",
            "30분이내주요거점역":7,
            "1시간이내주요거점역":12,
            "3km이내백화점수":5,
            "5km이내아울렛몰수":0,
            "1km이내대형먀트수":3,
            "500m이내은행수":6,
            "500m이내병원수":33,
            "5km이내대형병원수":12,
            "500m이내공원수":3,
            "3km이내혐오시설수":0,
            "초등학교학업성취도":83.72,
            "중학교학업성취도":83.8,
            "용적률":276,
            "건폐율":15,
            "Y":37.524464,
            "X":126.900794,
            "rank":9.0,
            "area_info":"31평(105.39), 35평(117.98), 41평(136.88), 49평(162.79)",
            "last_sales":"2021-10-08,147700.0,49평(162.79)"
        },
        {
            "index":309,
            "아파트명":"문래공원한신",
            "투자타입":"재건축",
            "전용면적(m2)":"80.24",
            "전용면적(평)":"24평",
            "법정동주소":"서울시 영등포구 문래동3가 77-2",
            "도로명주소":"서울시 영등포구 문래로20길 14",
            "세대수":30,
            "입주년차":"--",
            "용적률점수":60,
            "건폐율점수":100,
            "세대당주차수":"--",
            "난방방식":"--",
            "공급면적":50,
            "전용률":60,
            "욕실수":"--",
            "현관타입":"--",
            "주거총점":58.5,
            "지역구공급총점":100.0,
            "역세권":80,
            "30분내 이동가능 거점":60,
            "1시간내 이동가능 거점":90,
            "교통총점":76.0,
            "백화점":100,
            "아울렛몰":100,
            "대형마트":100,
            "은행":100,
            "병원":80,
            "종합병원":100,
            "공원":80,
            "혐오시설":0,
            "인프라총점":95.4,
            "초등학군":86.21,
            "중학군":51.68,
            "학군총점":58.586,
            "인구수":42.36,
            "인구증감":9.01,
            "인구총점":32.355,
            "일자리":52.7,
            "소득수준":88.01,
            "일자리총점":63.293,
            "가치 총점":75.7079,
            "매매실거래년":20211211.0,
            "매매실거래가":99500.0,
            "전세실거래년":20220107.0,
            "전세실거래가":33600.0,
            "전세가율":33.77,
            "장기전세가율평균":64.5,
            "전세가율거품지수":30.73,
            "검색코드":700,
            "세대수":367.0,
            "준공년월":"1988-07-19",
            "준공년차":35.0,
            "가까운역이름":"문래",
            "가까운역거리":171.86,
            "역세권여부":"역세권",
            "30분이내주요거점역":3,
            "1시간이내주요거점역":9,
            "3km이내백화점수":4,
            "5km이내아울렛몰수":2,
            "1km이내대형먀트수":3,
            "500m이내은행수":6,
            "500m이내병원수":41,
            "5km이내대형병원수":12,
            "500m이내공원수":1,
            "3km이내혐오시설수":0,
            "초등학교학업성취도":86.21,
            "중학교학업성취도":83.8,
            "용적률":234,
            "건폐율":19,
            "Y":37.517623,
            "X":126.892851,
            "rank":10.0,
            "area_info":"24평(80.24), 29평(96.78), 30평(102.27)",
            "last_sales":"2021-12-11,99500.0,24평(80.24)"
        },
        {
            "index":842,
            "아파트명":"포레스트힐시티(도시형)",
            "투자타입":"일반",
            "전용면적(m2)":"20.71",
            "전용면적(평)":"6평",
            "법정동주소":"서울시 영등포구 영등포동3가 19-2",
            "도로명주소":"서울시 영등포구 영중로6길 12",
            "세대수":0,
            "입주년차":80,
            "용적률점수":"--",
            "건폐율점수":"--",
            "세대당주차수":0,
            "난방방식":30,
            "공급면적":"--",
            "전용률":"--",
            "욕실수":50,
            "현관타입":100,
            "주거총점":34.0,
            "지역구공급총점":100.0,
            "역세권":80,
            "30분내 이동가능 거점":100,
            "1시간내 이동가능 거점":100,
            "교통총점":90.0,
            "백화점":100,
            "아울렛몰":100,
            "대형마트":100,
            "은행":100,
            "병원":100,
            "종합병원":100,
            "공원":100,
            "혐오시설":0,
            "인프라총점":98.0,
            "초등학군":83.72,
            "중학군":44.96,
            "학군총점":52.712,
            "인구수":42.36,
            "인구증감":9.01,
            "인구총점":32.355,
            "일자리":52.7,
            "소득수준":88.01,
            "일자리총점":63.293,
            "가치 총점":75.6068,
            "매매실거래년":20220110.0,
            "매매실거래가":11000.0,
            "전세실거래년":20200219.0,
            "전세실거래가":13000.0,
            "전세가율":118.18,
            "장기전세가율평균":64.5,
            "전세가율거품지수":-53.68,
            "검색코드":109476,
            "세대수":154.0,
            "준공년월":"2014-09-05",
            "준공년차":9.0,
            "가까운역이름":"영등포",
            "가까운역거리":271.98,
            "역세권여부":"역세권",
            "30분이내주요거점역":5,
            "1시간이내주요거점역":12,
            "3km이내백화점수":5,
            "5km이내아울렛몰수":2,
            "1km이내대형먀트수":2,
            "500m이내은행수":8,
            "500m이내병원수":80,
            "5km이내대형병원수":14,
            "500m이내공원수":3,
            "3km이내혐오시설수":0,
            "초등학교학업성취도":83.72,
            "중학교학업성취도":74.2,
            "용적률":591,
            "건폐율":59,
            "Y":37.517909,
            "X":126.907066,
            "rank":11.0,
            "area_info":"6평(20.71)",
            "last_sales":"2022-01-10,11000.0,6평(20.71)"
        },
        {
            "index":167,
            "아파트명":"유원제일2차",
            "투자타입":"재건축",
            "전용면적(m2)":"104.16",
            "전용면적(평)":"31평",
            "법정동주소":"서울시 영등포구 당산동5가 7-2",
            "도로명주소":"서울시 영등포구 선유동2로 56",
            "세대수":50,
            "입주년차":"--",
            "용적률점수":80,
            "건폐율점수":100,
            "세대당주차수":"--",
            "난방방식":"--",
            "공급면적":90,
            "전용률":80,
            "욕실수":"--",
            "현관타입":"--",
            "주거총점":75.5,
            "지역구공급총점":100.0,
            "역세권":80,
            "30분내 이동가능 거점":60,
            "1시간내 이동가능 거점":80,
            "교통총점":74.0,
            "백화점":100,
            "아울렛몰":0,
            "대형마트":80,
            "은행":100,
            "병원":100,
            "종합병원":100,
            "공원":100,
            "혐오시설":0,
            "인프라총점":85.0,
            "초등학군":88.88,
            "중학군":53.46,
            "학군총점":60.544,
            "인구수":42.36,
            "인구증감":9.01,
            "인구총점":32.355,
            "일자리":52.7,
            "소득수준":88.01,
            "일자리총점":63.293,
            "가치 총점":75.5816,
            "매매실거래년":20200721.0,
            "매매실거래가":137000.0,
            "전세실거래년":20201204.0,
            "전세실거래가":59000.0,
            "전세가율":43.07,
            "장기전세가율평균":64.5,
            "전세가율거품지수":21.43,
            "검색코드":683,
            "세대수":410.0,
            "준공년월":"1984-09-05",
            "준공년차":39.0,
            "가까운역이름":"당산",
            "가까운역거리":364.29,
            "역세권여부":"역세권",
            "30분이내주요거점역":3,
            "1시간이내주요거점역":8,
            "3km이내백화점수":5,
            "5km이내아울렛몰수":0,
            "1km이내대형먀트수":1,
            "500m이내은행수":6,
            "500m이내병원수":60,
            "5km이내대형병원수":14,
            "500m이내공원수":3,
            "3km이내혐오시설수":0,
            "초등학교학업성취도":88.88,
            "중학교학업성취도":88.1,
            "용적률":199,
            "건폐율":15,
            "Y":37.533227,
            "X":126.898414,
            "rank":12.0,
            "area_info":"31평(104.16), 43평(145.15), 51평(168.9)",
            "last_sales":"2020-07-21,137000.0,31평(104.16)"
        },
        {
            "index":690,
            "아파트명":"롯데캐슬엠파이어",
            "투자타입":"일반",
            "전용면적(m2)":"137.24",
            "전용면적(평)":"41평",
            "법정동주소":"서울시 영등포구 여의도동 36",
            "도로명주소":"서울시 영등포구 의사당대로 127",
            "세대수":50,
            "입주년차":40,
            "용적률점수":"--",
            "건폐율점수":"--",
            "세대당주차수":80,
            "난방방식":100,
            "공급면적":"--",
            "전용률":"--",
            "욕실수":100,
            "현관타입":100,
            "주거총점":67.5,
            "지역구공급총점":100.0,
            "역세권":80,
            "30분내 이동가능 거점":60,
            "1시간내 이동가능 거점":100,
            "교통총점":78.0,
            "백화점":100,
            "아울렛몰":0,
            "대형마트":80,
            "은행":100,
            "병원":100,
            "종합병원":100,
            "공원":80,
            "혐오시설":0,
            "인프라총점":84.4,
            "초등학군":85.0,
            "중학군":51.88,
            "학군총점":58.504,
            "인구수":42.36,
            "인구증감":9.01,
            "인구총점":32.355,
            "일자리":52.7,
            "소득수준":88.01,
            "일자리총점":63.293,
            "가치 총점":74.8956,
            "매매실거래년":20210822.0,
            "매매실거래가":179500.0,
            "전세실거래년":20201231.0,
            "전세실거래가":120000.0,
            "전세가율":66.85,
            "장기전세가율평균":64.5,
            "전세가율거품지수":-2.35,
            "검색코드":13147,
            "세대수":406.0,
            "준공년월":"2005-05-02",
            "준공년차":18.0,
            "가까운역이름":"여의도",
            "가까운역거리":251.07,
            "역세권여부":"역세권",
            "30분이내주요거점역":3,
            "1시간이내주요거점역":12,
            "3km이내백화점수":3,
            "5km이내아울렛몰수":0,
            "1km이내대형먀트수":1,
            "500m이내은행수":30,
            "500m이내병원수":104,
            "5km이내대형병원수":13,
            "500m이내공원수":1,
            "3km이내혐오시설수":0,
            "초등학교학업성취도":85.0,
            "중학교학업성취도":84.6,
            "용적률":942,
            "건폐율":48,
            "Y":37.520449,
            "X":126.926622,
            "rank":13.0,
            "area_info":"41평(137.24), 41평(137.99), 46평(153.59), 48평(161.68), 57평(188.55), 60평(199.84), 63평(209.02), 63평(210.66), 69평(230.57), 70평(232.95), 73평(241.59), 74평(247.21), 76평(254.43), 82평(272.77), 86평(287.41), 92평(306.54)",
            "last_sales":"2021-08-22,179500.0,41평(137.24)"
        },
        {
            "index":760,
            "아파트명":"여의도자이",
            "투자타입":"일반",
            "전용면적(m2)":"156.97",
            "전용면적(평)":"47평",
            "법정동주소":"서울시 영등포구 여의도동 47",
            "도로명주소":"서울시 영등포구 여의동로3길 10",
            "세대수":50,
            "입주년차":40,
            "용적률점수":"--",
            "건폐율점수":"--",
            "세대당주차수":80,
            "난방방식":100,
            "공급면적":"--",
            "전용률":"--",
            "욕실수":100,
            "현관타입":100,
            "주거총점":67.5,
            "지역구공급총점":100.0,
            "역세권":80,
            "30분내 이동가능 거점":60,
            "1시간내 이동가능 거점":100,
            "교통총점":78.0,
            "백화점":100,
            "아울렛몰":0,
            "대형마트":80,
            "은행":100,
            "병원":100,
            "종합병원":100,
            "공원":80,
            "혐오시설":0,
            "인프라총점":84.4,
            "초등학군":85.0,
            "중학군":51.88,
            "학군총점":58.504,
            "인구수":42.36,
            "인구증감":9.01,
            "인구총점":32.355,
            "일자리":52.7,
            "소득수준":88.01,
            "일자리총점":63.293,
            "가치 총점":74.8956,
            "매매실거래년":20210413.0,
            "매매실거래가":285000.0,
            "전세실거래년":20200226.0,
            "전세실거래가":127000.0,
            "전세가율":66.84,
            "장기전세가율평균":64.5,
            "전세가율거품지수":-2.34,
            "검색코드":22447,
            "세대수":580.0,
            "준공년월":"2008-04-29",
            "준공년차":15.0,
            "가까운역이름":"샛강",
            "가까운역거리":233.65,
            "역세권여부":"역세권",
            "30분이내주요거점역":3,
            "1시간이내주요거점역":10,
            "3km이내백화점수":3,
            "5km이내아울렛몰수":0,
            "1km이내대형먀트수":1,
            "500m이내은행수":16,
            "500m이내병원수":65,
            "5km이내대형병원수":12,
            "500m이내공원수":1,
            "3km이내혐오시설수":0,
            "초등학교학업성취도":85.0,
            "중학교학업성취도":84.6,
            "용적률":549,
            "건폐율":20,
            "Y":37.5183,
            "X":126.92611,
            "rank":13.0,
            "area_info":"47평(156.97), 56평(185.98), 56평(185.98), 61평(204.34), 68평(227.82), 79평(262.7)",
            "last_sales":"2021-04-13,285000.0,79평(262.7)"
        },
        {
            "index":27,
            "아파트명":"대우",
            "투자타입":"일반",
            "전용면적(m2)":"43.04",
            "전용면적(평)":"13평",
            "법정동주소":"서울시 영등포구 당산동2가 16-1",
            "도로명주소":"서울시 영등포구 영등포로 106",
            "세대수":50,
            "입주년차":20,
            "용적률점수":"--",
            "건폐율점수":"--",
            "세대당주차수":30,
            "난방방식":80,
            "공급면적":"--",
            "전용률":"--",
            "욕실수":50,
            "현관타입":10,
            "주거총점":40.0,
            "지역구공급총점":100.0,
            "역세권":80,
            "30분내 이동가능 거점":100,
            "1시간내 이동가능 거점":100,
            "교통총점":90.0,
            "백화점":100,
            "아울렛몰":100,
            "대형마트":100,
            "은행":20,
            "병원":80,
            "종합병원":100,
            "공원":100,
            "혐오시설":0,
            "인프라총점":88.0,
            "초등학군":86.21,
            "중학군":51.68,
            "학군총점":58.586,
            "인구수":42.36,
            "인구증감":9.01,
            "인구총점":32.355,
            "일자리":52.7,
            "소득수준":88.01,
            "일자리총점":63.293,
            "가치 총점":74.6879,
            "매매실거래년":20211125.0,
            "매매실거래가":40000.0,
            "전세실거래년":20220110.0,
            "전세실거래가":19740.0,
            "전세가율":49.35,
            "장기전세가율평균":64.5,
            "전세가율거품지수":15.15,
            "검색코드":10169,
            "세대수":536.0,
            "준공년월":"1999-01-26",
            "준공년차":24.0,
            "가까운역이름":"문래",
            "가까운역거리":413.39,
            "역세권여부":"역세권",
            "30분이내주요거점역":7,
            "1시간이내주요거점역":14,
            "3km이내백화점수":4,
            "5km이내아울렛몰수":2,
            "1km이내대형먀트수":2,
            "500m이내은행수":2,
            "500m이내병원수":35,
            "5km이내대형병원수":12,
            "500m이내공원수":3,
            "3km이내혐오시설수":0,
            "초등학교학업성취도":86.21,
            "중학교학업성취도":83.8,
            "용적률":399,
            "건폐율":38,
            "Y":37.521317,
            "X":126.892819,
            "rank":14.0,
            "area_info":"13평(43.04), 13평(44.26), 18평(61.79)",
            "last_sales":"2021-11-25,40000.0,13평(43.04)"
        },
        {
            "index":850,
            "아파트명":"아크로타워스퀘어",
            "투자타입":"일반",
            "전용면적(m2)":"82.42",
            "전용면적(평)":"24평",
            "법정동주소":"서울시 영등포구 영등포동7가 203",
            "도로명주소":"서울시 영등포구 국회대로54길 10",
            "세대수":90,
            "입주년차":80,
            "용적률점수":"--",
            "건폐율점수":"--",
            "세대당주차수":30,
            "난방방식":30,
            "공급면적":"--",
            "전용률":"--",
            "욕실수":100,
            "현관타입":100,
            "주거총점":75.0,
            "지역구공급총점":100.0,
            "역세권":80,
            "30분내 이동가능 거점":40,
            "1시간내 이동가능 거점":100,
            "교통총점":72.0,
            "백화점":100,
            "아울렛몰":0,
            "대형마트":100,
            "은행":100,
            "병원":80,
            "종합병원":100,
            "공원":100,
            "혐오시설":0,
            "인프라총점":86.0,
            "초등학군":83.72,
            "중학군":50.3,
            "학군총점":56.984,
            "인구수":42.36,
            "인구증감":9.01,
            "인구총점":32.355,
            "일자리":52.7,
            "소득수준":88.01,
            "일자리총점":63.293,
            "가치 총점":74.5476,
            "매매실거래년":20211014.0,
            "매매실거래가":200000.0,
            "전세실거래년":20220117.0,
            "전세실거래가":57750.0,
            "전세가율":44.42,
            "장기전세가율평균":64.5,
            "전세가율거품지수":20.08,
            "검색코드":109205,
            "세대수":1221.0,
            "준공년월":"2017-08-30",
            "준공년차":6.0,
            "가까운역이름":"영등포시장",
            "가까운역거리":240.88,
            "역세권여부":"역세권",
            "30분이내주요거점역":2,
            "1시간이내주요거점역":10,
            "3km이내백화점수":5,
            "5km이내아울렛몰수":0,
            "1km이내대형먀트수":3,
            "500m이내은행수":7,
            "500m이내병원수":38,
            "5km이내대형병원수":13,
            "500m이내공원수":3,
            "3km이내혐오시설수":0,
            "초등학교학업성취도":83.72,
            "중학교학업성취도":83.1,
            "용적률":369,
            "건폐율":36,
            "Y":37.52383,
            "X":126.907445,
            "rank":15.0,
            "area_info":"24평(82.42), 24평(82.0), 24평(82.0), 29평(98.63), 34평(115.52), 34평(115.55), 34평(115.25), 34평(115.52), 47평(156.31), 47평(156.31), 59평(195.22)",
            "last_sales":"2021-10-14,200000.0,47평(156.31)"
        },
        {
            "index":148,
            "아파트명":"당산센트럴아이파크",
            "투자타입":"일반",
            "전용면적(m2)":"65.44",
            "전용면적(평)":"19평",
            "법정동주소":"서울시 영등포구 당산동5가 43",
            "도로명주소":"서울시 영등포구 영신로 247",
            "세대수":80,
            "입주년차":100,
            "용적률점수":"--",
            "건폐율점수":"--",
            "세대당주차수":60,
            "난방방식":30,
            "공급면적":"--",
            "전용률":"--",
            "욕실수":50,
            "현관타입":100,
            "주거총점":75.0,
            "지역구공급총점":100.0,
            "역세권":50,
            "30분내 이동가능 거점":100,
            "1시간내 이동가능 거점":100,
            "교통총점":75.0,
            "백화점":100,
            "아울렛몰":0,
            "대형마트":100,
            "은행":20,
            "병원":100,
            "종합병원":100,
            "공원":100,
            "혐오시설":0,
            "인프라총점":80.0,
            "초등학군":88.88,
            "중학군":50.3,
            "학군총점":58.016,
            "인구수":42.36,
            "인구증감":9.01,
            "인구총점":32.355,
            "일자리":52.7,
            "소득수준":88.01,
            "일자리총점":63.293,
            "가치 총점":73.9524,
            "매매실거래년":20211022.0,
            "매매실거래가":189500.0,
            "전세실거래년":20200820.0,
            "전세실거래가":60000.0,
            "전세가율":null,
            "장기전세가율평균":64.5,
            "전세가율거품지수":null,
            "검색코드":121987,
            "세대수":802.0,
            "준공년월":"2020-05-01",
            "준공년차":3.0,
            "가까운역이름":"당산",
            "가까운역거리":501.65,
            "역세권여부":"준역세권",
            "30분이내주요거점역":5,
            "1시간이내주요거점역":14,
            "3km이내백화점수":5,
            "5km이내아울렛몰수":0,
            "1km이내대형먀트수":2,
            "500m이내은행수":2,
            "500m이내병원수":60,
            "5km이내대형병원수":13,
            "500m이내공원수":7,
            "3km이내혐오시설수":0,
            "초등학교학업성취도":88.88,
            "중학교학업성취도":83.1,
            "용적률":299,
            "건폐율":18,
            "Y":37.529943,
            "X":126.90331,
            "rank":16.0,
            "area_info":"19평(65.44), 24평(79.73), 24평(79.57), 24평(79.44), 28평(92.75), 28평(92.79), 28평(93.1), 32평(106.29), 32평(106.58), 32평(106.44), 32평(106.25), 42평(140.03)",
            "last_sales":"2021-10-22,189500.0,32평(106.44)"
        },
        {
            "index":21,
            "아파트명":"당산코오롱",
            "투자타입":"일반",
            "전용면적(m2)":"88.02",
            "전용면적(평)":"26평",
            "법정동주소":"서울시 영등포구 당산동1가 9-1",
            "도로명주소":"서울시 영등포구 영등포로28길 5",
            "세대수":0,
            "입주년차":0,
            "용적률점수":"--",
            "건폐율점수":"--",
            "세대당주차수":100,
            "난방방식":30,
            "공급면적":"--",
            "전용률":"--",
            "욕실수":50,
            "현관타입":10,
            "주거총점":24.0,
            "지역구공급총점":100.0,
            "역세권":80,
            "30분내 이동가능 거점":100,
            "1시간내 이동가능 거점":100,
            "교통총점":90.0,
            "백화점":100,
            "아울렛몰":100,
            "대형마트":100,
            "은행":100,
            "병원":80,
            "종합병원":100,
            "공원":80,
            "혐오시설":0,
            "인프라총점":95.4,
            "초등학군":86.21,
            "중학군":51.68,
            "학군총점":58.586,
            "인구수":42.36,
            "인구증감":9.01,
            "인구총점":32.355,
            "일자리":52.7,
            "소득수준":88.01,
            "일자리총점":63.293,
            "가치 총점":73.7079,
            "매매실거래년":20211107.0,
            "매매실거래가":82000.0,
            "전세실거래년":20211213.0,
            "전세실거래가":33600.0,
            "전세가율":50.3,
            "장기전세가율평균":64.5,
            "전세가율거품지수":14.2,
            "검색코드":963,
            "세대수":109.0,
            "준공년월":"1996-08-02",
            "준공년차":27.0,
            "가까운역이름":"문래",
            "가까운역거리":443.07,
            "역세권여부":"역세권",
            "30분이내주요거점역":6,
            "1시간이내주요거점역":12,
            "3km이내백화점수":5,
            "5km이내아울렛몰수":2,
            "1km이내대형먀트수":3,
            "500m이내은행수":5,
            "500m이내병원수":36,
            "5km이내대형병원수":13,
            "500m이내공원수":1,
            "3km이내혐오시설수":0,
            "초등학교학업성취도":86.21,
            "중학교학업성취도":83.8,
            "용적률":303,
            "건폐율":50,
            "Y":37.520095,
            "X":126.89898,
            "rank":17.0,
            "area_info":"26평(88.02), 26평(88.46), 30평(101.73)",
            "last_sales":"2021-11-07,82000.0,30평(101.73)"
        },
        {
            "index":300,
            "아파트명":"남성맨션",
            "투자타입":"재건축",
            "전용면적(m2)":"67.28",
            "전용면적(평)":"20평",
            "법정동주소":"서울시 영등포구 문래동2가 35",
            "도로명주소":"서울시 영등포구 경인로77길 21",
            "세대수":30,
            "입주년차":"--",
            "용적률점수":80,
            "건폐율점수":0,
            "세대당주차수":"--",
            "난방방식":"--",
            "공급면적":50,
            "전용률":60,
            "욕실수":"--",
            "현관타입":"--",
            "주거총점":46.5,
            "지역구공급총점":100.0,
            "역세권":80,
            "30분내 이동가능 거점":80,
            "1시간내 이동가능 거점":100,
            "교통총점":84.0,
            "백화점":100,
            "아울렛몰":100,
            "대형마트":100,
            "은행":70,
            "병원":10,
            "종합병원":100,
            "공원":100,
            "혐오시설":0,
            "인프라총점":86.0,
            "초등학군":82.03,
            "중학군":54.7,
            "학군총점":60.166,
            "인구수":42.36,
            "인구증감":9.01,
            "인구총점":32.355,
            "일자리":52.7,
            "소득수준":88.01,
            "일자리총점":63.293,
            "가치 총점":73.5249,
            "매매실거래년":20211023.0,
            "매매실거래가":93000.0,
            "전세실거래년":20211106.0,
            "전세실거래가":16800.0,
            "전세가율":24.0,
            "장기전세가율평균":64.5,
            "전세가율거품지수":40.5,
            "검색코드":702,
            "세대수":390.0,
            "준공년월":"1983-05-31",
            "준공년차":40.0,
            "가까운역이름":"신도림",
            "가까운역거리":436.6,
            "역세권여부":"역세권",
            "30분이내주요거점역":4,
            "1시간이내주요거점역":15,
            "3km이내백화점수":4,
            "5km이내아울렛몰수":2,
            "1km이내대형먀트수":3,
            "500m이내은행수":4,
            "500m이내병원수":3,
            "5km이내대형병원수":14,
            "500m이내공원수":2,
            "3km이내혐오시설수":0,
            "초등학교학업성취도":82.03,
            "중학교학업성취도":89.9,
            "용적률":184,
            "건폐율":0,
            "Y":37.512646,
            "X":126.891556,
            "rank":18.0,
            "area_info":"20평(67.28), 24평(82.48), 30평(100.2)",
            "last_sales":"2021-10-23,93000.0,24평(82.48)"
        },
        {
            "index":550,
            "아파트명":"영등포중흥S-클래스",
            "투자타입":"일반",
            "전용면적(m2)":"35.32",
            "전용면적(평)":"10평",
            "법정동주소":"서울시 영등포구 양평동1가 247",
            "도로명주소":"서울시 영등포구 선유서로24길 6",
            "세대수":30,
            "입주년차":100,
            "용적률점수":"--",
            "건폐율점수":"--",
            "세대당주차수":60,
            "난방방식":30,
            "공급면적":"--",
            "전용률":"--",
            "욕실수":50,
            "현관타입":100,
            "주거총점":57.5,
            "지역구공급총점":100.0,
            "역세권":80,
            "30분내 이동가능 거점":60,
            "1시간내 이동가능 거점":100,
            "교통총점":78.0,
            "백화점":100,
            "아울렛몰":80,
            "대형마트":80,
            "은행":70,
            "병원":60,
            "종합병원":100,
            "공원":100,
            "혐오시설":0,
            "인프라총점":86.0,
            "초등학군":90.47,
            "중학군":49.52,
            "학군총점":57.71,
            "인구수":42.36,
            "인구증감":9.01,
            "인구총점":32.355,
            "일자리":52.7,
            "소득수준":88.01,
            "일자리총점":63.293,
            "가치 총점":73.2565,
            "매매실거래년":20201222.0,
            "매매실거래가":49110.0,
            "전세실거래년":null,
            "전세실거래가":null,
            "전세가율":null,
            "장기전세가율평균":64.5,
            "전세가율거품지수":null,
            "검색코드":121758,
            "세대수":308.0,
            "준공년월":"2021-03-01",
            "준공년차":2.0,
            "가까운역이름":"양평",
            "가까운역거리":253.83,
            "역세권여부":"역세권",
            "30분이내주요거점역":3,
            "1시간이내주요거점역":10,
            "3km이내백화점수":4,
            "5km이내아울렛몰수":1,
            "1km이내대형먀트수":1,
            "500m이내은행수":3,
            "500m이내병원수":27,
            "5km이내대형병원수":14,
            "500m이내공원수":2,
            "3km이내혐오시설수":0,
            "초등학교학업성취도":90.47,
            "중학교학업성취도":81.6,
            "용적률":0,
            "건폐율":0,
            "Y":37.5234,
            "X":126.886278,
            "rank":19.0,
            "area_info":"10평(35.32), 12평(40.63), 23평(77.64), 25평(83.36), 25평(83.86), 25평(83.85), 35평(117.27), 35평(118.02)",
            "last_sales":"2020-12-22,49110.0,25평(83.85)"
        },
        {
            "index":288,
            "아파트명":"영등포아트자이",
            "투자타입":"일반",
            "전용면적(m2)":"79.39",
            "전용면적(평)":"24평",
            "법정동주소":"서울시 영등포구 도림동 821",
            "도로명주소":"서울시 영등포구 도영로 66",
            "세대수":80,
            "입주년차":80,
            "용적률점수":"--",
            "건폐율점수":"--",
            "세대당주차수":60,
            "난방방식":30,
            "공급면적":"--",
            "전용률":"--",
            "욕실수":100,
            "현관타입":100,
            "주거총점":76.0,
            "지역구공급총점":100.0,
            "역세권":50,
            "30분내 이동가능 거점":80,
            "1시간내 이동가능 거점":100,
            "교통총점":69.0,
            "백화점":100,
            "아울렛몰":100,
            "대형마트":100,
            "은행":70,
            "병원":60,
            "종합병원":100,
            "공원":100,
            "혐오시설":0,
            "인프라총점":91.0,
            "초등학군":77.09,
            "중학군":35.74,
            "학군총점":44.01,
            "인구수":42.36,
            "인구증감":9.01,
            "인구총점":32.355,
            "일자리":52.7,
            "소득수준":88.01,
            "일자리총점":63.293,
            "가치 총점":73.2515,
            "매매실거래년":20211012.0,
            "매매실거래가":177250.0,
            "전세실거래년":20211211.0,
            "전세실거래가":47000.0,
            "전세가율":44.01,
            "장기전세가율평균":64.5,
            "전세가율거품지수":20.49,
            "검색코드":104960,
            "세대수":836.0,
            "준공년월":"2014-03-11",
            "준공년차":9.0,
            "가까운역이름":"신도림",
            "가까운역거리":795.36,
            "역세권여부":"준역세권",
            "30분이내주요거점역":4,
            "1시간이내주요거점역":12,
            "3km이내백화점수":4,
            "5km이내아울렛몰수":2,
            "1km이내대형먀트수":3,
            "500m이내은행수":4,
            "500m이내병원수":20,
            "5km이내대형병원수":14,
            "500m이내공원수":2,
            "3km이내혐오시설수":0,
            "초등학교학업성취도":77.09,
            "중학교학업성취도":59.3,
            "용적률":249,
            "건폐율":16,
            "Y":37.510814,
            "X":126.899919,
            "rank":20.0,
            "area_info":"24평(79.39), 32평(108.37), 32평(108.96), 33평(109.4), 33평(109.31), 33평(109.17), 33평(110.0), 45평(149.59), 54평(179.42)",
            "last_sales":"2021-10-12,177250.0,54평(179.42)"
        },
        {
            "index":67,
            "아파트명":"당산어울림2차",
            "투자타입":"일반",
            "전용면적(m2)":"107.0",
            "전용면적(평)":"32평",
            "법정동주소":"서울시 영등포구 당산동3가 563",
            "도로명주소":"서울시 영등포구 양산로17길 22",
            "세대수":0,
            "입주년차":60,
            "용적률점수":"--",
            "건폐율점수":"--",
            "세대당주차수":30,
            "난방방식":30,
            "공급면적":"--",
            "전용률":"--",
            "욕실수":100,
            "현관타입":100,
            "주거총점":39.5,
            "지역구공급총점":100.0,
            "역세권":80,
            "30분내 이동가능 거점":100,
            "1시간내 이동가능 거점":100,
            "교통총점":90.0,
            "백화점":100,
            "아울렛몰":0,
            "대형마트":100,
            "은행":100,
            "병원":60,
            "종합병원":100,
            "공원":80,
            "혐오시설":0,
            "인프라총점":83.4,
            "초등학군":86.54,
            "중학군":49.84,
            "학군총점":57.18,
            "인구수":42.36,
            "인구증감":9.01,
            "인구총점":32.355,
            "일자리":52.7,
            "소득수준":88.01,
            "일자리총점":63.293,
            "가치 총점":72.997,
            "매매실거래년":20210820.0,
            "매매실거래가":115000.0,
            "전세실거래년":20210924.0,
            "전세실거래가":75000.0,
            "전세가율":65.22,
            "장기전세가율평균":64.5,
            "전세가율거품지수":-0.72,
            "검색코드":101415,
            "세대수":125.0,
            "준공년월":"2009-11-19",
            "준공년차":14.0,
            "가까운역이름":"영등포구청",
            "가까운역거리":239.94,
            "역세권여부":"역세권",
            "30분이내주요거점역":5,
            "1시간이내주요거점역":10,
            "3km이내백화점수":4,
            "5km이내아울렛몰수":0,
            "1km이내대형먀트수":2,
            "500m이내은행수":5,
            "500m이내병원수":28,
            "5km이내대형병원수":12,
            "500m이내공원수":1,
            "3km이내혐오시설수":0,
            "초등학교학업성취도":86.54,
            "중학교학업성취도":81.4,
            "용적률":249,
            "건폐율":28,
            "Y":37.526491,
            "X":126.894021,
            "rank":21.0,
            "area_info":"32평(107.0), 32평(107.69), 52평(174.22)",
            "last_sales":"2021-08-20,115000.0,32평(107.0)"
        },
        {
            "index":239,
            "아파트명":"신대림자이1단지",
            "투자타입":"일반",
            "전용면적(m2)":"102.84",
            "전용면적(평)":"31평",
            "법정동주소":"서울시 영등포구 대림동 1121",
            "도로명주소":"서울시 영등포구 시흥대로173길 13",
            "세대수":0,
            "입주년차":40,
            "용적률점수":"--",
            "건폐율점수":"--",
            "세대당주차수":60,
            "난방방식":30,
            "공급면적":"--",
            "전용률":"--",
            "욕실수":100,
            "현관타입":100,
            "주거총점":40.0,
            "지역구공급총점":100.0,
            "역세권":80,
            "30분내 이동가능 거점":100,
            "1시간내 이동가능 거점":100,
            "교통총점":90.0,
            "백화점":100,
            "아울렛몰":100,
            "대형마트":100,
            "은행":100,
            "병원":30,
            "종합병원":100,
            "공원":0,
            "혐오시설":0,
            "인프라총점":88.0,
            "초등학군":79.45,
            "중학군":38.22,
            "학군총점":46.466,
            "인구수":42.36,
            "인구증감":9.01,
            "인구총점":32.355,
            "일자리":52.7,
            "소득수준":88.01,
            "일자리총점":63.293,
            "가치 총점":72.8699,
            "매매실거래년":20200730.0,
            "매매실거래가":88200.0,
            "전세실거래년":null,
            "전세실거래가":null,
            "전세가율":null,
            "장기전세가율평균":64.5,
            "전세가율거품지수":null,
            "검색코드":19160,
            "세대수":155.0,
            "준공년월":"2007-09-27",
            "준공년차":16.0,
            "가까운역이름":"구로디지털단지",
            "가까운역거리":132.27,
            "역세권여부":"역세권",
            "30분이내주요거점역":5,
            "1시간이내주요거점역":14,
            "3km이내백화점수":2,
            "5km이내아울렛몰수":2,
            "1km이내대형먀트수":3,
            "500m이내은행수":6,
            "500m이내병원수":7,
            "5km이내대형병원수":13,
            "500m이내공원수":0,
            "3km이내혐오시설수":0,
            "초등학교학업성취도":79.45,
            "중학교학업성취도":62.7,
            "용적률":495,
            "건폐율":50,
            "Y":37.486095,
            "X":126.902476,
            "rank":22.0,
            "area_info":"31평(102.84), 31평(102.52), 31평(102.78), 31평(103.08), 31평(103.41), 31평(103.07), 31평(103.46), 31평(103.46), 42평(141.36)",
            "last_sales":"2020-07-30,88200.0,42평(141.36)"
        },
        {
            "index":53,
            "아파트명":"당산계룡리슈빌3단지(도시형)",
            "투자타입":"일반",
            "전용면적(m2)":"69.79",
            "전용면적(평)":"21평",
            "법정동주소":"서울시 영등포구 당산동3가 565",
            "도로명주소":"서울시 영등포구 양산로25길 12",
            "세대수":0,
            "입주년차":80,
            "용적률점수":"--",
            "건폐율점수":"--",
            "세대당주차수":30,
            "난방방식":30,
            "공급면적":"--",
            "전용률":"--",
            "욕실수":50,
            "현관타입":100,
            "주거총점":38.5,
            "지역구공급총점":100.0,
            "역세권":80,
            "30분내 이동가능 거점":100,
            "1시간내 이동가능 거점":100,
            "교통총점":90.0,
            "백화점":100,
            "아울렛몰":0,
            "대형마트":100,
            "은행":70,
            "병원":80,
            "종합병원":100,
            "공원":100,
            "혐오시설":0,
            "인프라총점":83.0,
            "초등학군":83.72,
            "중학군":51.68,
            "학군총점":58.088,
            "인구수":42.36,
            "인구증감":9.01,
            "인구총점":32.355,
            "일자리":52.7,
            "소득수준":88.01,
            "일자리총점":63.293,
            "가치 총점":72.8132,
            "매매실거래년":20211012.0,
            "매매실거래가":88000.0,
            "전세실거래년":20211114.0,
            "전세실거래가":58000.0,
            "전세가율":65.91,
            "장기전세가율평균":64.5,
            "전세가율거품지수":-1.41,
            "검색코드":109695,
            "세대수":149.0,
            "준공년월":"2014-11-21",
            "준공년차":9.0,
            "가까운역이름":"영등포구청",
            "가까운역거리":285.94,
            "역세권여부":"역세권",
            "30분이내주요거점역":6,
            "1시간이내주요거점역":13,
            "3km이내백화점수":5,
            "5km이내아울렛몰수":0,
            "1km이내대형먀트수":3,
            "500m이내은행수":3,
            "500m이내병원수":31,
            "5km이내대형병원수":12,
            "500m이내공원수":3,
            "3km이내혐오시설수":0,
            "초등학교학업성취도":83.72,
            "중학교학업성취도":83.8,
            "용적률":234,
            "건폐율":31,
            "Y":37.524764,
            "X":126.899183,
            "rank":23.0,
            "area_info":"21평(69.79), 21평(70.17), 21평(70.84), 21평(70.27), 21평(71.54)",
            "last_sales":"2021-10-12,88000.0,21평(70.27)"
        },
        {
            "index":426,
            "아파트명":"보라매SK뷰",
            "투자타입":"일반",
            "전용면적(m2)":"83.73",
            "전용면적(평)":"25평",
            "법정동주소":"서울시 영등포구 신길동 4958",
            "도로명주소":"서울시 영등포구 여의대방로35가길 19",
            "세대수":100,
            "입주년차":100,
            "용적률점수":"--",
            "건폐율점수":"--",
            "세대당주차수":30,
            "난방방식":30,
            "공급면적":"--",
            "전용률":"--",
            "욕실수":100,
            "현관타입":100,
            "주거총점":82.5,
            "지역구공급총점":100.0,
            "역세권":80,
            "30분내 이동가능 거점":60,
            "1시간내 이동가능 거점":100,
            "교통총점":78.0,
            "백화점":100,
            "아울렛몰":100,
            "대형마트":0,
            "은행":0,
            "병원":60,
            "종합병원":100,
            "공원":100,
            "혐오시설":0,
            "인프라총점":69.0,
            "초등학군":100.0,
            "중학군":42.56,
            "학군총점":54.048,
            "인구수":42.36,
            "인구증감":9.01,
            "인구총점":32.355,
            "일자리":52.7,
            "소득수준":88.01,
            "일자리총점":63.293,
            "가치 총점":72.6072,
            "매매실거래년":20200813.0,
            "매매실거래가":176000.0,
            "전세실거래년":null,
            "전세실거래가":null,
            "전세가율":null,
            "장기전세가율평균":64.5,
            "전세가율거품지수":null,
            "검색코드":117254,
            "세대수":1546.0,
            "준공년월":"2020-01-29",
            "준공년차":3.0,
            "가까운역이름":"보라매",
            "가까운역거리":409.24,
            "역세권여부":"역세권",
            "30분이내주요거점역":3,
            "1시간이내주요거점역":14,
            "3km이내백화점수":5,
            "5km이내아울렛몰수":2,
            "1km이내대형먀트수":0,
            "500m이내은행수":0,
            "500m이내병원수":21,
            "5km이내대형병원수":13,
            "500m이내공원수":3,
            "3km이내혐오시설수":0,
            "초등학교학업성취도":100.0,
            "중학교학업성취도":69.8,
            "용적률":264,
            "건폐율":19,
            "Y":37.502761,
            "X":126.917554,
            "rank":24.0,
            "area_info":"25평(83.73), 25평(84.63), 34평(112.43), 34평(113.36), 34평(113.04), 34평(114.04), 39평(129.37), 44평(147.01), 52평(174.6), 54평(181.39)",
            "last_sales":"2020-08-13,176000.0,44평(147.01)"
        },
        {
            "index":405,
            "아파트명":"래미안에스티움",
            "투자타입":"일반",
            "전용면적(m2)":"60.41",
            "전용면적(평)":"18평",
            "법정동주소":"서울시 영등포구 신길동 4950",
            "도로명주소":"서울시 영등포구 신풍로 77",
            "세대수":100,
            "입주년차":80,
            "용적률점수":"--",
            "건폐율점수":"--",
            "세대당주차수":60,
            "난방방식":30,
            "공급면적":"--",
            "전용률":"--",
            "욕실수":50,
            "현관타입":100,
            "주거총점":78.0,
            "지역구공급총점":100.0,
            "역세권":80,
            "30분내 이동가능 거점":60,
            "1시간내 이동가능 거점":100,
            "교통총점":78.0,
            "백화점":100,
            "아울렛몰":100,
            "대형마트":0,
            "은행":0,
            "병원":60,
            "종합병원":100,
            "공원":100,
            "혐오시설":0,
            "인프라총점":69.0,
            "초등학군":81.98,
            "중학군":54.04,
            "학군총점":59.628,
            "인구수":42.36,
            "인구증감":9.01,
            "인구총점":32.355,
            "일자리":52.7,
            "소득수준":88.01,
            "일자리총점":63.293,
            "가치 총점":72.5442,
            "매매실거래년":20210522.0,
            "매매실거래가":176000.0,
            "전세실거래년":20201129.0,
            "전세실거래가":36750.0,
            "전세가율":39.64,
            "장기전세가율평균":64.5,
            "전세가율거품지수":24.86,
            "검색코드":109434,
            "세대수":1722.0,
            "준공년월":"2017-04-12",
            "준공년차":6.0,
            "가까운역이름":"신풍",
            "가까운역거리":350.06,
            "역세권여부":"역세권",
            "30분이내주요거점역":3,
            "1시간이내주요거점역":10,
            "3km이내백화점수":4,
            "5km이내아울렛몰수":2,
            "1km이내대형먀트수":0,
            "500m이내은행수":0,
            "500m이내병원수":26,
            "5km이내대형병원수":14,
            "500m이내공원수":3,
            "3km이내혐오시설수":0,
            "초등학교학업성취도":81.98,
            "중학교학업성취도":88.6,
            "용적률":252,
            "건폐율":19,
            "Y":37.501038,
            "X":126.91371,
            "rank":25.0,
            "area_info":"18평(60.41), 21평(72.41), 24평(82.34), 25평(85.49), 26평(86.22), 33평(109.57), 34평(114.43), 34평(114.42), 34평(114.72), 43평(144.58), 43평(144.47), 44평(145.52)",
            "last_sales":"2021-05-22,176000.0,44평(145.52)"
        },
        {
            "index":107,
            "아파트명":"당산현대5차",
            "투자타입":"일반",
            "전용면적(m2)":"74.98",
            "전용면적(평)":"22평",
            "법정동주소":"서울시 영등포구 당산동4가 30-1",
            "도로명주소":"서울시 영등포구 당산로42길 16",
            "세대수":90,
            "입주년차":20,
            "용적률점수":"--",
            "건폐율점수":"--",
            "세대당주차수":30,
            "난방방식":30,
            "공급면적":"--",
            "전용률":"--",
            "욕실수":50,
            "현관타입":100,
            "주거총점":58.0,
            "지역구공급총점":100.0,
            "역세권":50,
            "30분내 이동가능 거점":100,
            "1시간내 이동가능 거점":100,
            "교통총점":75.0,
            "백화점":100,
            "아울렛몰":0,
            "대형마트":80,
            "은행":100,
            "병원":100,
            "종합병원":100,
            "공원":100,
            "혐오시설":0,
            "인프라총점":85.0,
            "초등학군":88.88,
            "중학군":53.46,
            "학군총점":60.544,
            "인구수":42.36,
            "인구증감":9.01,
            "인구총점":32.355,
            "일자리":52.7,
            "소득수준":88.01,
            "일자리총점":63.293,
            "가치 총점":72.4316,
            "매매실거래년":20211123.0,
            "매매실거래가":115000.0,
            "전세실거래년":20211231.0,
            "전세실거래가":48000.0,
            "전세가율":38.71,
            "장기전세가율평균":64.5,
            "전세가율거품지수":25.79,
            "검색코드":1210,
            "세대수":976.0,
            "준공년월":"2000-03-27",
            "준공년차":23.0,
            "가까운역이름":"당산",
            "가까운역거리":537.52,
            "역세권여부":"준역세권",
            "30분이내주요거점역":7,
            "1시간이내주요거점역":13,
            "3km이내백화점수":5,
            "5km이내아울렛몰수":0,
            "1km이내대형먀트수":1,
            "500m이내은행수":6,
            "500m이내병원수":69,
            "5km이내대형병원수":12,
            "500m이내공원수":6,
            "3km이내혐오시설수":0,
            "초등학교학업성취도":88.88,
            "중학교학업성취도":88.1,
            "용적률":373,
            "건폐율":25,
            "Y":37.52972,
            "X":126.90066,
            "rank":26.0,
            "area_info":"22평(74.98), 22평(74.8), 22평(74.58), 22평(75.18), 30평(99.94), 39평(129.89)",
            "last_sales":"2021-11-23,115000.0,22평(74.58)"
        },
        {
            "index":491,
            "아파트명":"신길우성2차",
            "투자타입":"재건축",
            "전용면적(m2)":"72.5",
            "전용면적(평)":"21평",
            "법정동주소":"서울시 영등포구 신길동 4518",
            "도로명주소":"서울시 영등포구 대방천로 180",
            "세대수":80,
            "입주년차":"--",
            "용적률점수":80,
            "건폐율점수":100,
            "세대당주차수":"--",
            "난방방식":"--",
            "공급면적":50,
            "전용률":60,
            "욕실수":"--",
            "현관타입":"--",
            "주거총점":81.5,
            "지역구공급총점":100.0,
            "역세권":80,
            "30분내 이동가능 거점":60,
            "1시간내 이동가능 거점":100,
            "교통총점":78.0,
            "백화점":100,
            "아울렛몰":100,
            "대형마트":0,
            "은행":0,
            "병원":60,
            "종합병원":100,
            "공원":0,
            "혐오시설":0,
            "인프라총점":66.0,
            "초등학군":81.98,
            "중학군":54.04,
            "학군총점":59.628,
            "인구수":42.36,
            "인구증감":9.01,
            "인구총점":32.355,
            "일자리":52.7,
            "소득수준":88.01,
            "일자리총점":63.293,
            "가치 총점":72.3442,
            "매매실거래년":20211112.0,
            "매매실거래가":99900.0,
            "전세실거래년":20211115.0,
            "전세실거래가":30000.0,
            "전세가율":30.03,
            "장기전세가율평균":64.5,
            "전세가율거품지수":34.47,
            "검색코드":721,
            "세대수":725.0,
            "준공년월":"1986-09-25",
            "준공년차":37.0,
            "가까운역이름":"신풍",
            "가까운역거리":228.99,
            "역세권여부":"역세권",
            "30분이내주요거점역":3,
            "1시간이내주요거점역":11,
            "3km이내백화점수":4,
            "5km이내아울렛몰수":2,
            "1km이내대형먀트수":0,
            "500m이내은행수":0,
            "500m이내병원수":26,
            "5km이내대형병원수":15,
            "500m이내공원수":0,
            "3km이내혐오시설수":0,
            "초등학교학업성취도":81.98,
            "중학교학업성취도":88.6,
            "용적률":180,
            "건폐율":17,
            "Y":37.498175,
            "X":126.910916,
            "rank":27.0,
            "area_info":"21평(72.5), 27평(90.08), 31평(102.76)",
            "last_sales":"2021-11-12,99900.0,21평(72.5)"
        },
        {
            "index":671,
            "아파트명":"롯데캐슬아이비",
            "투자타입":"일반",
            "전용면적(m2)":"131.97",
            "전용면적(평)":"39평",
            "법정동주소":"서울시 영등포구 여의도동 43-4",
            "도로명주소":"서울시 영등포구 국제금융로 86",
            "세대수":50,
            "입주년차":40,
            "용적률점수":"--",
            "건폐율점수":"--",
            "세대당주차수":80,
            "난방방식":30,
            "공급면적":"--",
            "전용률":"--",
            "욕실수":100,
            "현관타입":100,
            "주거총점":60.5,
            "지역구공급총점":100.0,
            "역세권":80,
            "30분내 이동가능 거점":40,
            "1시간내 이동가능 거점":100,
            "교통총점":72.0,
            "백화점":100,
            "아울렛몰":0,
            "대형마트":80,
            "은행":100,
            "병원":100,
            "종합병원":100,
            "공원":100,
            "혐오시설":0,
            "인프라총점":85.0,
            "초등학군":90.28,
            "중학군":55.24,
            "학군총점":62.248,
            "인구수":42.36,
            "인구증감":9.01,
            "인구총점":32.355,
            "일자리":52.7,
            "소득수준":88.01,
            "일자리총점":63.293,
            "가치 총점":72.1372,
            "매매실거래년":20210907.0,
            "매매실거래가":210000.0,
            "전세실거래년":20210820.0,
            "전세실거래가":115000.0,
            "전세가율":67.65,
            "장기전세가율평균":64.5,
            "전세가율거품지수":-3.15,
            "검색코드":10262,
            "세대수":445.0,
            "준공년월":"2005-12-30",
            "준공년차":18.0,
            "가까운역이름":"샛강",
            "가까운역거리":450.99,
            "역세권여부":"역세권",
            "30분이내주요거점역":2,
            "1시간이내주요거점역":10,
            "3km이내백화점수":3,
            "5km이내아울렛몰수":0,
            "1km이내대형먀트수":1,
            "500m이내은행수":21,
            "500m이내병원수":66,
            "5km이내대형병원수":12,
            "500m이내공원수":3,
            "3km이내혐오시설수":0,
            "초등학교학업성취도":90.28,
            "중학교학업성취도":89.8,
            "용적률":899,
            "건폐율":44,
            "Y":37.520307,
            "X":126.931817,
            "rank":28.0,
            "area_info":"39평(131.97), 43평(144.33), 43평(144.33), 52평(174.2), 52평(174.2), 57평(191.62), 57평(191.62), 63평(209.88), 71평(237.92), 73평(241.46), 75평(249.36), 75평(249.73), 79평(264.23), 81평(269.15), 84평(279.31), 84평(279.31), 84평(279.31), 85평(281.54), 94평(311.28)",
            "last_sales":"2021-09-07,210000.0,57평(191.62)"
        },
        {
            "index":143,
            "아파트명":"당산삼성래미안",
            "투자타입":"일반",
            "전용면적(m2)":"109.99",
            "전용면적(평)":"33평",
            "법정동주소":"서울시 영등포구 당산동5가 42",
            "도로명주소":"서울시 영등포구 당산로 214",
            "세대수":90,
            "입주년차":20,
            "용적률점수":"--",
            "건폐율점수":"--",
            "세대당주차수":60,
            "난방방식":30,
            "공급면적":"--",
            "전용률":"--",
            "욕실수":100,
            "현관타입":100,
            "주거총점":67.5,
            "지역구공급총점":100.0,
            "역세권":80,
            "30분내 이동가능 거점":100,
            "1시간내 이동가능 거점":100,
            "교통총점":90.0,
            "백화점":100,
            "아울렛몰":0,
            "대형마트":0,
            "은행":0,
            "병원":80,
            "종합병원":100,
            "공원":100,
            "혐오시설":0,
            "인프라총점":61.0,
            "초등학군":88.88,
            "중학군":50.3,
            "학군총점":58.016,
            "인구수":42.36,
            "인구증감":9.01,
            "인구총점":32.355,
            "일자리":52.7,
            "소득수준":88.01,
            "일자리총점":63.293,
            "가치 총점":72.0024,
            "매매실거래년":20211110.0,
            "매매실거래가":203000.0,
            "전세실거래년":20210908.0,
            "전세실거래가":75600.0,
            "전세가율":45.54,
            "장기전세가율평균":64.5,
            "전세가율거품지수":18.96,
            "검색코드":2981,
            "세대수":1391.0,
            "준공년월":"2003-12-30",
            "준공년차":20.0,
            "가까운역이름":"당산",
            "가까운역거리":243.1,
            "역세권여부":"역세권",
            "30분이내주요거점역":8,
            "1시간이내주요거점역":16,
            "3km이내백화점수":5,
            "5km이내아울렛몰수":0,
            "1km이내대형먀트수":0,
            "500m이내은행수":1,
            "500m이내병원수":58,
            "5km이내대형병원수":13,
            "500m이내공원수":6,
            "3km이내혐오시설수":0,
            "초등학교학업성취도":88.88,
            "중학교학업성취도":83.1,
            "용적률":299,
            "건폐율":18,
            "Y":37.532316,
            "X":126.90319,
            "rank":29.0,
            "area_info":"33평(109.99), 37평(122.6), 43평(142.49), 48평(161.01), 58평(193.83)",
            "last_sales":"2021-11-10,203000.0,58평(193.83)"
        },
        {
            "index":248,
            "아파트명":"신대림자이2단지",
            "투자타입":"일반",
            "전용면적(m2)":"108.78",
            "전용면적(평)":"32평",
            "법정동주소":"서울시 영등포구 대림동 1122",
            "도로명주소":"서울시 영등포구 시흥대로 589-8",
            "세대수":0,
            "입주년차":40,
            "용적률점수":"--",
            "건폐율점수":"--",
            "세대당주차수":100,
            "난방방식":30,
            "공급면적":"--",
            "전용률":"--",
            "욕실수":100,
            "현관타입":100,
            "주거총점":46.0,
            "지역구공급총점":100.0,
            "역세권":80,
            "30분내 이동가능 거점":80,
            "1시간내 이동가능 거점":100,
            "교통총점":84.0,
            "백화점":100,
            "아울렛몰":100,
            "대형마트":100,
            "은행":100,
            "병원":30,
            "종합병원":100,
            "공원":0,
            "혐오시설":0,
            "인프라총점":88.0,
            "초등학군":79.45,
            "중학군":38.22,
            "학군총점":46.466,
            "인구수":42.36,
            "인구증감":9.01,
            "인구총점":32.355,
            "일자리":52.7,
            "소득수준":88.01,
            "일자리총점":63.293,
            "가치 총점":71.9699,
            "매매실거래년":20200723.0,
            "매매실거래가":92000.0,
            "전세실거래년":null,
            "전세실거래가":null,
            "전세가율":null,
            "장기전세가율평균":64.5,
            "전세가율거품지수":null,
            "검색코드":19315,
            "세대수":159.0,
            "준공년월":"2007-09-27",
            "준공년차":16.0,
            "가까운역이름":"구로디지털단지",
            "가까운역거리":121.87,
            "역세권여부":"역세권",
            "30분이내주요거점역":4,
            "1시간이내주요거점역":10,
            "3km이내백화점수":2,
            "5km이내아울렛몰수":2,
            "1km이내대형먀트수":3,
            "500m이내은행수":6,
            "500m이내병원수":6,
            "5km이내대형병원수":13,
            "500m이내공원수":0,
            "3km이내혐오시설수":0,
            "초등학교학업성취도":79.45,
            "중학교학업성취도":62.7,
            "용적률":0,
            "건폐율":0,
            "Y":37.485932,
            "X":126.902498,
            "rank":30.0,
            "area_info":"32평(108.78), 32평(108.46), 32평(108.3), 32평(108.78), 32평(108.53), 32평(108.87), 37평(122.74), 50평(166.23)",
            "last_sales":"2020-07-23,92000.0,50평(166.23)"
        },
        {
            "index":191,
            "아파트명":"新대림한솔솔파크",
            "투자타입":"일반",
            "전용면적(m2)":"107.9",
            "전용면적(평)":"32평",
            "법정동주소":"서울시 영등포구 대림동 1123",
            "도로명주소":"서울시 영등포구 도림천로 431",
            "세대수":0,
            "입주년차":40,
            "용적률점수":"--",
            "건폐율점수":"--",
            "세대당주차수":30,
            "난방방식":30,
            "공급면적":"--",
            "전용률":"--",
            "욕실수":100,
            "현관타입":100,
            "주거총점":35.5,
            "지역구공급총점":100.0,
            "역세권":80,
            "30분내 이동가능 거점":100,
            "1시간내 이동가능 거점":100,
            "교통총점":90.0,
            "백화점":100,
            "아울렛몰":100,
            "대형마트":100,
            "은행":100,
            "병원":30,
            "종합병원":100,
            "공원":0,
            "혐오시설":0,
            "인프라총점":88.0,
            "초등학군":79.45,
            "중학군":38.22,
            "학군총점":46.466,
            "인구수":42.36,
            "인구증감":9.01,
            "인구총점":32.355,
            "일자리":52.7,
            "소득수준":88.01,
            "일자리총점":63.293,
            "가치 총점":71.9699,
            "매매실거래년":20190521.0,
            "매매실거래가":64500.0,
            "전세실거래년":null,
            "전세실거래가":null,
            "전세가율":null,
            "장기전세가율평균":64.5,
            "전세가율거품지수":null,
            "검색코드":24763,
            "세대수":232.0,
            "준공년월":"2008-09-30",
            "준공년차":15.0,
            "가까운역이름":"구로디지털단지",
            "가까운역거리":278.55,
            "역세권여부":"역세권",
            "30분이내주요거점역":6,
            "1시간이내주요거점역":14,
            "3km이내백화점수":2,
            "5km이내아울렛몰수":2,
            "1km이내대형먀트수":3,
            "500m이내은행수":7,
            "500m이내병원수":6,
            "5km이내대형병원수":13,
            "500m이내공원수":0,
            "3km이내혐오시설수":0,
            "초등학교학업성취도":79.45,
            "중학교학업성취도":62.7,
            "용적률":244,
            "건폐율":24,
            "Y":37.487257,
            "X":126.899485,
            "rank":30.0,
            "area_info":"32평(107.9), 34평(113.15), 34평(113.0), 38평(126.99)",
            "last_sales":"2019-05-21,64500.0,38평(126.99)"
        },
        {
            "index":804,
            "아파트명":"라르파크(도시형)",
            "투자타입":"일반",
            "전용면적(m2)":"66.64",
            "전용면적(평)":"20평",
            "법정동주소":"서울시 영등포구 영등포동 651",
            "도로명주소":"서울시 영등포구 신길로61길 28",
            "세대수":0,
            "입주년차":100,
            "용적률점수":"--",
            "건폐율점수":"--",
            "세대당주차수":0,
            "난방방식":30,
            "공급면적":"--",
            "전용률":"--",
            "욕실수":50,
            "현관타입":100,
            "주거총점":38.0,
            "지역구공급총점":100.0,
            "역세권":80,
            "30분내 이동가능 거점":100,
            "1시간내 이동가능 거점":100,
            "교통총점":90.0,
            "백화점":100,
            "아울렛몰":100,
            "대형마트":80,
            "은행":0,
            "병원":80,
            "종합병원":100,
            "공원":100,
            "혐오시설":0,
            "인프라총점":83.0,
            "초등학군":85.26,
            "중학군":44.96,
            "학군총점":53.02,
            "인구수":42.36,
            "인구증감":9.01,
            "인구총점":32.355,
            "일자리":52.7,
            "소득수준":88.01,
            "일자리총점":63.293,
            "가치 총점":71.953,
            "매매실거래년":20211204.0,
            "매매실거래가":44000.0,
            "전세실거래년":20211112.0,
            "전세실거래가":34000.0,
            "전세가율":69.39,
            "장기전세가율평균":64.5,
            "전세가율거품지수":-4.89,
            "검색코드":142135,
            "세대수":145.0,
            "준공년월":"2021-09-17",
            "준공년차":2.0,
            "가까운역이름":"영등포",
            "가까운역거리":204.8,
            "역세권여부":"역세권",
            "30분이내주요거점역":5,
            "1시간이내주요거점역":12,
            "3km이내백화점수":4,
            "5km이내아울렛몰수":2,
            "1km이내대형먀트수":1,
            "500m이내은행수":1,
            "500m이내병원수":39,
            "5km이내대형병원수":14,
            "500m이내공원수":2,
            "3km이내혐오시설수":0,
            "초등학교학업성취도":85.26,
            "중학교학업성취도":74.2,
            "용적률":250,
            "건폐율":27,
            "Y":37.515927,
            "X":126.909888,
            "rank":31.0,
            "area_info":"20평(66.64), 20평(66.66), 20평(66.95), 20평(66.97), 20평(67.69), 21평(70.3), 21평(70.46), 21평(71.35)",
            "last_sales":"2021-12-04,44000.0,20평(66.97)"
        },
        {
            "index":31,
            "아파트명":"당산계룡리슈빌1단지(도시형)",
            "투자타입":"일반",
            "전용면적(m2)":"25.12",
            "전용면적(평)":"7평",
            "법정동주소":"서울시 영등포구 당산동3가 564",
            "도로명주소":"서울시 영등포구 양산로25길 16",
            "세대수":0,
            "입주년차":80,
            "용적률점수":"--",
            "건폐율점수":"--",
            "세대당주차수":0,
            "난방방식":30,
            "공급면적":"--",
            "전용률":"--",
            "욕실수":50,
            "현관타입":100,
            "주거총점":34.0,
            "지역구공급총점":100.0,
            "역세권":80,
            "30분내 이동가능 거점":100,
            "1시간내 이동가능 거점":100,
            "교통총점":90.0,
            "백화점":100,
            "아울렛몰":0,
            "대형마트":100,
            "은행":70,
            "병원":80,
            "종합병원":100,
            "공원":100,
            "혐오시설":0,
            "인프라총점":83.0,
            "초등학군":83.72,
            "중학군":51.68,
            "학군총점":58.088,
            "인구수":42.36,
            "인구증감":9.01,
            "인구총점":32.355,
            "일자리":52.7,
            "소득수준":88.01,
            "일자리총점":63.293,
            "가치 총점":71.9132,
            "매매실거래년":20211008.0,
            "매매실거래가":87000.0,
            "전세실거래년":20211011.0,
            "전세실거래가":24000.0,
            "전세가율":64.86,
            "장기전세가율평균":64.5,
            "전세가율거품지수":-0.36,
            "검색코드":106816,
            "세대수":146.0,
            "준공년월":"2014-09-15",
            "준공년차":9.0,
            "가까운역이름":"영등포구청",
            "가까운역거리":292.91,
            "역세권여부":"역세권",
            "30분이내주요거점역":7,
            "1시간이내주요거점역":14,
            "3km이내백화점수":5,
            "5km이내아울렛몰수":0,
            "1km이내대형먀트수":3,
            "500m이내은행수":3,
            "500m이내병원수":33,
            "5km이내대형병원수":12,
            "500m이내공원수":3,
            "3km이내혐오시설수":0,
            "초등학교학업성취도":83.72,
            "중학교학업성취도":83.8,
            "용적률":249,
            "건폐율":25,
            "Y":37.52509,
            "X":126.899269,
            "rank":32.0,
            "area_info":"7평(25.12), 17평(57.04), 17평(57.04), 17평(58.94), 17평(58.96), 17평(58.0), 18평(60.84), 18평(61.52), 18평(62.0), 20평(66.66), 20평(68.36)",
            "last_sales":"2021-10-08,87000.0,20평(68.36)"
        },
        {
            "index":652,
            "아파트명":"대교",
            "투자타입":"재건축",
            "전용면적(m2)":"100.19",
            "전용면적(평)":"30평",
            "법정동주소":"서울시 영등포구 여의도동 41",
            "도로명주소":"서울시 영등포구 국제금융로7길 20",
            "세대수":50,
            "입주년차":"--",
            "용적률점수":80,
            "건폐율점수":100,
            "세대당주차수":"--",
            "난방방식":"--",
            "공급면적":90,
            "전용률":100,
            "욕실수":"--",
            "현관타입":"--",
            "주거총점":76.5,
            "지역구공급총점":100.0,
            "역세권":50,
            "30분내 이동가능 거점":40,
            "1시간내 이동가능 거점":100,
            "교통총점":57.0,
            "백화점":100,
            "아울렛몰":80,
            "대형마트":80,
            "은행":100,
            "병원":80,
            "종합병원":100,
            "공원":100,
            "혐오시설":0,
            "인프라총점":91.0,
            "초등학군":90.28,
            "중학군":55.24,
            "학군총점":62.248,
            "인구수":42.36,
            "인구증감":9.01,
            "인구총점":32.355,
            "일자리":52.7,
            "소득수준":88.01,
            "일자리총점":63.293,
            "가치 총점":71.8872,
            "매매실거래년":20210910.0,
            "매매실거래가":194000.0,
            "전세실거래년":20220115.0,
            "전세실거래가":66000.0,
            "전세가율":34.02,
            "장기전세가율평균":64.5,
            "전세가율거품지수":30.48,
            "검색코드":741,
            "세대수":576.0,
            "준공년월":"1975-09-29",
            "준공년차":48.0,
            "가까운역이름":"여의나루",
            "가까운역거리":534.67,
            "역세권여부":"준역세권",
            "30분이내주요거점역":2,
            "1시간이내주요거점역":11,
            "3km이내백화점수":3,
            "5km이내아울렛몰수":1,
            "1km이내대형먀트수":1,
            "500m이내은행수":14,
            "500m이내병원수":48,
            "5km이내대형병원수":12,
            "500m이내공원수":2,
            "3km이내혐오시설수":0,
            "초등학교학업성취도":90.28,
            "중학교학업성취도":89.8,
            "용적률":205,
            "건폐율":17,
            "Y":37.522343,
            "X":126.933802,
            "rank":33.0,
            "area_info":"30평(100.19), 42평(140.5), 48평(160.86)",
            "last_sales":"2021-09-10,194000.0,30평(100.19)"
        },
        {
            "index":24,
            "아파트명":"진로",
            "투자타입":"일반",
            "전용면적(m2)":"82.8",
            "전용면적(평)":"25평",
            "법정동주소":"서울시 영등포구 당산동1가 16-1",
            "도로명주소":"서울시 영등포구 당산로 68",
            "세대수":50,
            "입주년차":0,
            "용적률점수":"--",
            "건폐율점수":"--",
            "세대당주차수":30,
            "난방방식":30,
            "공급면적":"--",
            "전용률":"--",
            "욕실수":50,
            "현관타입":10,
            "주거총점":31.0,
            "지역구공급총점":100.0,
            "역세권":80,
            "30분내 이동가능 거점":100,
            "1시간내 이동가능 거점":100,
            "교통총점":90.0,
            "백화점":100,
            "아울렛몰":100,
            "대형마트":100,
            "은행":0,
            "병원":60,
            "종합병원":100,
            "공원":80,
            "혐오시설":0,
            "인프라총점":83.4,
            "초등학군":86.21,
            "중학군":51.68,
            "학군총점":58.586,
            "인구수":42.36,
            "인구증감":9.01,
            "인구총점":32.355,
            "일자리":52.7,
            "소득수준":88.01,
            "일자리총점":63.293,
            "가치 총점":71.5079,
            "매매실거래년":20220114.0,
            "매매실거래가":122000.0,
            "전세실거래년":20220114.0,
            "전세실거래가":42000.0,
            "전세가율":41.58,
            "장기전세가율평균":64.5,
            "전세가율거품지수":22.92,
            "검색코드":684,
            "세대수":461.0,
            "준공년월":"1997-08-29",
            "준공년차":26.0,
            "가까운역이름":"문래",
            "가까운역거리":341.92,
            "역세권여부":"역세권",
            "30분이내주요거점역":7,
            "1시간이내주요거점역":14,
            "3km이내백화점수":5,
            "5km이내아울렛몰수":2,
            "1km이내대형먀트수":3,
            "500m이내은행수":1,
            "500m이내병원수":29,
            "5km이내대형병원수":12,
            "500m이내공원수":1,
            "3km이내혐오시설수":0,
            "초등학교학업성취도":86.21,
            "중학교학업성취도":83.8,
            "용적률":353,
            "건폐율":24,
            "Y":37.520755,
            "X":126.8963,
            "rank":34.0,
            "area_info":"25평(82.8), 32평(107.77), 58평(194.66)",
            "last_sales":"2022-01-14,122000.0,32평(107.77)"
        },
        {
            "index":867,
            "아파트명":"포레나영등포센트럴",
            "투자타입":"일반",
            "전용면적(m2)":"41.56",
            "전용면적(평)":"12평",
            "법정동주소":"서울시 영등포구 영등포동7가 208",
            "도로명주소":"서울시 영등포구 국회대로50길 20",
            "세대수":0,
            "입주년차":100,
            "용적률점수":"--",
            "건폐율점수":"--",
            "세대당주차수":0,
            "난방방식":30,
            "공급면적":"--",
            "전용률":"--",
            "욕실수":50,
            "현관타입":100,
            "주거총점":38.0,
            "지역구공급총점":100.0,
            "역세권":80,
            "30분내 이동가능 거점":80,
            "1시간내 이동가능 거점":100,
            "교통총점":84.0,
            "백화점":100,
            "아울렛몰":0,
            "대형마트":100,
            "은행":100,
            "병원":80,
            "종합병원":100,
            "공원":100,
            "혐오시설":0,
            "인프라총점":86.0,
            "초등학군":83.72,
            "중학군":50.3,
            "학군총점":56.984,
            "인구수":42.36,
            "인구증감":9.01,
            "인구총점":32.355,
            "일자리":52.7,
            "소득수준":88.01,
            "일자리총점":63.293,
            "가치 총점":71.3476,
            "매매실거래년":20200731.0,
            "매매실거래가":110000.0,
            "전세실거래년":null,
            "전세실거래가":null,
            "전세가율":null,
            "장기전세가율평균":64.5,
            "전세가율거품지수":null,
            "검색코드":118793,
            "세대수":185.0,
            "준공년월":"2020-10-29",
            "준공년차":3.0,
            "가까운역이름":"영등포시장",
            "가까운역거리":121.85,
            "역세권여부":"역세권",
            "30분이내주요거점역":4,
            "1시간이내주요거점역":11,
            "3km이내백화점수":5,
            "5km이내아울렛몰수":0,
            "1km이내대형먀트수":3,
            "500m이내은행수":8,
            "500m이내병원수":53,
            "5km이내대형병원수":12,
            "500m이내공원수":3,
            "3km이내혐오시설수":0,
            "초등학교학업성취도":83.72,
            "중학교학업성취도":83.1,
            "용적률":605,
            "건폐율":52,
            "Y":37.523736,
            "X":126.905454,
            "rank":35.0,
            "area_info":"12평(41.56), 25평(83.15), 25평(83.15), 35평(116.18)",
            "last_sales":"2020-07-31,110000.0,25평(83.15)"
        },
        {
            "index":42,
            "아파트명":"당산계룡리슈빌2단지(도시형)",
            "투자타입":"일반",
            "전용면적(m2)":"25.12",
            "전용면적(평)":"7평",
            "법정동주소":"서울시 영등포구 당산동3가 566",
            "도로명주소":"서울시 영등포구 양산로25길 8",
            "세대수":0,
            "입주년차":80,
            "용적률점수":"--",
            "건폐율점수":"--",
            "세대당주차수":0,
            "난방방식":30,
            "공급면적":"--",
            "전용률":"--",
            "욕실수":50,
            "현관타입":100,
            "주거총점":34.0,
            "지역구공급총점":100.0,
            "역세권":80,
            "30분내 이동가능 거점":100,
            "1시간내 이동가능 거점":100,
            "교통총점":90.0,
            "백화점":100,
            "아울렛몰":0,
            "대형마트":100,
            "은행":70,
            "병원":60,
            "종합병원":100,
            "공원":100,
            "혐오시설":0,
            "인프라총점":81.0,
            "초등학군":83.72,
            "중학군":51.68,
            "학군총점":58.088,
            "인구수":42.36,
            "인구증감":9.01,
            "인구총점":32.355,
            "일자리":52.7,
            "소득수준":88.01,
            "일자리총점":63.293,
            "가치 총점":71.3132,
            "매매실거래년":20210424.0,
            "매매실거래가":83000.0,
            "전세실거래년":20210917.0,
            "전세실거래가":27000.0,
            "전세가율":85.04,
            "장기전세가율평균":64.5,
            "전세가율거품지수":-20.54,
            "검색코드":106817,
            "세대수":146.0,
            "준공년월":"2014-09-15",
            "준공년차":9.0,
            "가까운역이름":"영등포구청",
            "가까운역거리":280.36,
            "역세권여부":"역세권",
            "30분이내주요거점역":7,
            "1시간이내주요거점역":14,
            "3km이내백화점수":5,
            "5km이내아울렛몰수":0,
            "1km이내대형먀트수":3,
            "500m이내은행수":3,
            "500m이내병원수":28,
            "5km이내대형병원수":12,
            "500m이내공원수":2,
            "3km이내혐오시설수":0,
            "초등학교학업성취도":83.72,
            "중학교학업성취도":83.8,
            "용적률":249,
            "건폐율":25,
            "Y":37.524312,
            "X":126.89902,
            "rank":36.0,
            "area_info":"7평(25.12), 17평(57.04), 17평(57.04), 17평(58.94), 17평(58.96), 17평(58.0), 18평(60.84), 18평(61.52), 18평(62.0), 20평(66.66), 20평(68.36)",
            "last_sales":"2021-04-24,83000.0,20평(68.36)"
        },
        {
            "index":271,
            "아파트명":"현대3차",
            "투자타입":"일반",
            "전용면적(m2)":"56.68",
            "전용면적(평)":"17평",
            "법정동주소":"서울시 영등포구 대림동 608-1",
            "도로명주소":"서울시 영등포구 도신로 31",
            "세대수":90,
            "입주년차":0,
            "용적률점수":"--",
            "건폐율점수":"--",
            "세대당주차수":30,
            "난방방식":80,
            "공급면적":"--",
            "전용률":"--",
            "욕실수":50,
            "현관타입":10,
            "주거총점":50.0,
            "지역구공급총점":100.0,
            "역세권":80,
            "30분내 이동가능 거점":80,
            "1시간내 이동가능 거점":100,
            "교통총점":84.0,
            "백화점":100,
            "아울렛몰":100,
            "대형마트":100,
            "은행":20,
            "병원":30,
            "종합병원":100,
            "공원":80,
            "혐오시설":0,
            "인프라총점":82.4,
            "초등학군":81.19,
            "중학군":35.74,
            "학군총점":44.83,
            "인구수":42.36,
            "인구증감":9.01,
            "인구총점":32.355,
            "일자리":52.7,
            "소득수준":88.01,
            "일자리총점":63.293,
            "가치 총점":70.8445,
            "매매실거래년":20210915.0,
            "매매실거래가":68000.0,
            "전세실거래년":20211224.0,
            "전세실거래가":27000.0,
            "전세가율":39.71,
            "장기전세가율평균":64.5,
            "전세가율거품지수":24.79,
            "검색코드":698,
            "세대수":1162.0,
            "준공년월":"1997-10-27",
            "준공년차":26.0,
            "가까운역이름":"신도림",
            "가까운역거리":492.93,
            "역세권여부":"역세권",
            "30분이내주요거점역":4,
            "1시간이내주요거점역":14,
            "3km이내백화점수":4,
            "5km이내아울렛몰수":2,
            "1km이내대형먀트수":2,
            "500m이내은행수":2,
            "500m이내병원수":5,
            "5km이내대형병원수":14,
            "500m이내공원수":1,
            "3km이내혐오시설수":0,
            "초등학교학업성취도":81.19,
            "중학교학업성취도":59.3,
            "용적률":325,
            "건폐율":26,
            "Y":37.505644,
            "X":126.895313,
            "rank":37.0,
            "area_info":"17평(56.68), 18평(61.53), 20평(66.24), 23평(77.2), 25평(85.95), 28평(94.21), 33평(112.39), 55평(185.12)",
            "last_sales":"2021-09-15,68000.0,17평(56.68)"
        },
        {
            "index":19,
            "아파트명":"당산신동아파밀리에",
            "투자타입":"일반",
            "전용면적(m2)":"79.52",
            "전용면적(평)":"24평",
            "법정동주소":"서울시 영등포구 당산동1가 457",
            "도로명주소":"서울시 영등포구 영신로33길 3",
            "세대수":0,
            "입주년차":40,
            "용적률점수":"--",
            "건폐율점수":"--",
            "세대당주차수":30,
            "난방방식":30,
            "공급면적":"--",
            "전용률":"--",
            "욕실수":100,
            "현관타입":100,
            "주거총점":35.5,
            "지역구공급총점":100.0,
            "역세권":50,
            "30분내 이동가능 거점":100,
            "1시간내 이동가능 거점":100,
            "교통총점":75.0,
            "백화점":100,
            "아울렛몰":100,
            "대형마트":100,
            "은행":100,
            "병원":80,
            "종합병원":100,
            "공원":80,
            "혐오시설":0,
            "인프라총점":95.4,
            "초등학군":83.72,
            "중학군":51.68,
            "학군총점":58.088,
            "인구수":42.36,
            "인구증감":9.01,
            "인구총점":32.355,
            "일자리":52.7,
            "소득수준":88.01,
            "일자리총점":63.293,
            "가치 총점":70.6832,
            "매매실거래년":20210809.0,
            "매매실거래가":103000.0,
            "전세실거래년":20210915.0,
            "전세실거래가":55000.0,
            "전세가율":53.4,
            "장기전세가율평균":64.5,
            "전세가율거품지수":11.1,
            "검색코드":25337,
            "세대수":167.0,
            "준공년월":"2008-01-18",
            "준공년차":15.0,
            "가까운역이름":"문래",
            "가까운역거리":505.72,
            "역세권여부":"준역세권",
            "30분이내주요거점역":6,
            "1시간이내주요거점역":12,
            "3km이내백화점수":5,
            "5km이내아울렛몰수":2,
            "1km이내대형먀트수":2,
            "500m이내은행수":8,
            "500m이내병원수":59,
            "5km이내대형병원수":13,
            "500m이내공원수":1,
            "3km이내혐오시설수":0,
            "초등학교학업성취도":83.72,
            "중학교학업성취도":83.8,
            "용적률":241,
            "건폐율":24,
            "Y":37.519915,
            "X":126.899921,
            "rank":38.0,
            "area_info":"24평(79.52), 34평(112.49)",
            "last_sales":"2021-08-09,103000.0,24평(79.52)"
        },
        {
            "index":494,
            "아파트명":"신길우성3차",
            "투자타입":"재건축",
            "전용면적(m2)":"72.72",
            "전용면적(평)":"21평",
            "법정동주소":"서울시 영등포구 신길동 4656",
            "도로명주소":"서울시 영등포구 대방천로14길 32",
            "세대수":50,
            "입주년차":"--",
            "용적률점수":80,
            "건폐율점수":100,
            "세대당주차수":"--",
            "난방방식":"--",
            "공급면적":50,
            "전용률":60,
            "욕실수":"--",
            "현관타입":"--",
            "주거총점":72.5,
            "지역구공급총점":100.0,
            "역세권":80,
            "30분내 이동가능 거점":60,
            "1시간내 이동가능 거점":100,
            "교통총점":78.0,
            "백화점":100,
            "아울렛몰":100,
            "대형마트":0,
            "은행":0,
            "병원":60,
            "종합병원":100,
            "공원":0,
            "혐오시설":0,
            "인프라총점":66.0,
            "초등학군":81.98,
            "중학군":54.04,
            "학군총점":59.628,
            "인구수":42.36,
            "인구증감":9.01,
            "인구총점":32.355,
            "일자리":52.7,
            "소득수준":88.01,
            "일자리총점":63.293,
            "가치 총점":70.5442,
            "매매실거래년":20211028.0,
            "매매실거래가":106500.0,
            "전세실거래년":20211217.0,
            "전세실거래가":27000.0,
            "전세가율":36.24,
            "장기전세가율평균":64.5,
            "전세가율거품지수":28.26,
            "검색코드":722,
            "세대수":477.0,
            "준공년월":"1989-04-11",
            "준공년차":34.0,
            "가까운역이름":"신풍",
            "가까운역거리":354.96,
            "역세권여부":"역세권",
            "30분이내주요거점역":3,
            "1시간이내주요거점역":11,
            "3km이내백화점수":4,
            "5km이내아울렛몰수":2,
            "1km이내대형먀트수":0,
            "500m이내은행수":1,
            "500m이내병원수":25,
            "5km이내대형병원수":15,
            "500m이내공원수":0,
            "3km이내혐오시설수":0,
            "초등학교학업성취도":81.98,
            "중학교학업성취도":88.6,
            "용적률":176,
            "건폐율":17,
            "Y":37.49696,
            "X":126.909079,
            "rank":39.0,
            "area_info":"21평(72.72), 26평(86.93), 30평(100.85)",
            "last_sales":"2021-10-28,106500.0,30평(100.85)"
        },
        {
            "index":128,
            "아파트명":"현대2차",
            "투자타입":"재건축",
            "전용면적(m2)":"72.89",
            "전용면적(평)":"22평",
            "법정동주소":"서울시 영등포구 당산동4가 92",
            "도로명주소":"서울시 영등포구 국회대로29길 5",
            "세대수":0,
            "입주년차":"--",
            "용적률점수":80,
            "건폐율점수":100,
            "세대당주차수":"--",
            "난방방식":"--",
            "공급면적":50,
            "전용률":80,
            "욕실수":"--",
            "현관타입":"--",
            "주거총점":58.5,
            "지역구공급총점":100.0,
            "역세권":80,
            "30분내 이동가능 거점":60,
            "1시간내 이동가능 거점":70,
            "교통총점":72.0,
            "백화점":100,
            "아울렛몰":0,
            "대형마트":80,
            "은행":100,
            "병원":60,
            "종합병원":100,
            "공원":100,
            "혐오시설":0,
            "인프라총점":81.0,
            "초등학군":88.88,
            "중학군":53.46,
            "학군총점":60.544,
            "인구수":42.36,
            "인구증감":9.01,
            "인구총점":32.355,
            "일자리":52.7,
            "소득수준":88.01,
            "일자리총점":63.293,
            "가치 총점":70.2816,
            "매매실거래년":20200720.0,
            "매매실거래가":85000.0,
            "전세실거래년":20200411.0,
            "전세실거래가":30000.0,
            "전세가율":43.48,
            "장기전세가율평균":64.5,
            "전세가율거품지수":21.02,
            "검색코드":690,
            "세대수":116.0,
            "준공년월":"1986-03-11",
            "준공년차":37.0,
            "가까운역이름":"영등포구청",
            "가까운역거리":439.03,
            "역세권여부":"역세권",
            "30분이내주요거점역":3,
            "1시간이내주요거점역":7,
            "3km이내백화점수":5,
            "5km이내아울렛몰수":0,
            "1km이내대형먀트수":1,
            "500m이내은행수":5,
            "500m이내병원수":29,
            "5km이내대형병원수":12,
            "500m이내공원수":3,
            "3km이내혐오시설수":0,
            "초등학교학업성취도":88.88,
            "중학교학업성취도":88.1,
            "용적률":167,
            "건폐율":15,
            "Y":37.528909,
            "X":126.896293,
            "rank":40.0,
            "area_info":"22평(72.89), 23평(78.5), 29평(98.79), 30평(100.05), 30평(101.09), 31평(103.82), 31평(104.46), 31평(104.4)",
            "last_sales":"2020-07-20,85000.0,31평(104.46)"
        },
        {
            "index":523,
            "아파트명":"전철",
            "투자타입":"재건축",
            "전용면적(m2)":"53.77",
            "전용면적(평)":"16평",
            "법정동주소":"서울시 영등포구 신길동 1343",
            "도로명주소":"서울시 영등포구 여의대방로61길 6",
            "세대수":0,
            "입주년차":"--",
            "용적률점수":100,
            "건폐율점수":0,
            "세대당주차수":"--",
            "난방방식":"--",
            "공급면적":50,
            "전용률":80,
            "욕실수":"--",
            "현관타입":"--",
            "주거총점":46.5,
            "지역구공급총점":100.0,
            "역세권":80,
            "30분내 이동가능 거점":100,
            "1시간내 이동가능 거점":100,
            "교통총점":90.0,
            "백화점":100,
            "아울렛몰":0,
            "대형마트":80,
            "은행":0,
            "병원":30,
            "종합병원":100,
            "공원":100,
            "혐오시설":0,
            "인프라총점":68.0,
            "초등학군":92.91,
            "중학군":51.88,
            "학군총점":60.086,
            "인구수":42.36,
            "인구증감":9.01,
            "인구총점":32.355,
            "일자리":52.7,
            "소득수준":88.01,
            "일자리총점":63.293,
            "가치 총점":70.2129,
            "매매실거래년":20211023.0,
            "매매실거래가":83000.0,
            "전세실거래년":20211110.0,
            "전세실거래가":30000.0,
            "전세가율":41.81,
            "장기전세가율평균":64.5,
            "전세가율거품지수":22.69,
            "검색코드":3796,
            "세대수":164.0,
            "준공년월":"1976-06-03",
            "준공년차":47.0,
            "가까운역이름":"대방",
            "가까운역거리":157.14,
            "역세권여부":"역세권",
            "30분이내주요거점역":6,
            "1시간이내주요거점역":13,
            "3km이내백화점수":4,
            "5km이내아울렛몰수":0,
            "1km이내대형먀트수":1,
            "500m이내은행수":0,
            "500m이내병원수":5,
            "5km이내대형병원수":12,
            "500m이내공원수":2,
            "3km이내혐오시설수":0,
            "초등학교학업성취도":92.91,
            "중학교학업성취도":84.6,
            "용적률":115,
            "건폐율":0,
            "Y":37.514534,
            "X":126.925425,
            "rank":41.0,
            "area_info":"16평(53.77), 16평(54.97), 16평(54.8), 16평(54.77), 16평(55.8), 25평(82.71), 25평(82.91), 26평(87.61), 26평(87.59), 26평(87.62), 26평(89.03)",
            "last_sales":"2021-10-23,83000.0,26평(87.59)"
        },
        {
            "index":58,
            "아파트명":"당산쌍용예가클래식",
            "투자타입":"일반",
            "전용면적(m2)":"71.01",
            "전용면적(평)":"21평",
            "법정동주소":"서울시 영등포구 당산동3가 559",
            "도로명주소":"서울시 영등포구 당산로31길 32",
            "세대수":0,
            "입주년차":60,
            "용적률점수":"--",
            "건폐율점수":"--",
            "세대당주차수":0,
            "난방방식":30,
            "공급면적":"--",
            "전용률":"--",
            "욕실수":50,
            "현관타입":100,
            "주거총점":30.0,
            "지역구공급총점":100.0,
            "역세권":80,
            "30분내 이동가능 거점":100,
            "1시간내 이동가능 거점":100,
            "교통총점":90.0,
            "백화점":100,
            "아울렛몰":0,
            "대형마트":80,
            "은행":100,
            "병원":60,
            "종합병원":100,
            "공원":80,
            "혐오시설":0,
            "인프라총점":80.4,
            "초등학군":86.54,
            "중학군":49.84,
            "학군총점":57.18,
            "인구수":42.36,
            "인구증감":9.01,
            "인구총점":32.355,
            "일자리":52.7,
            "소득수준":88.01,
            "일자리총점":63.293,
            "가치 총점":70.197,
            "매매실거래년":20210924.0,
            "매매실거래가":132000.0,
            "전세실거래년":20211124.0,
            "전세실거래가":42000.0,
            "전세가율":61.95,
            "장기전세가율평균":64.5,
            "전세가율거품지수":2.55,
            "검색코드":686,
            "세대수":284.0,
            "준공년월":"2010-07-08",
            "준공년차":13.0,
            "가까운역이름":"영등포구청",
            "가까운역거리":366.78,
            "역세권여부":"역세권",
            "30분이내주요거점역":7,
            "1시간이내주요거점역":14,
            "3km이내백화점수":4,
            "5km이내아울렛몰수":0,
            "1km이내대형먀트수":1,
            "500m이내은행수":5,
            "500m이내병원수":27,
            "5km이내대형병원수":13,
            "500m이내공원수":1,
            "3km이내혐오시설수":0,
            "초등학교학업성취도":86.54,
            "중학교학업성취도":81.4,
            "용적률":242,
            "건폐율":27,
            "Y":37.527713,
            "X":126.893641,
            "rank":42.0,
            "area_info":"21평(71.01), 25평(83.3), 28평(93.51), 28평(93.75), 32평(106.07), 34평(114.75), 34평(115.33), 37평(124.5), 41평(137.58)",
            "last_sales":"2021-09-24,132000.0,41평(137.58)"
        },
        {
            "index":478,
            "아파트명":"신길센트럴자이",
            "투자타입":"일반",
            "전용면적(m2)":"79.59",
            "전용면적(평)":"24평",
            "법정동주소":"서울시 영등포구 신길동 4964",
            "도로명주소":"서울시 영등포구 신길로29길 17",
            "세대수":90,
            "입주년차":100,
            "용적률점수":"--",
            "건폐율점수":"--",
            "세대당주차수":30,
            "난방방식":30,
            "공급면적":"--",
            "전용률":"--",
            "욕실수":100,
            "현관타입":100,
            "주거총점":79.0,
            "지역구공급총점":100.0,
            "역세권":80,
            "30분내 이동가능 거점":40,
            "1시간내 이동가능 거점":100,
            "교통총점":72.0,
            "백화점":100,
            "아울렛몰":100,
            "대형마트":0,
            "은행":20,
            "병원":80,
            "종합병원":100,
            "공원":100,
            "혐오시설":0,
            "인프라총점":73.0,
            "초등학군":100.0,
            "중학군":35.74,
            "학군총점":48.592,
            "인구수":42.36,
            "인구증감":9.01,
            "인구총점":32.355,
            "일자리":52.7,
            "소득수준":88.01,
            "일자리총점":63.293,
            "가치 총점":70.1888,
            "매매실거래년":20210903.0,
            "매매실거래가":162000.0,
            "전세실거래년":20210414.0,
            "전세실거래가":46200.0,
            "전세가율":null,
            "장기전세가율평균":64.5,
            "전세가율거품지수":null,
            "검색코드":117792,
            "세대수":1008.0,
            "준공년월":"2021-04-13",
            "준공년차":2.0,
            "가까운역이름":"신풍",
            "가까운역거리":382.91,
            "역세권여부":"역세권",
            "30분이내주요거점역":2,
            "1시간이내주요거점역":10,
            "3km이내백화점수":4,
            "5km이내아울렛몰수":2,
            "1km이내대형먀트수":0,
            "500m이내은행수":2,
            "500m이내병원수":33,
            "5km이내대형병원수":15,
            "500m이내공원수":4,
            "3km이내혐오시설수":0,
            "초등학교학업성취도":100.0,
            "중학교학업성취도":59.3,
            "용적률":266,
            "건폐율":22,
            "Y":37.503061,
            "X":126.907757,
            "rank":43.0,
            "area_info":"24평(79.59), 25평(83.94), 25평(85.93), 25평(85.44), 32평(107.08), 33평(112.27), 34평(113.22), 34평(113.53), 34평(114.16), 51평(170.35)",
            "last_sales":"2021-09-03,162000.0,34평(114.16)"
        },
        {
            "index":655,
            "아파트명":"대우트럼프월드II",
            "투자타입":"일반",
            "전용면적(m2)":"156.67",
            "전용면적(평)":"47평",
            "법정동주소":"서울시 영등포구 여의도동 48",
            "도로명주소":"서울시 영등포구 여의동로 97",
            "세대수":0,
            "입주년차":20,
            "용적률점수":"--",
            "건폐율점수":"--",
            "세대당주차수":80,
            "난방방식":100,
            "공급면적":"--",
            "전용률":"--",
            "욕실수":100,
            "현관타입":100,
            "주거총점":46.0,
            "지역구공급총점":100.0,
            "역세권":80,
            "30분내 이동가능 거점":60,
            "1시간내 이동가능 거점":100,
            "교통총점":78.0,
            "백화점":100,
            "아울렛몰":0,
            "대형마트":80,
            "은행":100,
            "병원":80,
            "종합병원":100,
            "공원":80,
            "혐오시설":0,
            "인프라총점":82.4,
            "초등학군":85.0,
            "중학군":51.88,
            "학군총점":58.504,
            "인구수":42.36,
            "인구증감":9.01,
            "인구총점":32.355,
            "일자리":52.7,
            "소득수준":88.01,
            "일자리총점":63.293,
            "가치 총점":69.9956,
            "매매실거래년":20211201.0,
            "매매실거래가":410000.0,
            "전세실거래년":20211108.0,
            "전세실거래가":164000.0,
            "전세가율":76.28,
            "장기전세가율평균":64.5,
            "전세가율거품지수":-11.78,
            "검색코드":3455,
            "세대수":218.0,
            "준공년월":"2003-07-01",
            "준공년차":20.0,
            "가까운역이름":"샛강",
            "가까운역거리":100.43,
            "역세권여부":"역세권",
            "30분이내주요거점역":3,
            "1시간이내주요거점역":12,
            "3km이내백화점수":4,
            "5km이내아울렛몰수":0,
            "1km이내대형먀트수":1,
            "500m이내은행수":11,
            "500m이내병원수":48,
            "5km이내대형병원수":12,
            "500m이내공원수":1,
            "3km이내혐오시설수":0,
            "초등학교학업성취도":85.0,
            "중학교학업성취도":84.6,
            "용적률":0,
            "건폐율":48,
            "Y":37.517364,
            "X":126.927289,
            "rank":44.0,
            "area_info":"47평(156.67), 54평(181.76), 62평(207.4), 68평(227.54), 89평(296.05), 90평(299.82)",
            "last_sales":"2021-12-01,410000.0,89평(296.05)"
        },
        {
            "index":163,
            "아파트명":"당산효성타운2차",
            "투자타입":"일반",
            "전용면적(m2)":"114.72",
            "전용면적(평)":"34평",
            "법정동주소":"서울시 영등포구 당산동5가 13",
            "도로명주소":"서울시 영등포구 당산로42길 7",
            "세대수":0,
            "입주년차":20,
            "용적률점수":"--",
            "건폐율점수":"--",
            "세대당주차수":30,
            "난방방식":30,
            "공급면적":"--",
            "전용률":"--",
            "욕실수":100,
            "현관타입":100,
            "주거총점":31.5,
            "지역구공급총점":100.0,
            "역세권":80,
            "30분내 이동가능 거점":100,
            "1시간내 이동가능 거점":100,
            "교통총점":90.0,
            "백화점":100,
            "아울렛몰":0,
            "대형마트":80,
            "은행":20,
            "병원":100,
            "종합병원":100,
            "공원":100,
            "혐오시설":0,
            "인프라총점":77.0,
            "초등학군":88.88,
            "중학군":53.46,
            "학군총점":60.544,
            "인구수":42.36,
            "인구증감":9.01,
            "인구총점":32.355,
            "일자리":52.7,
            "소득수준":88.01,
            "일자리총점":63.293,
            "가치 총점":69.9816,
            "매매실거래년":20210729.0,
            "매매실거래가":159500.0,
            "전세실거래년":20211216.0,
            "전세실거래가":68250.0,
            "전세가율":42.79,
            "장기전세가율평균":64.5,
            "전세가율거품지수":21.71,
            "검색코드":2984,
            "세대수":258.0,
            "준공년월":"2001-10-12",
            "준공년차":22.0,
            "가까운역이름":"당산",
            "가까운역거리":368.99,
            "역세권여부":"역세권",
            "30분이내주요거점역":6,
            "1시간이내주요거점역":14,
            "3km이내백화점수":5,
            "5km이내아울렛몰수":0,
            "1km이내대형먀트수":1,
            "500m이내은행수":2,
            "500m이내병원수":70,
            "5km이내대형병원수":13,
            "500m이내공원수":6,
            "3km이내혐오시설수":0,
            "초등학교학업성취도":88.88,
            "중학교학업성취도":88.1,
            "용적률":269,
            "건폐율":24,
            "Y":37.53139,
            "X":126.900466,
            "rank":45.0,
            "area_info":"34평(114.72)",
            "last_sales":"2021-07-29,159500.0,34평(114.72)"
        },
        {
            "index":460,
            "아파트명":"신길경남",
            "투자타입":"일반",
            "전용면적(m2)":"86.92",
            "전용면적(평)":"26평",
            "법정동주소":"서울시 영등포구 신길동 67-1",
            "도로명주소":"서울시 영등포구 영등포로 351",
            "세대수":30,
            "입주년차":20,
            "용적률점수":"--",
            "건폐율점수":"--",
            "세대당주차수":30,
            "난방방식":30,
            "공급면적":"--",
            "전용률":"--",
            "욕실수":50,
            "현관타입":10,
            "주거총점":28.0,
            "지역구공급총점":100.0,
            "역세권":80,
            "30분내 이동가능 거점":100,
            "1시간내 이동가능 거점":100,
            "교통총점":90.0,
            "백화점":100,
            "아울렛몰":80,
            "대형마트":80,
            "은행":70,
            "병원":60,
            "종합병원":100,
            "공원":0,
            "혐오시설":0,
            "인프라총점":83.0,
            "초등학군":85.0,
            "중학군":44.96,
            "학군총점":52.968,
            "인구수":42.36,
            "인구증감":9.01,
            "인구총점":32.355,
            "일자리":52.7,
            "소득수준":88.01,
            "일자리총점":63.293,
            "가치 총점":69.9452,
            "매매실거래년":20210821.0,
            "매매실거래가":87000.0,
            "전세실거래년":20211218.0,
            "전세실거래가":36750.0,
            "전세가율":42.24,
            "장기전세가율평균":64.5,
            "전세가율거품지수":22.26,
            "검색코드":1221,
            "세대수":368.0,
            "준공년월":"1999-06-15",
            "준공년차":24.0,
            "가까운역이름":"신길",
            "가까운역거리":175.63,
            "역세권여부":"역세권",
            "30분이내주요거점역":5,
            "1시간이내주요거점역":13,
            "3km이내백화점수":5,
            "5km이내아울렛몰수":1,
            "1km이내대형먀트수":1,
            "500m이내은행수":3,
            "500m이내병원수":18,
            "5km이내대형병원수":13,
            "500m이내공원수":0,
            "3km이내혐오시설수":0,
            "초등학교학업성취도":85.0,
            "중학교학업성취도":74.2,
            "용적률":345,
            "건폐율":24,
            "Y":37.515832,
            "X":126.918318,
            "rank":46.0,
            "area_info":"26평(86.92), 32평(108.75), 42평(142.01)",
            "last_sales":"2021-08-21,87000.0,26평(86.92)"
        },
        {
            "index":172,
            "아파트명":"G밸리소홈(도시형)",
            "투자타입":"일반",
            "전용면적(m2)":"25.53",
            "전용면적(평)":"7평",
            "법정동주소":"서울시 영등포구 대림동 1101-7",
            "도로명주소":"서울시 영등포구 도림천로19길 11",
            "세대수":0,
            "입주년차":80,
            "용적률점수":"--",
            "건폐율점수":"--",
            "세대당주차수":0,
            "난방방식":30,
            "공급면적":"--",
            "전용률":"--",
            "욕실수":50,
            "현관타입":10,
            "주거총점":25.0,
            "지역구공급총점":100.0,
            "역세권":80,
            "30분내 이동가능 거점":100,
            "1시간내 이동가능 거점":100,
            "교통총점":90.0,
            "백화점":100,
            "아울렛몰":100,
            "대형마트":100,
            "은행":100,
            "병원":30,
            "종합병원":100,
            "공원":0,
            "혐오시설":0,
            "인프라총점":88.0,
            "초등학군":79.45,
            "중학군":38.22,
            "학군총점":46.466,
            "인구수":42.36,
            "인구증감":9.01,
            "인구총점":32.355,
            "일자리":52.7,
            "소득수준":88.01,
            "일자리총점":63.293,
            "가치 총점":69.8699,
            "매매실거래년":20211125.0,
            "매매실거래가":14700.0,
            "전세실거래년":20220107.0,
            "전세실거래가":13200.0,
            "전세가율":89.8,
            "장기전세가율평균":64.5,
            "전세가율거품지수":-25.3,
            "검색코드":114107,
            "세대수":299.0,
            "준공년월":"2018-10-30",
            "준공년차":5.0,
            "가까운역이름":"구로디지털단지",
            "가까운역거리":179.55,
            "역세권여부":"역세권",
            "30분이내주요거점역":6,
            "1시간이내주요거점역":13,
            "3km이내백화점수":2,
            "5km이내아울렛몰수":2,
            "1km이내대형먀트수":3,
            "500m이내은행수":8,
            "500m이내병원수":5,
            "5km이내대형병원수":13,
            "500m이내공원수":0,
            "3km이내혐오시설수":0,
            "초등학교학업성취도":79.45,
            "중학교학업성취도":62.7,
            "용적률":392,
            "건폐율":43,
            "Y":37.486542,
            "X":126.900154,
            "rank":47.0,
            "area_info":"7평(25.53), 7평(26.09), 7평(26.4)",
            "last_sales":"2021-11-25,14700.0,7평(25.53)"
        },
        {
            "index":355,
            "아파트명":"e편한세상문래에듀플라츠",
            "투자타입":"일반",
            "전용면적(m2)":"79.31",
            "전용면적(평)":"23평",
            "법정동주소":"서울시 영등포구 문래동6가 58",
            "도로명주소":"서울시 영등포구 선유서로 50",
            "세대수":0,
            "입주년차":100,
            "용적률점수":"--",
            "건폐율점수":"--",
            "세대당주차수":30,
            "난방방식":30,
            "공급면적":"--",
            "전용률":"--",
            "욕실수":100,
            "현관타입":100,
            "주거총점":47.5,
            "지역구공급총점":100.0,
            "역세권":50,
            "30분내 이동가능 거점":80,
            "1시간내 이동가능 거점":90,
            "교통총점":67.0,
            "백화점":100,
            "아울렛몰":100,
            "대형마트":100,
            "은행":70,
            "병원":80,
            "종합병원":100,
            "공원":100,
            "혐오시설":0,
            "인프라총점":93.0,
            "초등학군":90.47,
            "중학군":49.52,
            "학군총점":57.71,
            "인구수":42.36,
            "인구증감":9.01,
            "인구총점":32.355,
            "일자리":52.7,
            "소득수준":88.01,
            "일자리총점":63.293,
            "가치 총점":69.5065,
            "매매실거래년":"18000101",
            "매매실거래가":null,
            "전세실거래년":20210506.0,
            "전세실거래가":62000.0,
            "전세가율":null,
            "장기전세가율평균":64.5,
            "전세가율거품지수":null,
            "검색코드":121993,
            "세대수":263.0,
            "준공년월":"2020-09-24",
            "준공년차":3.0,
            "가까운역이름":"양평",
            "가까운역거리":625.56,
            "역세권여부":"준역세권",
            "30분이내주요거점역":4,
            "1시간이내주요거점역":9,
            "3km이내백화점수":4,
            "5km이내아울렛몰수":2,
            "1km이내대형먀트수":2,
            "500m이내은행수":4,
            "500m이내병원수":30,
            "5km이내대형병원수":13,
            "500m이내공원수":3,
            "3km이내혐오시설수":0,
            "초등학교학업성취도":90.47,
            "중학교학업성취도":81.6,
            "용적률":298,
            "건폐율":31,
            "Y":37.520028,
            "X":126.885457,
            "rank":48.0,
            "area_info":"23평(79.31), 24평(80.24), 24평(80.11), 33평(111.72)",
            "last_sales":"1800-01-01,nan,23평(79.31)"
        },
        {
            "index":341,
            "아파트명":"문래두산위브",
            "투자타입":"재건축",
            "전용면적(m2)":"88.24",
            "전용면적(평)":"26평",
            "법정동주소":"서울시 영등포구 문래동5가 14",
            "도로명주소":"서울시 영등포구 선유로9나길 8",
            "세대수":30,
            "입주년차":"--",
            "용적률점수":60,
            "건폐율점수":100,
            "세대당주차수":"--",
            "난방방식":"--",
            "공급면적":70,
            "전용률":60,
            "욕실수":"--",
            "현관타입":"--",
            "주거총점":59.5,
            "지역구공급총점":100.0,
            "역세권":80,
            "30분내 이동가능 거점":40,
            "1시간내 이동가능 거점":70,
            "교통총점":66.0,
            "백화점":100,
            "아울렛몰":100,
            "대형마트":100,
            "은행":20,
            "병원":60,
            "종합병원":100,
            "공원":100,
            "혐오시설":0,
            "인프라총점":86.0,
            "초등학군":90.47,
            "중학군":49.52,
            "학군총점":57.71,
            "인구수":42.36,
            "인구증감":9.01,
            "인구총점":32.355,
            "일자리":52.7,
            "소득수준":88.01,
            "일자리총점":63.293,
            "가치 총점":69.4565,
            "매매실거래년":20211018.0,
            "매매실거래가":91000.0,
            "전세실거래년":20220108.0,
            "전세실거래가":48000.0,
            "전세가율":55.24,
            "장기전세가율평균":64.5,
            "전세가율거품지수":9.26,
            "검색코드":703,
            "세대수":383.0,
            "준공년월":"1988-11-08",
            "준공년차":35.0,
            "가까운역이름":"도림천",
            "가까운역거리":430.96,
            "역세권여부":"역세권",
            "30분이내주요거점역":2,
            "1시간이내주요거점역":7,
            "3km이내백화점수":4,
            "5km이내아울렛몰수":2,
            "1km이내대형먀트수":2,
            "500m이내은행수":2,
            "500m이내병원수":21,
            "5km이내대형병원수":13,
            "500m이내공원수":3,
            "3km이내혐오시설수":0,
            "초등학교학업성취도":90.47,
            "중학교학업성취도":81.6,
            "용적률":232,
            "건폐율":18,
            "Y":37.517216,
            "X":126.885968,
            "rank":49.0,
            "area_info":"26평(88.24), 32평(107.66)",
            "last_sales":"2021-10-18,91000.0,32평(107.66)"
        },
        {
            "index":843,
            "아파트명":"영등포대성그랑그루(도시형)",
            "투자타입":"일반",
            "전용면적(m2)":"18.73",
            "전용면적(평)":"5평",
            "법정동주소":"서울시 영등포구 영등포동4가 103",
            "도로명주소":"서울시 영등포구 문래로 191",
            "세대수":0,
            "입주년차":60,
            "용적률점수":"--",
            "건폐율점수":"--",
            "세대당주차수":0,
            "난방방식":30,
            "공급면적":"--",
            "전용률":"--",
            "욕실수":50,
            "현관타입":10,
            "주거총점":21.0,
            "지역구공급총점":100.0,
            "역세권":80,
            "30분내 이동가능 거점":60,
            "1시간내 이동가능 거점":100,
            "교통총점":78.0,
            "백화점":100,
            "아울렛몰":100,
            "대형마트":100,
            "은행":100,
            "병원":100,
            "종합병원":100,
            "공원":80,
            "혐오시설":0,
            "인프라총점":97.4,
            "초등학군":83.72,
            "중학군":51.68,
            "학군총점":58.088,
            "인구수":42.36,
            "인구증감":9.01,
            "인구총점":32.355,
            "일자리":52.7,
            "소득수준":88.01,
            "일자리총점":63.293,
            "가치 총점":69.4332,
            "매매실거래년":20220112.0,
            "매매실거래가":13000.0,
            "전세실거래년":20220105.0,
            "전세실거래가":15000.0,
            "전세가율":115.38,
            "장기전세가율평균":64.5,
            "전세가율거품지수":-50.88,
            "검색코드":103690,
            "세대수":147.0,
            "준공년월":"2012-10-10",
            "준공년차":11.0,
            "가까운역이름":"영등포시장",
            "가까운역거리":492.26,
            "역세권여부":"역세권",
            "30분이내주요거점역":3,
            "1시간이내주요거점역":12,
            "3km이내백화점수":5,
            "5km이내아울렛몰수":2,
            "1km이내대형먀트수":2,
            "500m이내은행수":9,
            "500m이내병원수":81,
            "5km이내대형병원수":13,
            "500m이내공원수":1,
            "3km이내혐오시설수":0,
            "초등학교학업성취도":83.72,
            "중학교학업성취도":83.8,
            "용적률":399,
            "건폐율":57,
            "Y":37.518495,
            "X":126.903279,
            "rank":50.0,
            "area_info":"5평(18.73)",
            "last_sales":"2022-01-12,13000.0,5평(18.73)"
        },
        {
            "index":488,
            "아파트명":"신길우성1차",
            "투자타입":"재건축",
            "전용면적(m2)":"67.33",
            "전용면적(평)":"20평",
            "법정동주소":"서울시 영등포구 신길동 365",
            "도로명주소":"서울시 영등포구 도신로 68",
            "세대수":50,
            "입주년차":"--",
            "용적률점수":80,
            "건폐율점수":100,
            "세대당주차수":"--",
            "난방방식":"--",
            "공급면적":50,
            "전용률":60,
            "욕실수":"--",
            "현관타입":"--",
            "주거총점":72.5,
            "지역구공급총점":100.0,
            "역세권":50,
            "30분내 이동가능 거점":60,
            "1시간내 이동가능 거점":90,
            "교통총점":61.0,
            "백화점":100,
            "아울렛몰":100,
            "대형마트":80,
            "은행":70,
            "병원":60,
            "종합병원":100,
            "공원":80,
            "혐오시설":0,
            "인프라총점":87.4,
            "초등학군":100.0,
            "중학군":35.74,
            "학군총점":48.592,
            "인구수":42.36,
            "인구증감":9.01,
            "인구총점":32.355,
            "일자리":52.7,
            "소득수준":88.01,
            "일자리총점":63.293,
            "가치 총점":69.3588,
            "매매실거래년":20211123.0,
            "매매실거래가":122500.0,
            "전세실거래년":20220111.0,
            "전세실거래가":21000.0,
            "전세가율":24.28,
            "장기전세가율평균":64.5,
            "전세가율거품지수":40.22,
            "검색코드":720,
            "세대수":688.0,
            "준공년월":"1986-09-03",
            "준공년차":37.0,
            "가까운역이름":"신도림",
            "가까운역거리":860.12,
            "역세권여부":"준역세권",
            "30분이내주요거점역":3,
            "1시간이내주요거점역":9,
            "3km이내백화점수":4,
            "5km이내아울렛몰수":2,
            "1km이내대형먀트수":1,
            "500m이내은행수":3,
            "500m이내병원수":26,
            "5km이내대형병원수":14,
            "500m이내공원수":1,
            "3km이내혐오시설수":0,
            "초등학교학업성취도":100.0,
            "중학교학업성취도":59.3,
            "용적률":176,
            "건폐율":18,
            "Y":37.505156,
            "X":126.899946,
            "rank":51.0,
            "area_info":"20평(67.33), 25평(85.92), 31평(102.65)",
            "last_sales":"2021-11-23,122500.0,31평(102.65)"
        },
        {
            "index":446,
            "아파트명":"삼성",
            "투자타입":"재건축",
            "전용면적(m2)":"57.01",
            "전용면적(평)":"17평",
            "법정동주소":"서울시 영등포구 신길동 4759",
            "도로명주소":"서울시 영등포구 여의대방로 45",
            "세대수":30,
            "입주년차":"--",
            "용적률점수":80,
            "건폐율점수":100,
            "세대당주차수":"--",
            "난방방식":"--",
            "공급면적":50,
            "전용률":60,
            "욕실수":"--",
            "현관타입":"--",
            "주거총점":66.5,
            "지역구공급총점":100.0,
            "역세권":80,
            "30분내 이동가능 거점":60,
            "1시간내 이동가능 거점":100,
            "교통총점":78.0,
            "백화점":100,
            "아울렛몰":100,
            "대형마트":0,
            "은행":0,
            "병원":60,
            "종합병원":100,
            "공원":0,
            "혐오시설":0,
            "인프라총점":66.0,
            "초등학군":81.98,
            "중학군":54.04,
            "학군총점":59.628,
            "인구수":42.36,
            "인구증감":9.01,
            "인구총점":32.355,
            "일자리":52.7,
            "소득수준":88.01,
            "일자리총점":63.293,
            "가치 총점":69.3442,
            "매매실거래년":20211116.0,
            "매매실거래가":85000.0,
            "전세실거래년":20220106.0,
            "전세실거래가":15700.0,
            "전세가율":22.11,
            "장기전세가율평균":64.5,
            "전세가율거품지수":42.39,
            "검색코드":718,
            "세대수":384.0,
            "준공년월":"1984-04-14",
            "준공년차":39.0,
            "가까운역이름":"신풍",
            "가까운역거리":428.68,
            "역세권여부":"역세권",
            "30분이내주요거점역":3,
            "1시간이내주요거점역":12,
            "3km이내백화점수":4,
            "5km이내아울렛몰수":2,
            "1km이내대형먀트수":0,
            "500m이내은행수":1,
            "500m이내병원수":24,
            "5km이내대형병원수":15,
            "500m이내공원수":0,
            "3km이내혐오시설수":0,
            "초등학교학업성취도":81.98,
            "중학교학업성취도":88.6,
            "용적률":169,
            "건폐율":18,
            "Y":37.496377,
            "X":126.911282,
            "rank":52.0,
            "area_info":"17평(57.01), 25평(83.19), 30평(101.68)",
            "last_sales":"2021-11-16,85000.0,25평(83.19)"
        },
        {
            "index":722,
            "아파트명":"삼부",
            "투자타입":"재건축",
            "전용면적(m2)":"89.25",
            "전용면적(평)":"26평",
            "법정동주소":"서울시 영등포구 여의도동 30-2",
            "도로명주소":"서울시 영등포구 국제금융로7길 27",
            "세대수":80,
            "입주년차":"--",
            "용적률점수":0,
            "건폐율점수":0,
            "세대당주차수":"--",
            "난방방식":"--",
            "공급면적":70,
            "전용률":60,
            "욕실수":"--",
            "현관타입":"--",
            "주거총점":30.5,
            "지역구공급총점":100.0,
            "역세권":80,
            "30분내 이동가능 거점":60,
            "1시간내 이동가능 거점":100,
            "교통총점":78.0,
            "백화점":100,
            "아울렛몰":80,
            "대형마트":80,
            "은행":100,
            "병원":80,
            "종합병원":100,
            "공원":0,
            "혐오시설":0,
            "인프라총점":88.0,
            "초등학군":90.28,
            "중학군":55.24,
            "학군총점":62.248,
            "인구수":42.36,
            "인구증감":9.01,
            "인구총점":32.355,
            "일자리":52.7,
            "소득수준":88.01,
            "일자리총점":63.293,
            "가치 총점":69.1372,
            "매매실거래년":20210409.0,
            "매매실거래가":302000.0,
            "전세실거래년":20220107.0,
            "전세실거래가":40000.0,
            "전세가율":21.51,
            "장기전세가율평균":64.5,
            "전세가율거품지수":42.99,
            "검색코드":745,
            "세대수":866.0,
            "준공년월":"1975-12-22",
            "준공년차":48.0,
            "가까운역이름":"여의나루",
            "가까운역거리":296.52,
            "역세권여부":"역세권",
            "30분이내주요거점역":3,
            "1시간이내주요거점역":11,
            "3km이내백화점수":3,
            "5km이내아울렛몰수":1,
            "1km이내대형먀트수":1,
            "500m이내은행수":19,
            "500m이내병원수":33,
            "5km이내대형병원수":12,
            "500m이내공원수":0,
            "3km이내혐오시설수":0,
            "초등학교학업성취도":90.28,
            "중학교학업성취도":89.8,
            "용적률":0,
            "건폐율":0,
            "Y":37.52456,
            "X":126.931869,
            "rank":53.0,
            "area_info":"26평(89.25), 27평(92.56), 38평(125.62), 43평(144.56), 50평(165.29), 59평(198.34)",
            "last_sales":"2021-04-09,302000.0,50평(165.29)"
        },
        {
            "index":343,
            "아파트명":"문래모아미래도",
            "투자타입":"일반",
            "전용면적(m2)":"80.11",
            "전용면적(평)":"24평",
            "법정동주소":"서울시 영등포구 문래동5가 67",
            "도로명주소":"서울시 영등포구 선유로9나길 5",
            "세대수":0,
            "입주년차":80,
            "용적률점수":"--",
            "건폐율점수":"--",
            "세대당주차수":30,
            "난방방식":30,
            "공급면적":"--",
            "전용률":"--",
            "욕실수":100,
            "현관타입":100,
            "주거총점":43.5,
            "지역구공급총점":100.0,
            "역세권":80,
            "30분내 이동가능 거점":60,
            "1시간내 이동가능 거점":80,
            "교통총점":74.0,
            "백화점":100,
            "아울렛몰":100,
            "대형마트":100,
            "은행":20,
            "병원":60,
            "종합병원":100,
            "공원":100,
            "혐오시설":0,
            "인프라총점":86.0,
            "초등학군":90.47,
            "중학군":49.52,
            "학군총점":57.71,
            "인구수":42.36,
            "인구증감":9.01,
            "인구총점":32.355,
            "일자리":52.7,
            "소득수준":88.01,
            "일자리총점":63.293,
            "가치 총점":69.0565,
            "매매실거래년":20200807.0,
            "매매실거래가":105000.0,
            "전세실거래년":20200107.0,
            "전세실거래가":26735.0,
            "전세가율":null,
            "장기전세가율평균":64.5,
            "전세가율거품지수":null,
            "검색코드":112889,
            "세대수":222.0,
            "준공년월":"2017-11-22",
            "준공년차":6.0,
            "가까운역이름":"도림천",
            "가까운역거리":477.99,
            "역세권여부":"역세권",
            "30분이내주요거점역":3,
            "1시간이내주요거점역":8,
            "3km이내백화점수":4,
            "5km이내아울렛몰수":2,
            "1km이내대형먀트수":2,
            "500m이내은행수":2,
            "500m이내병원수":24,
            "5km이내대형병원수":13,
            "500m이내공원수":3,
            "3km이내혐오시설수":0,
            "초등학교학업성취도":90.47,
            "중학교학업성취도":81.6,
            "용적률":295,
            "건폐율":26,
            "Y":37.517062,
            "X":126.886907,
            "rank":54.0,
            "area_info":"24평(80.11), 33평(111.42), 33평(111.96), 34평(112.8)",
            "last_sales":"2020-08-07,105000.0,34평(112.8)"
        },
        {
            "index":706,
            "아파트명":"목화",
            "투자타입":"재건축",
            "전용면적(m2)":"53.72",
            "전용면적(평)":"16평",
            "법정동주소":"서울시 영등포구 여의도동 30",
            "도로명주소":"서울시 영등포구 여의나루로 126",
            "세대수":30,
            "입주년차":"--",
            "용적률점수":0,
            "건폐율점수":0,
            "세대당주차수":"--",
            "난방방식":"--",
            "공급면적":50,
            "전용률":100,
            "욕실수":"--",
            "현관타입":"--",
            "주거총점":16.5,
            "지역구공급총점":100.0,
            "역세권":80,
            "30분내 이동가능 거점":100,
            "1시간내 이동가능 거점":100,
            "교통총점":90.0,
            "백화점":100,
            "아울렛몰":80,
            "대형마트":80,
            "은행":100,
            "병원":30,
            "종합병원":100,
            "공원":0,
            "혐오시설":0,
            "인프라총점":83.0,
            "초등학군":90.28,
            "중학군":55.24,
            "학군총점":62.248,
            "인구수":42.36,
            "인구증감":9.01,
            "인구총점":32.355,
            "일자리":52.7,
            "소득수준":88.01,
            "일자리총점":63.293,
            "가치 총점":69.0372,
            "매매실거래년":20210726.0,
            "매매실거래가":198000.0,
            "전세실거래년":20211109.0,
            "전세실거래가":34000.0,
            "전세가율":27.2,
            "장기전세가율평균":64.5,
            "전세가율거품지수":37.3,
            "검색코드":743,
            "세대수":312.0,
            "준공년월":"1977-10-18",
            "준공년차":46.0,
            "가까운역이름":"여의나루",
            "가까운역거리":114.97,
            "역세권여부":"역세권",
            "30분이내주요거점역":5,
            "1시간이내주요거점역":11,
            "3km이내백화점수":3,
            "5km이내아울렛몰수":1,
            "1km이내대형먀트수":1,
            "500m이내은행수":9,
            "500m이내병원수":6,
            "5km이내대형병원수":12,
            "500m이내공원수":0,
            "3km이내혐오시설수":0,
            "초등학교학업성취도":90.28,
            "중학교학업성취도":89.8,
            "용적률":0,
            "건폐율":0,
            "Y":37.5261,
            "X":126.93256,
            "rank":55.0,
            "area_info":"16평(53.72), 16평(55.14), 16평(55.84), 17평(58.44), 22평(73.06), 22평(73.26), 22평(73.05), 29평(97.06), 29평(97.85), 29평(97.55), 29평(98.38)",
            "last_sales":"2021-07-26,198000.0,29평(97.85)"
        },
        {
            "index":175,
            "아파트명":"H하우스대림뉴스테이(민간임대,도시형)",
            "투자타입":"일반",
            "전용면적(m2)":"39.09",
            "전용면적(평)":"11평",
            "법정동주소":"서울시 영등포구 대림동 1126",
            "도로명주소":"서울시 영등포구 시흥대로 595",
            "세대수":0,
            "입주년차":80,
            "용적률점수":"--",
            "건폐율점수":"--",
            "세대당주차수":0,
            "난방방식":30,
            "공급면적":"--",
            "전용률":"--",
            "욕실수":50,
            "현관타입":100,
            "주거총점":34.0,
            "지역구공급총점":100.0,
            "역세권":80,
            "30분내 이동가능 거점":100,
            "1시간내 이동가능 거점":100,
            "교통총점":90.0,
            "백화점":100,
            "아울렛몰":100,
            "대형마트":100,
            "은행":20,
            "병원":30,
            "종합병원":100,
            "공원":0,
            "혐오시설":0,
            "인프라총점":80.0,
            "초등학군":79.45,
            "중학군":36.18,
            "학군총점":44.834,
            "인구수":42.36,
            "인구증감":9.01,
            "인구총점":32.355,
            "일자리":52.7,
            "소득수준":88.01,
            "일자리총점":63.293,
            "가치 총점":69.0251,
            "매매실거래년":"18000101",
            "매매실거래가":null,
            "전세실거래년":null,
            "전세실거래가":null,
            "전세가율":null,
            "장기전세가율평균":64.5,
            "전세가율거품지수":null,
            "검색코드":121712,
            "세대수":293.0,
            "준공년월":"2017-06-27",
            "준공년차":6.0,
            "가까운역이름":"구로디지털단지",
            "가까운역거리":196.72,
            "역세권여부":"역세권",
            "30분이내주요거점역":5,
            "1시간이내주요거점역":11,
            "3km이내백화점수":2,
            "5km이내아울렛몰수":2,
            "1km이내대형먀트수":3,
            "500m이내은행수":2,
            "500m이내병원수":6,
            "5km이내대형병원수":13,
            "500m이내공원수":0,
            "3km이내혐오시설수":0,
            "초등학교학업성취도":79.45,
            "중학교학업성취도":60.3,
            "용적률":399,
            "건폐율":47,
            "Y":37.486115,
            "X":126.903357,
            "rank":56.0,
            "area_info":"11평(39.09), 11평(39.25), 14평(48.0), 14평(48.16), 15평(51.09), 15평(51.99), 15평(51.03), 16평(54.25), 17평(58.84), 17평(58.47)",
            "last_sales":"1800-01-01,nan,11평(39.09)"
        },
        {
            "index":312,
            "아파트명":"문래금호어울림",
            "투자타입":"일반",
            "전용면적(m2)":"109.6",
            "전용면적(평)":"33평",
            "법정동주소":"서울시 영등포구 문래동3가 97",
            "도로명주소":"서울시 영등포구 문래로 137",
            "세대수":0,
            "입주년차":40,
            "용적률점수":"--",
            "건폐율점수":"--",
            "세대당주차수":30,
            "난방방식":30,
            "공급면적":"--",
            "전용률":"--",
            "욕실수":100,
            "현관타입":100,
            "주거총점":35.5,
            "지역구공급총점":100.0,
            "역세권":80,
            "30분내 이동가능 거점":60,
            "1시간내 이동가능 거점":80,
            "교통총점":74.0,
            "백화점":100,
            "아울렛몰":100,
            "대형마트":100,
            "은행":70,
            "병원":60,
            "종합병원":100,
            "공원":80,
            "혐오시설":0,
            "인프라총점":90.4,
            "초등학군":86.21,
            "중학군":51.68,
            "학군총점":58.586,
            "인구수":42.36,
            "인구증감":9.01,
            "인구총점":32.355,
            "일자리":52.7,
            "소득수준":88.01,
            "일자리총점":63.293,
            "가치 총점":68.9079,
            "매매실거래년":20210608.0,
            "매매실거래가":110000.0,
            "전세실거래년":20211119.0,
            "전세실거래가":61950.0,
            "전세가율":56.32,
            "장기전세가율평균":64.5,
            "전세가율거품지수":8.18,
            "검색코드":22328,
            "세대수":134.0,
            "준공년월":"2006-09-29",
            "준공년차":17.0,
            "가까운역이름":"문래",
            "가까운역거리":310.55,
            "역세권여부":"역세권",
            "30분이내주요거점역":3,
            "1시간이내주요거점역":8,
            "3km이내백화점수":5,
            "5km이내아울렛몰수":2,
            "1km이내대형먀트수":3,
            "500m이내은행수":3,
            "500m이내병원수":26,
            "5km이내대형병원수":13,
            "500m이내공원수":1,
            "3km이내혐오시설수":0,
            "초등학교학업성취도":86.21,
            "중학교학업성취도":83.8,
            "용적률":249,
            "건폐율":22,
            "Y":37.519256,
            "X":126.897861,
            "rank":57.0,
            "area_info":"33평(109.6), 33평(111.55), 34평(112.53)",
            "last_sales":"2021-06-08,110000.0,33평(109.6)"
        },
        {
            "index":160,
            "아파트명":"당산효성1차",
            "투자타입":"일반",
            "전용면적(m2)":"80.13",
            "전용면적(평)":"24평",
            "법정동주소":"서울시 영등포구 당산동5가 12",
            "도로명주소":"서울시 영등포구 당산로42길 13",
            "세대수":50,
            "입주년차":20,
            "용적률점수":"--",
            "건폐율점수":"--",
            "세대당주차수":30,
            "난방방식":30,
            "공급면적":"--",
            "전용률":"--",
            "욕실수":50,
            "현관타입":100,
            "주거총점":44.0,
            "지역구공급총점":100.0,
            "역세권":80,
            "30분내 이동가능 거점":100,
            "1시간내 이동가능 거점":100,
            "교통총점":90.0,
            "백화점":100,
            "아울렛몰":0,
            "대형마트":0,
            "은행":20,
            "병원":100,
            "종합병원":100,
            "공원":100,
            "혐오시설":0,
            "인프라총점":65.0,
            "초등학군":88.88,
            "중학군":53.46,
            "학군총점":60.544,
            "인구수":42.36,
            "인구증감":9.01,
            "인구총점":32.355,
            "일자리":52.7,
            "소득수준":88.01,
            "일자리총점":63.293,
            "가치 총점":68.8816,
            "매매실거래년":20211015.0,
            "매매실거래가":114800.0,
            "전세실거래년":20220108.0,
            "전세실거래가":55600.0,
            "전세가율":48.43,
            "장기전세가율평균":64.5,
            "전세가율거품지수":16.07,
            "검색코드":1209,
            "세대수":480.0,
            "준공년월":"1999-12-10",
            "준공년차":24.0,
            "가까운역이름":"당산",
            "가까운역거리":406.54,
            "역세권여부":"역세권",
            "30분이내주요거점역":7,
            "1시간이내주요거점역":15,
            "3km이내백화점수":5,
            "5km이내아울렛몰수":0,
            "1km이내대형먀트수":0,
            "500m이내은행수":2,
            "500m이내병원수":63,
            "5km이내대형병원수":13,
            "500m이내공원수":7,
            "3km이내혐오시설수":0,
            "초등학교학업성취도":88.88,
            "중학교학업성취도":88.1,
            "용적률":280,
            "건폐율":20,
            "Y":37.530729,
            "X":126.902037,
            "rank":58.0,
            "area_info":"24평(80.13), 32평(105.94), 47평(158.66)",
            "last_sales":"2021-10-15,114800.0,24평(80.13)"
        },
        {
            "index":207,
            "아파트명":"대림코오롱",
            "투자타입":"일반",
            "전용면적(m2)":"80.82",
            "전용면적(평)":"24평",
            "법정동주소":"서울시 영등포구 대림동 607-1",
            "도로명주소":"서울시 영등포구 도영로 2-5",
            "세대수":50,
            "입주년차":0,
            "용적률점수":"--",
            "건폐율점수":"--",
            "세대당주차수":30,
            "난방방식":30,
            "공급면적":"--",
            "전용률":"--",
            "욕실수":50,
            "현관타입":100,
            "주거총점":40.0,
            "지역구공급총점":100.0,
            "역세권":80,
            "30분내 이동가능 거점":80,
            "1시간내 이동가능 거점":100,
            "교통총점":84.0,
            "백화점":100,
            "아울렛몰":100,
            "대형마트":100,
            "은행":20,
            "병원":30,
            "종합병원":100,
            "공원":80,
            "혐오시설":0,
            "인프라총점":82.4,
            "초등학군":82.31,
            "중학군":35.74,
            "학군총점":45.054,
            "인구수":42.36,
            "인구증감":9.01,
            "인구총점":32.355,
            "일자리":52.7,
            "소득수준":88.01,
            "일자리총점":63.293,
            "가치 총점":68.8781,
            "매매실거래년":20210911.0,
            "매매실거래가":92900.0,
            "전세실거래년":20211224.0,
            "전세실거래가":40950.0,
            "전세가율":44.08,
            "장기전세가율평균":64.5,
            "전세가율거품지수":20.42,
            "검색코드":888,
            "세대수":481.0,
            "준공년월":"1998-10-16",
            "준공년차":25.0,
            "가까운역이름":"신도림",
            "가까운역거리":415.22,
            "역세권여부":"역세권",
            "30분이내주요거점역":4,
            "1시간이내주요거점역":14,
            "3km이내백화점수":4,
            "5km이내아울렛몰수":2,
            "1km이내대형먀트수":2,
            "500m이내은행수":2,
            "500m이내병원수":6,
            "5km이내대형병원수":14,
            "500m이내공원수":1,
            "3km이내혐오시설수":0,
            "초등학교학업성취도":82.31,
            "중학교학업성취도":59.3,
            "용적률":352,
            "건폐율":21,
            "Y":37.506716,
            "X":126.895263,
            "rank":59.0,
            "area_info":"24평(80.82), 32평(108.44), 50평(166.07)",
            "last_sales":"2021-09-11,92900.0,24평(80.82)"
        },
        {
            "index":349,
            "아파트명":"진주맨션",
            "투자타입":"재건축",
            "전용면적(m2)":"103.92",
            "전용면적(평)":"31평",
            "법정동주소":"서울시 영등포구 문래동5가 22",
            "도로명주소":"서울시 영등포구 선유로9길 31",
            "세대수":0,
            "입주년차":"--",
            "용적률점수":80,
            "건폐율점수":80,
            "세대당주차수":"--",
            "난방방식":"--",
            "공급면적":90,
            "전용률":80,
            "욕실수":"--",
            "현관타입":"--",
            "주거총점":56.5,
            "지역구공급총점":100.0,
            "역세권":80,
            "30분내 이동가능 거점":40,
            "1시간내 이동가능 거점":70,
            "교통총점":66.0,
            "백화점":100,
            "아울렛몰":100,
            "대형마트":100,
            "은행":20,
            "병원":60,
            "종합병원":100,
            "공원":100,
            "혐오시설":0,
            "인프라총점":86.0,
            "초등학군":90.47,
            "중학군":49.52,
            "학군총점":57.71,
            "인구수":42.36,
            "인구증감":9.01,
            "인구총점":32.355,
            "일자리":52.7,
            "소득수준":88.01,
            "일자리총점":63.293,
            "가치 총점":68.8565,
            "매매실거래년":20201030.0,
            "매매실거래가":78000.0,
            "전세실거래년":20200731.0,
            "전세실거래가":32000.0,
            "전세가율":41.03,
            "장기전세가율평균":64.5,
            "전세가율거품지수":23.47,
            "검색코드":709,
            "세대수":160.0,
            "준공년월":"1984-08-21",
            "준공년차":39.0,
            "가까운역이름":"도림천",
            "가까운역거리":409.47,
            "역세권여부":"역세권",
            "30분이내주요거점역":2,
            "1시간이내주요거점역":7,
            "3km이내백화점수":4,
            "5km이내아울렛몰수":2,
            "1km이내대형먀트수":2,
            "500m이내은행수":2,
            "500m이내병원수":16,
            "5km이내대형병원수":13,
            "500m이내공원수":3,
            "3km이내혐오시설수":0,
            "초등학교학업성취도":90.47,
            "중학교학업성취도":81.6,
            "용적률":165,
            "건폐율":20,
            "Y":37.517638,
            "X":126.884693,
            "rank":60.0,
            "area_info":"31평(103.92), 43평(142.68)",
            "last_sales":"2020-10-30,78000.0,31평(103.92)"
        },
        {
            "index":5,
            "아파트명":"래미안당산1차",
            "투자타입":"일반",
            "전용면적(m2)":"80.55",
            "전용면적(평)":"24평",
            "법정동주소":"서울시 영등포구 당산동 374",
            "도로명주소":"서울시 영등포구 당산로54길 11",
            "세대수":30,
            "입주년차":0,
            "용적률점수":"--",
            "건폐율점수":"--",
            "세대당주차수":0,
            "난방방식":30,
            "공급면적":"--",
            "전용률":"--",
            "욕실수":50,
            "현관타입":100,
            "주거총점":28.5,
            "지역구공급총점":100.0,
            "역세권":80,
            "30분내 이동가능 거점":100,
            "1시간내 이동가능 거점":100,
            "교통총점":90.0,
            "백화점":100,
            "아울렛몰":0,
            "대형마트":100,
            "은행":0,
            "병원":80,
            "종합병원":100,
            "공원":100,
            "혐오시설":0,
            "인프라총점":76.0,
            "초등학군":88.88,
            "중학군":50.3,
            "학군총점":58.016,
            "인구수":42.36,
            "인구증감":9.01,
            "인구총점":32.355,
            "일자리":52.7,
            "소득수준":88.01,
            "일자리총점":63.293,
            "가치 총점":68.7024,
            "매매실거래년":20211028.0,
            "매매실거래가":137000.0,
            "전세실거래년":20220103.0,
            "전세실거래가":42000.0,
            "전세가율":37.5,
            "장기전세가율평균":64.5,
            "전세가율거품지수":27.0,
            "검색코드":676,
            "세대수":348.0,
            "준공년월":"1995-05-30",
            "준공년차":28.0,
            "가까운역이름":"당산",
            "가까운역거리":315.95,
            "역세권여부":"역세권",
            "30분이내주요거점역":7,
            "1시간이내주요거점역":14,
            "3km이내백화점수":4,
            "5km이내아울렛몰수":0,
            "1km이내대형먀트수":2,
            "500m이내은행수":1,
            "500m이내병원수":38,
            "5km이내대형병원수":11,
            "500m이내공원수":2,
            "3km이내혐오시설수":0,
            "초등학교학업성취도":88.88,
            "중학교학업성취도":83.1,
            "용적률":364,
            "건폐율":23,
            "Y":37.534405,
            "X":126.905864,
            "rank":61.0,
            "area_info":"24평(80.55), 33평(109.79), 42평(141.69)",
            "last_sales":"2021-10-28,137000.0,33평(109.79)"
        },
        {
            "index":83,
            "아파트명":"당산반도유보라팰리스",
            "투자타입":"일반",
            "전용면적(m2)":"108.16",
            "전용면적(평)":"32평",
            "법정동주소":"서울시 영등포구 당산동4가 96",
            "도로명주소":"서울시 영등포구 국회대로 597",
            "세대수":0,
            "입주년차":60,
            "용적률점수":"--",
            "건폐율점수":"--",
            "세대당주차수":80,
            "난방방식":30,
            "공급면적":"--",
            "전용률":"--",
            "욕실수":100,
            "현관타입":100,
            "주거총점":47.0,
            "지역구공급총점":100.0,
            "역세권":50,
            "30분내 이동가능 거점":100,
            "1시간내 이동가능 거점":100,
            "교통총점":75.0,
            "백화점":100,
            "아울렛몰":0,
            "대형마트":80,
            "은행":70,
            "병원":80,
            "종합병원":100,
            "공원":100,
            "혐오시설":0,
            "인프라총점":80.0,
            "초등학군":83.72,
            "중학군":53.46,
            "학군총점":59.512,
            "인구수":42.36,
            "인구증감":9.01,
            "인구총점":32.355,
            "일자리":52.7,
            "소득수준":88.01,
            "일자리총점":63.293,
            "가치 총점":68.5768,
            "매매실거래년":20200814.0,
            "매매실거래가":218000.0,
            "전세실거래년":20201127.0,
            "전세실거래가":85000.0,
            "전세가율":68.83,
            "장기전세가율평균":64.5,
            "전세가율거품지수":-4.33,
            "검색코드":100508,
            "세대수":299.0,
            "준공년월":"2010-02-19",
            "준공년차":13.0,
            "가까운역이름":"영등포구청",
            "가까운역거리":528.18,
            "역세권여부":"준역세권",
            "30분이내주요거점역":6,
            "1시간이내주요거점역":12,
            "3km이내백화점수":5,
            "5km이내아울렛몰수":0,
            "1km이내대형먀트수":1,
            "500m이내은행수":4,
            "500m이내병원수":40,
            "5km이내대형병원수":12,
            "500m이내공원수":4,
            "3km이내혐오시설수":0,
            "초등학교학업성취도":83.72,
            "중학교학업성취도":88.1,
            "용적률":246,
            "건폐율":17,
            "Y":37.527181,
            "X":126.901252,
            "rank":62.0,
            "area_info":"32평(108.16), 33평(109.52), 33평(109.95), 47평(156.69), 47평(158.32), 47평(158.67), 47평(158.43), 48평(160.44), 56평(187.74), 66평(220.7), 71평(235.9), 72평(238.72), 76평(251.46)",
            "last_sales":"2020-08-14,218000.0,72평(238.72)"
        },
        {
            "index":96,
            "아파트명":"당산삼성2차",
            "투자타입":"일반",
            "전용면적(m2)":"89.05",
            "전용면적(평)":"26평",
            "법정동주소":"서울시 영등포구 당산동4가 94-1",
            "도로명주소":"서울시 영등포구 당산로36길 12",
            "세대수":30,
            "입주년차":0,
            "용적률점수":"--",
            "건폐율점수":"--",
            "세대당주차수":0,
            "난방방식":30,
            "공급면적":"--",
            "전용률":"--",
            "욕실수":50,
            "현관타입":10,
            "주거총점":19.5,
            "지역구공급총점":100.0,
            "역세권":80,
            "30분내 이동가능 거점":100,
            "1시간내 이동가능 거점":100,
            "교통총점":90.0,
            "백화점":100,
            "아울렛몰":0,
            "대형마트":80,
            "은행":70,
            "병원":80,
            "종합병원":100,
            "공원":100,
            "혐오시설":0,
            "인프라총점":80.0,
            "초등학군":88.88,
            "중학군":53.46,
            "학군총점":60.544,
            "인구수":42.36,
            "인구증감":9.01,
            "인구총점":32.355,
            "일자리":52.7,
            "소득수준":88.01,
            "일자리총점":63.293,
            "가치 총점":68.4816,
            "매매실거래년":20211006.0,
            "매매실거래가":106500.0,
            "전세실거래년":20211211.0,
            "전세실거래가":43000.0,
            "전세가율":40.38,
            "장기전세가율평균":64.5,
            "전세가율거품지수":24.12,
            "검색코드":677,
            "세대수":392.0,
            "준공년월":"1997-09-24",
            "준공년차":26.0,
            "가까운역이름":"영등포구청",
            "가까운역거리":414.28,
            "역세권여부":"역세권",
            "30분이내주요거점역":7,
            "1시간이내주요거점역":13,
            "3km이내백화점수":5,
            "5km이내아울렛몰수":0,
            "1km이내대형먀트수":1,
            "500m이내은행수":4,
            "500m이내병원수":37,
            "5km이내대형병원수":12,
            "500m이내공원수":5,
            "3km이내혐오시설수":0,
            "초등학교학업성취도":88.88,
            "중학교학업성취도":88.1,
            "용적률":393,
            "건폐율":25,
            "Y":37.528145,
            "X":126.898409,
            "rank":63.0,
            "area_info":"26평(89.05), 33평(109.94)",
            "last_sales":"2021-10-06,106500.0,26평(89.05)"
        },
        {
            "index":264,
            "아파트명":"유탑유블레스(도시형)",
            "투자타입":"일반",
            "전용면적(m2)":"21.05",
            "전용면적(평)":"6평",
            "법정동주소":"서울시 영등포구 대림동 1101-1",
            "도로명주소":"서울시 영등포구 도림천로19길 12",
            "세대수":0,
            "입주년차":60,
            "용적률점수":"--",
            "건폐율점수":"--",
            "세대당주차수":0,
            "난방방식":30,
            "공급면적":"--",
            "전용률":"--",
            "욕실수":50,
            "현관타입":10,
            "주거총점":21.0,
            "지역구공급총점":100.0,
            "역세권":80,
            "30분내 이동가능 거점":100,
            "1시간내 이동가능 거점":90,
            "교통총점":88.0,
            "백화점":100,
            "아울렛몰":100,
            "대형마트":100,
            "은행":100,
            "병원":30,
            "종합병원":100,
            "공원":0,
            "혐오시설":0,
            "인프라총점":88.0,
            "초등학군":79.45,
            "중학군":38.22,
            "학군총점":46.466,
            "인구수":42.36,
            "인구증감":9.01,
            "인구총점":32.355,
            "일자리":52.7,
            "소득수준":88.01,
            "일자리총점":63.293,
            "가치 총점":68.3699,
            "매매실거래년":20211222.0,
            "매매실거래가":10500.0,
            "전세실거래년":20201016.0,
            "전세실거래가":11970.0,
            "전세가율":104.09,
            "장기전세가율평균":64.5,
            "전세가율거품지수":-39.59,
            "검색코드":103503,
            "세대수":148.0,
            "준공년월":"2012-06-26",
            "준공년차":11.0,
            "가까운역이름":"구로디지털단지",
            "가까운역거리":203.98,
            "역세권여부":"역세권",
            "30분이내주요거점역":5,
            "1시간이내주요거점역":9,
            "3km이내백화점수":2,
            "5km이내아울렛몰수":2,
            "1km이내대형먀트수":3,
            "500m이내은행수":7,
            "500m이내병원수":5,
            "5km이내대형병원수":13,
            "500m이내공원수":0,
            "3km이내혐오시설수":0,
            "초등학교학업성취도":79.45,
            "중학교학업성취도":62.7,
            "용적률":397,
            "건폐율":54,
            "Y":37.486979,
            "X":126.900574,
            "rank":64.0,
            "area_info":"6평(21.05), 6평(21.55), 6평(22.36), 7평(23.15)",
            "last_sales":"2021-12-22,10500.0,6평(22.36)"
        },
        {
            "index":546,
            "아파트명":"양평한신",
            "투자타입":"일반",
            "전용면적(m2)":"78.18",
            "전용면적(평)":"23평",
            "법정동주소":"서울시 영등포구 양평동1가 14-1",
            "도로명주소":"서울시 영등포구 영등포로12길 7",
            "세대수":0,
            "입주년차":0,
            "용적률점수":"--",
            "건폐율점수":"--",
            "세대당주차수":30,
            "난방방식":30,
            "공급면적":"--",
            "전용률":"--",
            "욕실수":50,
            "현관타입":100,
            "주거총점":22.5,
            "지역구공급총점":100.0,
            "역세권":80,
            "30분내 이동가능 거점":60,
            "1시간내 이동가능 거점":100,
            "교통총점":78.0,
            "백화점":100,
            "아울렛몰":100,
            "대형마트":100,
            "은행":70,
            "병원":80,
            "종합병원":100,
            "공원":100,
            "혐오시설":0,
            "인프라총점":93.0,
            "초등학군":90.47,
            "중학군":49.52,
            "학군총점":57.71,
            "인구수":42.36,
            "인구증감":9.01,
            "인구총점":32.355,
            "일자리":52.7,
            "소득수준":88.01,
            "일자리총점":63.293,
            "가치 총점":68.3565,
            "매매실거래년":20211119.0,
            "매매실거래가":85500.0,
            "전세실거래년":20210717.0,
            "전세실거래가":46500.0,
            "전세가율":54.39,
            "장기전세가율평균":64.5,
            "전세가율거품지수":10.11,
            "검색코드":730,
            "세대수":165.0,
            "준공년월":"1996-12-31",
            "준공년차":27.0,
            "가까운역이름":"양평",
            "가까운역거리":485.52,
            "역세권여부":"역세권",
            "30분이내주요거점역":3,
            "1시간이내주요거점역":10,
            "3km이내백화점수":4,
            "5km이내아울렛몰수":2,
            "1km이내대형먀트수":2,
            "500m이내은행수":3,
            "500m이내병원수":37,
            "5km이내대형병원수":13,
            "500m이내공원수":2,
            "3km이내혐오시설수":0,
            "초등학교학업성취도":90.47,
            "중학교학업성취도":81.6,
            "용적률":339,
            "건폐율":28,
            "Y":37.521696,
            "X":126.888119,
            "rank":65.0,
            "area_info":"23평(78.18), 32평(106.36), 32평(107.63), 42평(140.74)",
            "last_sales":"2021-11-19,85500.0,23평(78.18)"
        },
        {
            "index":442,
            "아파트명":"삼두",
            "투자타입":"재건축",
            "전용면적(m2)":"47.88",
            "전용면적(평)":"14평",
            "법정동주소":"서울시 영등포구 신길동 2-3",
            "도로명주소":"서울시 영등포구 여의대방로61길 19",
            "세대수":0,
            "입주년차":"--",
            "용적률점수":60,
            "건폐율점수":80,
            "세대당주차수":"--",
            "난방방식":"--",
            "공급면적":50,
            "전용률":60,
            "욕실수":"--",
            "현관타입":"--",
            "주거총점":45.5,
            "지역구공급총점":100.0,
            "역세권":80,
            "30분내 이동가능 거점":80,
            "1시간내 이동가능 거점":100,
            "교통총점":84.0,
            "백화점":100,
            "아울렛몰":0,
            "대형마트":80,
            "은행":20,
            "병원":30,
            "종합병원":100,
            "공원":80,
            "혐오시설":0,
            "인프라총점":69.4,
            "초등학군":92.91,
            "중학군":51.88,
            "학군총점":60.086,
            "인구수":42.36,
            "인구증감":9.01,
            "인구총점":32.355,
            "일자리":52.7,
            "소득수준":88.01,
            "일자리총점":63.293,
            "가치 총점":68.3329,
            "매매실거래년":20210801.0,
            "매매실거래가":40000.0,
            "전세실거래년":20220110.0,
            "전세실거래가":16800.0,
            "전세가율":42.0,
            "장기전세가율평균":64.5,
            "전세가율거품지수":22.5,
            "검색코드":1215,
            "세대수":160.0,
            "준공년월":"1987-12-12",
            "준공년차":36.0,
            "가까운역이름":"대방",
            "가까운역거리":251.84,
            "역세권여부":"역세권",
            "30분이내주요거점역":4,
            "1시간이내주요거점역":13,
            "3km이내백화점수":4,
            "5km이내아울렛몰수":0,
            "1km이내대형먀트수":1,
            "500m이내은행수":2,
            "500m이내병원수":7,
            "5km이내대형병원수":12,
            "500m이내공원수":1,
            "3km이내혐오시설수":0,
            "초등학교학업성취도":92.91,
            "중학교학업성취도":84.6,
            "용적률":220,
            "건폐율":24,
            "Y":37.514314,
            "X":126.923803,
            "rank":66.0,
            "area_info":"14평(47.88), 17평(57.74), 18평(59.85), 23평(79.33)",
            "last_sales":"2021-08-01,40000.0,14평(47.88)"
        },
        {
            "index":588,
            "아파트명":"양평역월드메르디앙",
            "투자타입":"일반",
            "전용면적(m2)":"75.06",
            "전용면적(평)":"22평",
            "법정동주소":"서울시 영등포구 양평동3가 19",
            "도로명주소":"서울시 영등포구 선유서로 116",
            "세대수":0,
            "입주년차":40,
            "용적률점수":"--",
            "건폐율점수":"--",
            "세대당주차수":30,
            "난방방식":30,
            "공급면적":"--",
            "전용률":"--",
            "욕실수":100,
            "현관타입":100,
            "주거총점":35.5,
            "지역구공급총점":100.0,
            "역세권":100,
            "30분내 이동가능 거점":60,
            "1시간내 이동가능 거점":100,
            "교통총점":88.0,
            "백화점":100,
            "아울렛몰":0,
            "대형마트":80,
            "은행":20,
            "병원":60,
            "종합병원":100,
            "공원":80,
            "혐오시설":0,
            "인프라총점":72.4,
            "초등학군":86.54,
            "중학군":49.52,
            "학군총점":56.924,
            "인구수":42.36,
            "인구증감":9.01,
            "인구총점":32.355,
            "일자리":52.7,
            "소득수준":88.01,
            "일자리총점":63.293,
            "가치 총점":68.1586,
            "매매실거래년":20200926.0,
            "매매실거래가":89000.0,
            "전세실거래년":null,
            "전세실거래가":null,
            "전세가율":null,
            "장기전세가율평균":64.5,
            "전세가율거품지수":null,
            "검색코드":17525,
            "세대수":116.0,
            "준공년월":"2005-11-30",
            "준공년차":18.0,
            "가까운역이름":"양평",
            "가까운역거리":99.84,
            "역세권여부":"초역세권",
            "30분이내주요거점역":3,
            "1시간이내주요거점역":11,
            "3km이내백화점수":4,
            "5km이내아울렛몰수":0,
            "1km이내대형먀트수":1,
            "500m이내은행수":2,
            "500m이내병원수":12,
            "5km이내대형병원수":14,
            "500m이내공원수":1,
            "3km이내혐오시설수":0,
            "초등학교학업성취도":86.54,
            "중학교학업성취도":81.6,
            "용적률":248,
            "건폐율":26,
            "Y":37.526072,
            "X":126.886776,
            "rank":67.0,
            "area_info":"22평(75.06), 23평(79.0), 24평(81.26), 24평(81.27), 32평(106.07)",
            "last_sales":"2020-09-26,89000.0,32평(106.07)"
        },
        {
            "index":377,
            "아파트명":"유원문래",
            "투자타입":"재건축",
            "전용면적(m2)":"101.15",
            "전용면적(평)":"30평",
            "법정동주소":"서울시 영등포구 문래동6가 11-1",
            "도로명주소":"서울시 영등포구 문래북로 22",
            "세대수":0,
            "입주년차":"--",
            "용적률점수":20,
            "건폐율점수":80,
            "세대당주차수":"--",
            "난방방식":"--",
            "공급면적":90,
            "전용률":80,
            "욕실수":"--",
            "현관타입":"--",
            "주거총점":32.5,
            "지역구공급총점":100.0,
            "역세권":50,
            "30분내 이동가능 거점":100,
            "1시간내 이동가능 거점":80,
            "교통총점":71.0,
            "백화점":100,
            "아울렛몰":100,
            "대형마트":100,
            "은행":70,
            "병원":80,
            "종합병원":100,
            "공원":100,
            "혐오시설":0,
            "인프라총점":93.0,
            "초등학군":90.47,
            "중학군":49.52,
            "학군총점":57.71,
            "인구수":42.36,
            "인구증감":9.01,
            "인구총점":32.355,
            "일자리":52.7,
            "소득수준":88.01,
            "일자리총점":63.293,
            "가치 총점":67.9065,
            "매매실거래년":20210715.0,
            "매매실거래가":95000.0,
            "전세실거래년":20210910.0,
            "전세실거래가":36500.0,
            "전세가율":38.42,
            "장기전세가율평균":64.5,
            "전세가율거품지수":26.08,
            "검색코드":714,
            "세대수":134.0,
            "준공년월":"1991-06-05",
            "준공년차":32.0,
            "가까운역이름":"양평",
            "가까운역거리":554.76,
            "역세권여부":"준역세권",
            "30분이내주요거점역":5,
            "1시간이내주요거점역":8,
            "3km이내백화점수":4,
            "5km이내아울렛몰수":2,
            "1km이내대형먀트수":2,
            "500m이내은행수":4,
            "500m이내병원수":38,
            "5km이내대형병원수":13,
            "500m이내공원수":3,
            "3km이내혐오시설수":0,
            "초등학교학업성취도":90.47,
            "중학교학업성취도":81.6,
            "용적률":258,
            "건폐율":20,
            "Y":37.52096,
            "X":126.88793,
            "rank":68.0,
            "area_info":"30평(101.15)",
            "last_sales":"2021-07-15,95000.0,30평(101.15)"
        },
        {
            "index":632,
            "아파트명":"공작",
            "투자타입":"재건축",
            "전용면적(m2)":"52.36",
            "전용면적(평)":"15평",
            "법정동주소":"서울시 영등포구 여의도동 21-2",
            "도로명주소":"서울시 영등포구 여의대로6길 17",
            "세대수":30,
            "입주년차":"--",
            "용적률점수":0,
            "건폐율점수":0,
            "세대당주차수":"--",
            "난방방식":"--",
            "공급면적":50,
            "전용률":100,
            "욕실수":"--",
            "현관타입":"--",
            "주거총점":16.5,
            "지역구공급총점":100.0,
            "역세권":80,
            "30분내 이동가능 거점":80,
            "1시간내 이동가능 거점":100,
            "교통총점":84.0,
            "백화점":100,
            "아울렛몰":80,
            "대형마트":80,
            "은행":100,
            "병원":60,
            "종합병원":100,
            "공원":0,
            "혐오시설":0,
            "인프라총점":86.0,
            "초등학군":90.28,
            "중학군":55.24,
            "학군총점":62.248,
            "인구수":42.36,
            "인구증감":9.01,
            "인구총점":32.355,
            "일자리":52.7,
            "소득수준":88.01,
            "일자리총점":63.293,
            "가치 총점":67.8372,
            "매매실거래년":20191003.0,
            "매매실거래가":181000.0,
            "전세실거래년":20200512.0,
            "전세실거래가":20000.0,
            "전세가율":null,
            "장기전세가율평균":64.5,
            "전세가율거품지수":null,
            "검색코드":739,
            "세대수":373.0,
            "준공년월":"1976-08-06",
            "준공년차":47.0,
            "가까운역이름":"여의나루",
            "가까운역거리":265.84,
            "역세권여부":"역세권",
            "30분이내주요거점역":4,
            "1시간이내주요거점역":11,
            "3km이내백화점수":3,
            "5km이내아울렛몰수":1,
            "1km이내대형먀트수":1,
            "500m이내은행수":15,
            "500m이내병원수":17,
            "5km이내대형병원수":12,
            "500m이내공원수":0,
            "3km이내혐오시설수":0,
            "초등학교학업성취도":90.28,
            "중학교학업성취도":89.8,
            "용적률":0,
            "건폐율":0,
            "Y":37.526606,
            "X":126.929951,
            "rank":69.0,
            "area_info":"15평(52.36), 15평(52.53), 30평(99.81), 30평(100.89), 30평(101.65), 30평(101.85), 32평(106.68), 41평(136.53), 41평(136.66), 41평(136.49), 41평(136.6), 41평(137.92)",
            "last_sales":"2019-10-03,181000.0,41평(137.92)"
        },
        {
            "index":198,
            "아파트명":"대림문영칸타빌레",
            "투자타입":"일반",
            "전용면적(m2)":"102.05",
            "전용면적(평)":"30평",
            "법정동주소":"서울시 영등포구 대림동 1061",
            "도로명주소":"서울시 영등포구 도림천로 391",
            "세대수":0,
            "입주년차":20,
            "용적률점수":"--",
            "건폐율점수":"--",
            "세대당주차수":60,
            "난방방식":30,
            "공급면적":"--",
            "전용률":"--",
            "욕실수":100,
            "현관타입":100,
            "주거총점":36.0,
            "지역구공급총점":100.0,
            "역세권":80,
            "30분내 이동가능 거점":60,
            "1시간내 이동가능 거점":100,
            "교통총점":78.0,
            "백화점":100,
            "아울렛몰":100,
            "대형마트":80,
            "은행":70,
            "병원":60,
            "종합병원":100,
            "공원":80,
            "혐오시설":0,
            "인프라총점":87.4,
            "초등학군":82.27,
            "중학군":38.22,
            "학군총점":47.03,
            "인구수":42.36,
            "인구증감":9.01,
            "인구총점":32.355,
            "일자리":52.7,
            "소득수준":88.01,
            "일자리총점":63.293,
            "가치 총점":67.7745,
            "매매실거래년":20210628.0,
            "매매실거래가":58000.0,
            "전세실거래년":20210627.0,
            "전세실거래가":55000.0,
            "전세가율":89.0,
            "장기전세가율평균":64.5,
            "전세가율거품지수":-24.5,
            "검색코드":3448,
            "세대수":133.0,
            "준공년월":"2001-08-18",
            "준공년차":22.0,
            "가까운역이름":"대림",
            "가까운역거리":371.33,
            "역세권여부":"역세권",
            "30분이내주요거점역":3,
            "1시간이내주요거점역":15,
            "3km이내백화점수":2,
            "5km이내아울렛몰수":2,
            "1km이내대형먀트수":1,
            "500m이내은행수":4,
            "500m이내병원수":20,
            "5km이내대형병원수":13,
            "500m이내공원수":1,
            "3km이내혐오시설수":0,
            "초등학교학업성취도":82.27,
            "중학교학업성취도":62.7,
            "용적률":0,
            "건폐율":0,
            "Y":37.489784,
            "X":126.897062,
            "rank":70.0,
            "area_info":"30평(102.05), 34평(115.7), 43평(144.47)",
            "last_sales":"2021-06-28,58000.0,43평(144.47)"
        },
        {
            "index":98,
            "아파트명":"당산역롯데캐슬프레스티지",
            "투자타입":"일반",
            "전용면적(m2)":"110.08",
            "전용면적(평)":"33평",
            "법정동주소":"서울시 영등포구 당산동4가 99",
            "도로명주소":"서울시 영등포구 영신로 237",
            "세대수":0,
            "입주년차":80,
            "용적률점수":"--",
            "건폐율점수":"--",
            "세대당주차수":60,
            "난방방식":30,
            "공급면적":"--",
            "전용률":"--",
            "욕실수":100,
            "현관타입":100,
            "주거총점":48.0,
            "지역구공급총점":100.0,
            "역세권":50,
            "30분내 이동가능 거점":80,
            "1시간내 이동가능 거점":100,
            "교통총점":69.0,
            "백화점":100,
            "아울렛몰":0,
            "대형마트":100,
            "은행":70,
            "병원":80,
            "종합병원":100,
            "공원":100,
            "혐오시설":0,
            "인프라총점":83.0,
            "초등학군":88.88,
            "중학군":50.3,
            "학군총점":58.016,
            "인구수":42.36,
            "인구증감":9.01,
            "인구총점":32.355,
            "일자리":52.7,
            "소득수준":88.01,
            "일자리총점":63.293,
            "가치 총점":67.3524,
            "매매실거래년":20210811.0,
            "매매실거래가":157000.0,
            "전세실거래년":20211229.0,
            "전세실거래가":69300.0,
            "전세가율":44.14,
            "장기전세가율평균":64.5,
            "전세가율거품지수":20.36,
            "검색코드":109612,
            "세대수":198.0,
            "준공년월":"2017-07-28",
            "준공년차":6.0,
            "가까운역이름":"당산",
            "가까운역거리":602.46,
            "역세권여부":"준역세권",
            "30분이내주요거점역":4,
            "1시간이내주요거점역":14,
            "3km이내백화점수":5,
            "5km이내아울렛몰수":0,
            "1km이내대형먀트수":2,
            "500m이내은행수":3,
            "500m이내병원수":53,
            "5km이내대형병원수":13,
            "500m이내공원수":4,
            "3km이내혐오시설수":0,
            "초등학교학업성취도":88.88,
            "중학교학업성취도":83.1,
            "용적률":218,
            "건폐율":16,
            "Y":37.529007,
            "X":126.90316,
            "rank":71.0,
            "area_info":"33평(110.08), 33평(111.96), 33평(111.96), 33평(111.96)",
            "last_sales":"2021-08-11,157000.0,33평(110.08)"
        },
        {
            "index":373,
            "아파트명":"베어스타운",
            "투자타입":"일반",
            "전용면적(m2)":"77.98",
            "전용면적(평)":"23평",
            "법정동주소":"서울시 영등포구 문래동6가 38-1",
            "도로명주소":"서울시 영등포구 선유서로 40",
            "세대수":30,
            "입주년차":0,
            "용적률점수":"--",
            "건폐율점수":"--",
            "세대당주차수":30,
            "난방방식":30,
            "공급면적":"--",
            "전용률":"--",
            "욕실수":50,
            "현관타입":100,
            "주거총점":33.0,
            "지역구공급총점":100.0,
            "역세권":50,
            "30분내 이동가능 거점":100,
            "1시간내 이동가능 거점":70,
            "교통총점":69.0,
            "백화점":100,
            "아울렛몰":100,
            "대형마트":100,
            "은행":70,
            "병원":80,
            "종합병원":100,
            "공원":100,
            "혐오시설":0,
            "인프라총점":93.0,
            "초등학군":90.47,
            "중학군":49.52,
            "학군총점":57.71,
            "인구수":42.36,
            "인구증감":9.01,
            "인구총점":32.355,
            "일자리":52.7,
            "소득수준":88.01,
            "일자리총점":63.293,
            "가치 총점":67.3065,
            "매매실거래년":20210814.0,
            "매매실거래가":102000.0,
            "전세실거래년":20211010.0,
            "전세실거래가":47000.0,
            "전세가율":54.02,
            "장기전세가율평균":64.5,
            "전세가율거품지수":10.48,
            "검색코드":707,
            "세대수":304.0,
            "준공년월":"1997-05-24",
            "준공년차":26.0,
            "가까운역이름":"도림천",
            "가까운역거리":583.43,
            "역세권여부":"준역세권",
            "30분이내주요거점역":5,
            "1시간이내주요거점역":7,
            "3km이내백화점수":4,
            "5km이내아울렛몰수":2,
            "1km이내대형먀트수":2,
            "500m이내은행수":3,
            "500m이내병원수":30,
            "5km이내대형병원수":13,
            "500m이내공원수":2,
            "3km이내혐오시설수":0,
            "초등학교학업성취도":90.47,
            "중학교학업성취도":81.6,
            "용적률":332,
            "건폐율":28,
            "Y":37.519147,
            "X":126.885261,
            "rank":72.0,
            "area_info":"23평(77.98), 32평(105.9), 32평(105.82), 31평(105.78)",
            "last_sales":"2021-08-14,102000.0,32평(105.82)"
        },
        {
            "index":259,
            "아파트명":"우성1차",
            "투자타입":"재건축",
            "전용면적(m2)":"70.95",
            "전용면적(평)":"21평",
            "법정동주소":"서울시 영등포구 대림동 696",
            "도로명주소":"서울시 영등포구 도림로 187",
            "세대수":50,
            "입주년차":"--",
            "용적률점수":80,
            "건폐율점수":80,
            "세대당주차수":"--",
            "난방방식":"--",
            "공급면적":50,
            "전용률":60,
            "욕실수":"--",
            "현관타입":"--",
            "주거총점":68.5,
            "지역구공급총점":100.0,
            "역세권":50,
            "30분내 이동가능 거점":60,
            "1시간내 이동가능 거점":100,
            "교통총점":63.0,
            "백화점":100,
            "아울렛몰":100,
            "대형마트":0,
            "은행":100,
            "병원":80,
            "종합병원":100,
            "공원":100,
            "혐오시설":0,
            "인프라총점":81.0,
            "초등학군":76.44,
            "중학군":41.32,
            "학군총점":48.344,
            "인구수":42.36,
            "인구증감":9.01,
            "인구총점":32.355,
            "일자리":52.7,
            "소득수준":88.01,
            "일자리총점":63.293,
            "가치 총점":67.3016,
            "매매실거래년":20211021.0,
            "매매실거래가":90000.0,
            "전세실거래년":20220113.0,
            "전세실거래가":30000.0,
            "전세가율":42.86,
            "장기전세가율평균":64.5,
            "전세가율거품지수":21.64,
            "검색코드":694,
            "세대수":435.0,
            "준공년월":"1985-11-27",
            "준공년차":38.0,
            "가까운역이름":"대림",
            "가까운역거리":593.38,
            "역세권여부":"준역세권",
            "30분이내주요거점역":3,
            "1시간이내주요거점역":14,
            "3km이내백화점수":4,
            "5km이내아울렛몰수":2,
            "1km이내대형먀트수":0,
            "500m이내은행수":5,
            "500m이내병원수":35,
            "5km이내대형병원수":15,
            "500m이내공원수":6,
            "3km이내혐오시설수":0,
            "초등학교학업성취도":76.44,
            "중학교학업성취도":67.8,
            "용적률":159,
            "건폐율":24,
            "Y":37.496461,
            "X":126.900888,
            "rank":73.0,
            "area_info":"21평(70.95), 25평(83.45), 30평(101.08), 30평(101.08)",
            "last_sales":"2021-10-21,90000.0,30평(101.08)"
        },
        {
            "index":185,
            "아파트명":"e편한세상영등포아델포레",
            "투자타입":"일반",
            "전용면적(m2)":"82.72",
            "전용면적(평)":"25평",
            "법정동주소":"서울시 영등포구 대림동 1127",
            "도로명주소":"서울시 영등포구 신길로 29",
            "세대수":80,
            "입주년차":100,
            "용적률점수":"--",
            "건폐율점수":"--",
            "세대당주차수":30,
            "난방방식":30,
            "공급면적":"--",
            "전용률":"--",
            "욕실수":100,
            "현관타입":100,
            "주거총점":75.5,
            "지역구공급총점":100.0,
            "역세권":50,
            "30분내 이동가능 거점":60,
            "1시간내 이동가능 거점":100,
            "교통총점":63.0,
            "백화점":100,
            "아울렛몰":100,
            "대형마트":0,
            "은행":70,
            "병원":60,
            "종합병원":100,
            "공원":100,
            "혐오시설":0,
            "인프라총점":76.0,
            "초등학군":100.0,
            "중학군":36.18,
            "학군총점":48.944,
            "인구수":42.36,
            "인구증감":9.01,
            "인구총점":32.355,
            "일자리":52.7,
            "소득수준":88.01,
            "일자리총점":63.293,
            "가치 총점":67.2916,
            "매매실거래년":20210519.0,
            "매매실거래가":139000.0,
            "전세실거래년":20210727.0,
            "전세실거래가":70000.0,
            "전세가율":64.22,
            "장기전세가율평균":64.5,
            "전세가율거품지수":0.28,
            "검색코드":120522,
            "세대수":859.0,
            "준공년월":"2020-07-01",
            "준공년차":3.0,
            "가까운역이름":"신풍",
            "가까운역거리":672.84,
            "역세권여부":"준역세권",
            "30분이내주요거점역":3,
            "1시간이내주요거점역":13,
            "3km이내백화점수":4,
            "5km이내아울렛몰수":2,
            "1km이내대형먀트수":0,
            "500m이내은행수":3,
            "500m이내병원수":26,
            "5km이내대형병원수":15,
            "500m이내공원수":3,
            "3km이내혐오시설수":0,
            "초등학교학업성취도":100.0,
            "중학교학업성취도":60.3,
            "용적률":248,
            "건폐율":26,
            "Y":37.494512,
            "X":126.906944,
            "rank":74.0,
            "area_info":"25평(82.72), 25평(85.51), 26평(87.16), 33평(109.72), 33평(110.72), 33평(110.37)",
            "last_sales":"2021-05-19,139000.0,33평(109.72)"
        },
        {
            "index":537,
            "아파트명":"힐스테이트클래시안",
            "투자타입":"일반",
            "전용면적(m2)":"62.45",
            "전용면적(평)":"18평",
            "법정동주소":"서울시 영등포구 신길동 4969",
            "도로명주소":"서울시 영등포구 신길로28길 9",
            "세대수":90,
            "입주년차":100,
            "용적률점수":"--",
            "건폐율점수":"--",
            "세대당주차수":30,
            "난방방식":30,
            "공급면적":"--",
            "전용률":"--",
            "욕실수":50,
            "현관타입":100,
            "주거총점":74.0,
            "지역구공급총점":100.0,
            "역세권":80,
            "30분내 이동가능 거점":40,
            "1시간내 이동가능 거점":80,
            "교통총점":68.0,
            "백화점":100,
            "아울렛몰":100,
            "대형마트":0,
            "은행":0,
            "병원":80,
            "종합병원":100,
            "공원":100,
            "혐오시설":0,
            "인프라총점":71.0,
            "초등학군":100.0,
            "중학군":35.74,
            "학군총점":48.592,
            "인구수":42.36,
            "인구증감":9.01,
            "인구총점":32.355,
            "일자리":52.7,
            "소득수준":88.01,
            "일자리총점":63.293,
            "가치 총점":67.1888,
            "매매실거래년":20210129.0,
            "매매실거래가":162000.0,
            "전세실거래년":20211127.0,
            "전세실거래가":50000.0,
            "전세가율":null,
            "장기전세가율평균":64.5,
            "전세가율거품지수":null,
            "검색코드":119377,
            "세대수":1476.0,
            "준공년월":"2020-10-01",
            "준공년차":3.0,
            "가까운역이름":"신풍",
            "가까운역거리":476.47,
            "역세권여부":"역세권",
            "30분이내주요거점역":2,
            "1시간이내주요거점역":8,
            "3km이내백화점수":5,
            "5km이내아울렛몰수":2,
            "1km이내대형먀트수":0,
            "500m이내은행수":1,
            "500m이내병원수":31,
            "5km이내대형병원수":14,
            "500m이내공원수":6,
            "3km이내혐오시설수":0,
            "초등학교학업성취도":100.0,
            "중학교학업성취도":59.3,
            "용적률":255,
            "건폐율":17,
            "Y":37.503998,
            "X":126.912117,
            "rank":75.0,
            "area_info":"18평(62.45), 21평(72.28), 25평(85.08), 25평(85.19), 33평(111.77), 33평(112.0), 43평(143.9)",
            "last_sales":"2021-01-29,162000.0,33평(112.0)"
        },
        {
            "index":661,
            "아파트명":"대우트럼프월드Ⅰ",
            "투자타입":"일반",
            "전용면적(m2)":"45.17",
            "전용면적(평)":"13평",
            "법정동주소":"서울시 영등포구 여의도동 55-1",
            "도로명주소":"서울시 영등포구 여의동로 143",
            "세대수":0,
            "입주년차":20,
            "용적률점수":"--",
            "건폐율점수":"--",
            "세대당주차수":80,
            "난방방식":100,
            "공급면적":"--",
            "전용률":"--",
            "욕실수":50,
            "현관타입":100,
            "주거총점":41.0,
            "지역구공급총점":100.0,
            "역세권":80,
            "30분내 이동가능 거점":40,
            "1시간내 이동가능 거점":100,
            "교통총점":72.0,
            "백화점":100,
            "아울렛몰":0,
            "대형마트":80,
            "은행":100,
            "병원":80,
            "종합병원":100,
            "공원":80,
            "혐오시설":0,
            "인프라총점":82.4,
            "초등학군":90.28,
            "중학군":51.88,
            "학군총점":59.56,
            "인구수":42.36,
            "인구증감":9.01,
            "인구총점":32.355,
            "일자리":52.7,
            "소득수준":88.01,
            "일자리총점":63.293,
            "가치 총점":67.054,
            "매매실거래년":20210914.0,
            "매매실거래가":386000.0,
            "전세실거래년":20210622.0,
            "전세실거래가":31000.0,
            "전세가율":77.5,
            "장기전세가율평균":64.5,
            "전세가율거품지수":-13.0,
            "검색코드":3453,
            "세대수":282.0,
            "준공년월":"2002-10-30",
            "준공년차":21.0,
            "가까운역이름":"샛강",
            "가까운역거리":342.56,
            "역세권여부":"역세권",
            "30분이내주요거점역":2,
            "1시간이내주요거점역":12,
            "3km이내백화점수":3,
            "5km이내아울렛몰수":0,
            "1km이내대형먀트수":1,
            "500m이내은행수":10,
            "500m이내병원수":46,
            "5km이내대형병원수":11,
            "500m이내공원수":1,
            "3km이내혐오시설수":0,
            "초등학교학업성취도":90.28,
            "중학교학업성취도":84.6,
            "용적률":1084,
            "건폐율":59,
            "Y":37.517473,
            "X":126.932298,
            "rank":76.0,
            "area_info":"13평(45.17), 15평(52.03), 34평(114.62), 36평(120.98), 38평(125.78), 38평(128.68), 55평(183.7), 65평(214.98), 70평(231.55), 89평(296.02)",
            "last_sales":"2021-09-14,386000.0,89평(296.02)"
        },
        {
            "index":504,
            "아파트명":"신길파크자이",
            "투자타입":"일반",
            "전용면적(m2)":"80.6",
            "전용면적(평)":"24평",
            "법정동주소":"서울시 영등포구 신길동 3163",
            "도로명주소":"서울시 영등포구 신길로28길 25",
            "세대수":50,
            "입주년차":100,
            "용적률점수":"--",
            "건폐율점수":"--",
            "세대당주차수":60,
            "난방방식":30,
            "공급면적":"--",
            "전용률":"--",
            "욕실수":100,
            "현관타입":100,
            "주거총점":69.5,
            "지역구공급총점":100.0,
            "역세권":80,
            "30분내 이동가능 거점":40,
            "1시간내 이동가능 거점":90,
            "교통총점":70.0,
            "백화점":100,
            "아울렛몰":100,
            "대형마트":0,
            "은행":0,
            "병원":80,
            "종합병원":100,
            "공원":100,
            "혐오시설":0,
            "인프라총점":71.0,
            "초등학군":100.0,
            "중학군":35.74,
            "학군총점":48.592,
            "인구수":42.36,
            "인구증감":9.01,
            "인구총점":32.355,
            "일자리":52.7,
            "소득수준":88.01,
            "일자리총점":63.293,
            "가치 총점":66.9888,
            "매매실거래년":20201201.0,
            "매매실거래가":125800.0,
            "전세실거래년":20210616.0,
            "전세실거래가":71000.0,
            "전세가율":59.17,
            "장기전세가율평균":64.5,
            "전세가율거품지수":5.33,
            "검색코드":121788,
            "세대수":641.0,
            "준공년월":"2020-12-01",
            "준공년차":3.0,
            "가까운역이름":"신풍",
            "가까운역거리":458.48,
            "역세권여부":"역세권",
            "30분이내주요거점역":2,
            "1시간이내주요거점역":9,
            "3km이내백화점수":5,
            "5km이내아울렛몰수":2,
            "1km이내대형먀트수":0,
            "500m이내은행수":0,
            "500m이내병원수":36,
            "5km이내대형병원수":14,
            "500m이내공원수":5,
            "3km이내혐오시설수":0,
            "초등학교학업성취도":100.0,
            "중학교학업성취도":59.3,
            "용적률":254,
            "건폐율":18,
            "Y":37.503191,
            "X":126.913341,
            "rank":77.0,
            "area_info":"24평(80.6), 24평(80.67), 24평(81.26), 24평(82.16), 34평(112.69), 34평(113.75), 34평(113.91), 34평(113.59), 45평(149.24)",
            "last_sales":"2020-12-01,125800.0,24평(82.16)"
        },
        {
            "index":578,
            "아파트명":"삼천리",
            "투자타입":"일반",
            "전용면적(m2)":"83.42",
            "전용면적(평)":"25평",
            "법정동주소":"서울시 영등포구 양평동3가 24",
            "도로명주소":"서울시 영등포구 선유서로 115",
            "세대수":0,
            "입주년차":20,
            "용적률점수":"--",
            "건폐율점수":"--",
            "세대당주차수":30,
            "난방방식":30,
            "공급면적":"--",
            "전용률":"--",
            "욕실수":50,
            "현관타입":100,
            "주거총점":26.5,
            "지역구공급총점":100.0,
            "역세권":100,
            "30분내 이동가능 거점":60,
            "1시간내 이동가능 거점":100,
            "교통총점":88.0,
            "백화점":100,
            "아울렛몰":0,
            "대형마트":100,
            "은행":0,
            "병원":60,
            "종합병원":100,
            "공원":80,
            "혐오시설":0,
            "인프라총점":73.4,
            "초등학군":86.54,
            "중학군":49.52,
            "학군총점":56.924,
            "인구수":42.36,
            "인구증감":9.01,
            "인구총점":32.355,
            "일자리":52.7,
            "소득수준":88.01,
            "일자리총점":63.293,
            "가치 총점":66.6586,
            "매매실거래년":20210828.0,
            "매매실거래가":123000.0,
            "전세실거래년":20210519.0,
            "전세실거래가":45000.0,
            "전세가율":69.23,
            "장기전세가율평균":64.5,
            "전세가율거품지수":-4.73,
            "검색코드":3798,
            "세대수":179.0,
            "준공년월":"2000-06-29",
            "준공년차":23.0,
            "가까운역이름":"양평",
            "가까운역거리":43.83,
            "역세권여부":"초역세권",
            "30분이내주요거점역":3,
            "1시간이내주요거점역":11,
            "3km이내백화점수":4,
            "5km이내아울렛몰수":0,
            "1km이내대형먀트수":2,
            "500m이내은행수":1,
            "500m이내병원수":10,
            "5km이내대형병원수":14,
            "500m이내공원수":1,
            "3km이내혐오시설수":0,
            "초등학교학업성취도":86.54,
            "중학교학업성취도":81.6,
            "용적률":333,
            "건폐율":31,
            "Y":37.526016,
            "X":126.8856,
            "rank":78.0,
            "area_info":"25평(83.42), 25평(83.8), 32평(108.77), 45평(151.48)",
            "last_sales":"2021-08-28,123000.0,45평(151.48)"
        },
        {
            "index":0,
            "아파트명":"강변래미안",
            "투자타입":"일반",
            "전용면적(m2)":"81.54",
            "전용면적(평)":"24평",
            "법정동주소":"서울시 영등포구 당산동 376",
            "도로명주소":"서울시 영등포구 버드나루로 130",
            "세대수":80,
            "입주년차":20,
            "용적률점수":"--",
            "건폐율점수":"--",
            "세대당주차수":30,
            "난방방식":30,
            "공급면적":"--",
            "전용률":"--",
            "욕실수":50,
            "현관타입":100,
            "주거총점":54.5,
            "지역구공급총점":100.0,
            "역세권":50,
            "30분내 이동가능 거점":80,
            "1시간내 이동가능 거점":100,
            "교통총점":69.0,
            "백화점":100,
            "아울렛몰":0,
            "대형마트":100,
            "은행":20,
            "병원":60,
            "종합병원":100,
            "공원":100,
            "혐오시설":0,
            "인프라총점":76.0,
            "초등학군":89.06,
            "중학군":50.3,
            "학군총점":58.052,
            "인구수":42.36,
            "인구증감":9.01,
            "인구총점":32.355,
            "일자리":52.7,
            "소득수준":88.01,
            "일자리총점":63.293,
            "가치 총점":66.5578,
            "매매실거래년":20211210.0,
            "매매실거래가":129500.0,
            "전세실거래년":20211226.0,
            "전세실거래가":68000.0,
            "전세가율":57.63,
            "장기전세가율평균":64.5,
            "전세가율거품지수":6.87,
            "검색코드":2982,
            "세대수":801.0,
            "준공년월":"2002-06-26",
            "준공년차":21.0,
            "가까운역이름":"당산",
            "가까운역거리":726.5,
            "역세권여부":"준역세권",
            "30분이내주요거점역":4,
            "1시간이내주요거점역":12,
            "3km이내백화점수":5,
            "5km이내아울렛몰수":0,
            "1km이내대형먀트수":2,
            "500m이내은행수":2,
            "500m이내병원수":13,
            "5km이내대형병원수":13,
            "500m이내공원수":3,
            "3km이내혐오시설수":0,
            "초등학교학업성취도":89.06,
            "중학교학업성취도":83.1,
            "용적률":336,
            "건폐율":27,
            "Y":37.529785,
            "X":126.908138,
            "rank":79.0,
            "area_info":"24평(81.54), 33평(109.12), 32평(109.08), 33평(111.44), 44평(145.56)",
            "last_sales":"2021-12-10,129500.0,33평(111.44)"
        },
        {
            "index":565,
            "아파트명":"양평벽산블루밍",
            "투자타입":"재건축",
            "전용면적(m2)":"68.59",
            "전용면적(평)":"20평",
            "법정동주소":"서울시 영등포구 양평동2가 23",
            "도로명주소":"서울시 영등포구 선유서로21길 19",
            "세대수":50,
            "입주년차":"--",
            "용적률점수":60,
            "건폐율점수":100,
            "세대당주차수":"--",
            "난방방식":"--",
            "공급면적":50,
            "전용률":60,
            "욕실수":"--",
            "현관타입":"--",
            "주거총점":64.5,
            "지역구공급총점":100.0,
            "역세권":80,
            "30분내 이동가능 거점":20,
            "1시간내 이동가능 거점":50,
            "교통총점":56.0,
            "백화점":100,
            "아울렛몰":80,
            "대형마트":100,
            "은행":20,
            "병원":60,
            "종합병원":100,
            "공원":100,
            "혐오시설":0,
            "인프라총점":84.0,
            "초등학군":90.47,
            "중학군":49.52,
            "학군총점":57.71,
            "인구수":42.36,
            "인구증감":9.01,
            "인구총점":32.355,
            "일자리":52.7,
            "소득수준":88.01,
            "일자리총점":63.293,
            "가치 총점":66.3565,
            "매매실거래년":20211124.0,
            "매매실거래가":82500.0,
            "전세실거래년":20211119.0,
            "전세실거래가":26250.0,
            "전세가율":50.0,
            "장기전세가율평균":64.5,
            "전세가율거품지수":14.5,
            "검색코드":727,
            "세대수":417.0,
            "준공년월":"1990-11-10",
            "준공년차":33.0,
            "가까운역이름":"양평",
            "가까운역거리":426.61,
            "역세권여부":"역세권",
            "30분이내주요거점역":1,
            "1시간이내주요거점역":5,
            "3km이내백화점수":4,
            "5km이내아울렛몰수":1,
            "1km이내대형먀트수":2,
            "500m이내은행수":2,
            "500m이내병원수":10,
            "5km이내대형병원수":14,
            "500m이내공원수":2,
            "3km이내혐오시설수":0,
            "초등학교학업성취도":90.47,
            "중학교학업성취도":81.6,
            "용적률":246,
            "건폐율":19,
            "Y":37.522611,
            "X":126.882822,
            "rank":80.0,
            "area_info":"20평(68.59), 24평(79.75), 26평(86.4), 28평(95.09)",
            "last_sales":"2021-11-24,82500.0,24평(79.75)"
        },
        {
            "index":263,
            "아파트명":"우성2차",
            "투자타입":"재건축",
            "전용면적(m2)":"95.53",
            "전용면적(평)":"28평",
            "법정동주소":"서울시 영등포구 대림동 695",
            "도로명주소":"서울시 영등포구 도림로47길 1",
            "세대수":0,
            "입주년차":"--",
            "용적률점수":20,
            "건폐율점수":100,
            "세대당주차수":"--",
            "난방방식":"--",
            "공급면적":70,
            "전용률":80,
            "욕실수":"--",
            "현관타입":"--",
            "주거총점":35.5,
            "지역구공급총점":100.0,
            "역세권":80,
            "30분내 이동가능 거점":60,
            "1시간내 이동가능 거점":100,
            "교통총점":78.0,
            "백화점":100,
            "아울렛몰":100,
            "대형마트":0,
            "은행":100,
            "병원":80,
            "종합병원":100,
            "공원":100,
            "혐오시설":0,
            "인프라총점":81.0,
            "초등학군":87.66,
            "중학군":41.32,
            "학군총점":50.588,
            "인구수":42.36,
            "인구증감":9.01,
            "인구총점":32.355,
            "일자리":52.7,
            "소득수준":88.01,
            "일자리총점":63.293,
            "가치 총점":66.2882,
            "매매실거래년":20211203.0,
            "매매실거래가":68500.0,
            "전세실거래년":20220114.0,
            "전세실거래가":53000.0,
            "전세가율":77.37,
            "장기전세가율평균":64.5,
            "전세가율거품지수":-12.87,
            "검색코드":25683,
            "세대수":120.0,
            "준공년월":"1992-11-28",
            "준공년차":31.0,
            "가까운역이름":"대림",
            "가까운역거리":482.99,
            "역세권여부":"역세권",
            "30분이내주요거점역":3,
            "1시간이내주요거점역":14,
            "3km이내백화점수":4,
            "5km이내아울렛몰수":2,
            "1km이내대형먀트수":0,
            "500m이내은행수":5,
            "500m이내병원수":41,
            "5km이내대형병원수":15,
            "500m이내공원수":5,
            "3km이내혐오시설수":0,
            "초등학교학업성취도":87.66,
            "중학교학업성취도":67.8,
            "용적률":265,
            "건폐율":16,
            "Y":37.495928,
            "X":126.89981,
            "rank":81.0,
            "area_info":"28평(95.53)",
            "last_sales":"2021-12-03,68500.0,28평(95.53)"
        },
        {
            "index":315,
            "아파트명":"문래우정",
            "투자타입":"일반",
            "전용면적(m2)":"78.88",
            "전용면적(평)":"23평",
            "법정동주소":"서울시 영등포구 문래동3가 78",
            "도로명주소":"서울시 영등포구 도림로 456",
            "세대수":0,
            "입주년차":0,
            "용적률점수":"--",
            "건폐율점수":"--",
            "세대당주차수":30,
            "난방방식":30,
            "공급면적":"--",
            "전용률":"--",
            "욕실수":50,
            "현관타입":10,
            "주거총점":13.5,
            "지역구공급총점":100.0,
            "역세권":80,
            "30분내 이동가능 거점":60,
            "1시간내 이동가능 거점":90,
            "교통총점":76.0,
            "백화점":100,
            "아울렛몰":100,
            "대형마트":100,
            "은행":100,
            "병원":60,
            "종합병원":100,
            "공원":100,
            "혐오시설":0,
            "인프라총점":94.0,
            "초등학군":86.21,
            "중학군":51.68,
            "학군총점":58.586,
            "인구수":42.36,
            "인구증감":9.01,
            "인구총점":32.355,
            "일자리":52.7,
            "소득수준":88.01,
            "일자리총점":63.293,
            "가치 총점":66.2879,
            "매매실거래년":20210319.0,
            "매매실거래가":98000.0,
            "전세실거래년":20210714.0,
            "전세실거래가":36750.0,
            "전세가율":49.53,
            "장기전세가율평균":64.5,
            "전세가율거품지수":14.97,
            "검색코드":1212,
            "세대수":103.0,
            "준공년월":"1998-12-08",
            "준공년차":25.0,
            "가까운역이름":"문래",
            "가까운역거리":312.1,
            "역세권여부":"역세권",
            "30분이내주요거점역":3,
            "1시간이내주요거점역":9,
            "3km이내백화점수":4,
            "5km이내아울렛몰수":2,
            "1km이내대형먀트수":4,
            "500m이내은행수":5,
            "500m이내병원수":20,
            "5km이내대형병원수":13,
            "500m이내공원수":3,
            "3km이내혐오시설수":0,
            "초등학교학업성취도":86.21,
            "중학교학업성취도":83.8,
            "용적률":372,
            "건폐율":37,
            "Y":37.515595,
            "X":126.892802,
            "rank":82.0,
            "area_info":"23평(78.88), 33평(111.98), 33평(112.17), 45평(151.67)",
            "last_sales":"2021-03-19,98000.0,33평(112.17)"
        },
        {
            "index":821,
            "아파트명":"여의도더리브스타일(도시형)",
            "투자타입":"일반",
            "전용면적(m2)":"26.35",
            "전용면적(평)":"7평",
            "법정동주소":"서울시 영등포구 영등포동1가 94-2",
            "도로명주소":"서울시 영등포구 경인로 900",
            "세대수":0,
            "입주년차":100,
            "용적률점수":"--",
            "건폐율점수":"--",
            "세대당주차수":60,
            "난방방식":30,
            "공급면적":"--",
            "전용률":"--",
            "욕실수":50,
            "현관타입":10,
            "주거총점":38.0,
            "지역구공급총점":100.0,
            "역세권":80,
            "30분내 이동가능 거점":60,
            "1시간내 이동가능 거점":100,
            "교통총점":78.0,
            "백화점":100,
            "아울렛몰":100,
            "대형마트":80,
            "은행":0,
            "병원":30,
            "종합병원":100,
            "공원":100,
            "혐오시설":0,
            "인프라총점":78.0,
            "초등학군":85.26,
            "중학군":44.96,
            "학군총점":53.02,
            "인구수":42.36,
            "인구증감":9.01,
            "인구총점":32.355,
            "일자리":52.7,
            "소득수준":88.01,
            "일자리총점":63.293,
            "가치 총점":66.253,
            "매매실거래년":20211108.0,
            "매매실거래가":18000.0,
            "전세실거래년":20201127.0,
            "전세실거래가":20000.0,
            "전세가율":111.11,
            "장기전세가율평균":64.5,
            "전세가율거품지수":-46.61,
            "검색코드":121067,
            "세대수":185.0,
            "준공년월":"2020-07-23",
            "준공년차":3.0,
            "가까운역이름":"신길",
            "가까운역거리":403.69,
            "역세권여부":"역세권",
            "30분이내주요거점역":3,
            "1시간이내주요거점역":12,
            "3km이내백화점수":4,
            "5km이내아울렛몰수":2,
            "1km이내대형먀트수":1,
            "500m이내은행수":1,
            "500m이내병원수":7,
            "5km이내대형병원수":14,
            "500m이내공원수":2,
            "3km이내혐오시설수":0,
            "초등학교학업성취도":85.26,
            "중학교학업성취도":74.2,
            "용적률":445,
            "건폐율":58,
            "Y":37.517684,
            "X":126.912647,
            "rank":83.0,
            "area_info":"7평(26.35), 15평(52.7)",
            "last_sales":"2021-11-08,18000.0,7평(26.35)"
        },
        {
            "index":846,
            "아파트명":"경남아너스빌",
            "투자타입":"일반",
            "전용면적(m2)":"83.99",
            "전용면적(평)":"25평",
            "법정동주소":"서울시 영등포구 영등포동7가 46-1",
            "도로명주소":"서울시 영등포구 양산로 177",
            "세대수":50,
            "입주년차":0,
            "용적률점수":"--",
            "건폐율점수":"--",
            "세대당주차수":30,
            "난방방식":30,
            "공급면적":"--",
            "전용률":"--",
            "욕실수":50,
            "현관타입":10,
            "주거총점":31.0,
            "지역구공급총점":100.0,
            "역세권":80,
            "30분내 이동가능 거점":60,
            "1시간내 이동가능 거점":70,
            "교통총점":72.0,
            "백화점":100,
            "아울렛몰":0,
            "대형마트":100,
            "은행":100,
            "병원":80,
            "종합병원":100,
            "공원":100,
            "혐오시설":0,
            "인프라총점":86.0,
            "초등학군":83.72,
            "중학군":51.68,
            "학군총점":58.088,
            "인구수":42.36,
            "인구증감":9.01,
            "인구총점":32.355,
            "일자리":52.7,
            "소득수준":88.01,
            "일자리총점":63.293,
            "가치 총점":65.9132,
            "매매실거래년":20211110.0,
            "매매실거래가":134000.0,
            "전세실거래년":20220106.0,
            "전세실거래가":36750.0,
            "전세가율":37.95,
            "장기전세가율평균":64.5,
            "전세가율거품지수":26.55,
            "검색코드":11116,
            "세대수":600.0,
            "준공년월":"1998-11-30",
            "준공년차":25.0,
            "가까운역이름":"영등포시장",
            "가까운역거리":276.63,
            "역세권여부":"역세권",
            "30분이내주요거점역":3,
            "1시간이내주요거점역":7,
            "3km이내백화점수":5,
            "5km이내아울렛몰수":0,
            "1km이내대형먀트수":2,
            "500m이내은행수":8,
            "500m이내병원수":50,
            "5km이내대형병원수":12,
            "500m이내공원수":2,
            "3km이내혐오시설수":0,
            "초등학교학업성취도":83.72,
            "중학교학업성취도":83.8,
            "용적률":360,
            "건폐율":24,
            "Y":37.524284,
            "X":126.902753,
            "rank":84.0,
            "area_info":"25평(83.99), 32평(107.91), 32평(108.05), 42평(141.02)",
            "last_sales":"2021-11-10,134000.0,42평(141.02)"
        },
        {
            "index":74,
            "아파트명":"삼익",
            "투자타입":"재건축",
            "전용면적(m2)":"80.6",
            "전용면적(평)":"24평",
            "법정동주소":"서울시 영등포구 당산동3가 394",
            "도로명주소":"서울시 영등포구 국회대로 552",
            "세대수":0,
            "입주년차":"--",
            "용적률점수":0,
            "건폐율점수":0,
            "세대당주차수":"--",
            "난방방식":"--",
            "공급면적":50,
            "전용률":60,
            "욕실수":"--",
            "현관타입":"--",
            "주거총점":5.5,
            "지역구공급총점":100.0,
            "역세권":80,
            "30분내 이동가능 거점":100,
            "1시간내 이동가능 거점":90,
            "교통총점":88.0,
            "백화점":100,
            "아울렛몰":0,
            "대형마트":80,
            "은행":100,
            "병원":80,
            "종합병원":100,
            "공원":100,
            "혐오시설":0,
            "인프라총점":83.0,
            "초등학군":86.54,
            "중학군":53.46,
            "학군총점":60.076,
            "인구수":42.36,
            "인구증감":9.01,
            "인구총점":32.355,
            "일자리":52.7,
            "소득수준":88.01,
            "일자리총점":63.293,
            "가치 총점":65.8114,
            "매매실거래년":20210327.0,
            "매매실거래가":91000.0,
            "전세실거래년":20211023.0,
            "전세실거래가":29400.0,
            "전세가율":34.59,
            "장기전세가율평균":64.5,
            "전세가율거품지수":29.91,
            "검색코드":678,
            "세대수":176.0,
            "준공년월":"1979-05-04",
            "준공년차":44.0,
            "가까운역이름":"영등포구청",
            "가까운역거리":340.19,
            "역세권여부":"역세권",
            "30분이내주요거점역":5,
            "1시간이내주요거점역":9,
            "3km이내백화점수":5,
            "5km이내아울렛몰수":0,
            "1km이내대형먀트수":1,
            "500m이내은행수":5,
            "500m이내병원수":30,
            "5km이내대형병원수":12,
            "500m이내공원수":2,
            "3km이내혐오시설수":0,
            "초등학교학업성취도":86.54,
            "중학교학업성취도":88.1,
            "용적률":0,
            "건폐율":0,
            "Y":37.52799,
            "X":126.895334,
            "rank":85.0,
            "area_info":"24평(80.6), 24평(80.6), 33평(109.69), 33평(110.61)",
            "last_sales":"2021-03-27,91000.0,33평(110.61)"
        },
        {
            "index":305,
            "아파트명":"문래건영",
            "투자타입":"일반",
            "전용면적(m2)":"76.93",
            "전용면적(평)":"23평",
            "법정동주소":"서울시 영등포구 문래동3가 93-1",
            "도로명주소":"서울시 영등포구 문래로 94-7",
            "세대수":0,
            "입주년차":0,
            "용적률점수":"--",
            "건폐율점수":"--",
            "세대당주차수":30,
            "난방방식":30,
            "공급면적":"--",
            "전용률":"--",
            "욕실수":50,
            "현관타입":10,
            "주거총점":13.5,
            "지역구공급총점":100.0,
            "역세권":80,
            "30분내 이동가능 거점":60,
            "1시간내 이동가능 거점":90,
            "교통총점":76.0,
            "백화점":100,
            "아울렛몰":100,
            "대형마트":100,
            "은행":70,
            "병원":80,
            "종합병원":100,
            "공원":80,
            "혐오시설":0,
            "인프라총점":92.4,
            "초등학군":86.21,
            "중학군":51.68,
            "학군총점":58.586,
            "인구수":42.36,
            "인구증감":9.01,
            "인구총점":32.355,
            "일자리":52.7,
            "소득수준":88.01,
            "일자리총점":63.293,
            "가치 총점":65.8079,
            "매매실거래년":20210823.0,
            "매매실거래가":106500.0,
            "전세실거래년":20211216.0,
            "전세실거래가":57000.0,
            "전세가율":75.0,
            "장기전세가율평균":64.5,
            "전세가율거품지수":-10.5,
            "검색코드":889,
            "세대수":141.0,
            "준공년월":"1998-04-06",
            "준공년차":25.0,
            "가까운역이름":"문래",
            "가까운역거리":219.14,
            "역세권여부":"역세권",
            "30분이내주요거점역":3,
            "1시간이내주요거점역":9,
            "3km이내백화점수":4,
            "5km이내아울렛몰수":2,
            "1km이내대형먀트수":3,
            "500m이내은행수":4,
            "500m이내병원수":45,
            "5km이내대형병원수":12,
            "500m이내공원수":1,
            "3km이내혐오시설수":0,
            "초등학교학업성취도":86.21,
            "중학교학업성취도":83.8,
            "용적률":292,
            "건폐율":27,
            "Y":37.51838,
            "X":126.89234,
            "rank":86.0,
            "area_info":"23평(76.93), 30평(100.65), 33평(109.8), 39평(130.83)",
            "last_sales":"2021-08-23,106500.0,30평(100.65)"
        },
        {
            "index":417,
            "아파트명":"래미안프레비뉴",
            "투자타입":"일반",
            "전용면적(m2)":"82.92",
            "전용면적(평)":"25평",
            "법정동주소":"서울시 영등포구 신길동 4945",
            "도로명주소":"서울시 영등포구 가마산로 442",
            "세대수":90,
            "입주년차":80,
            "용적률점수":"--",
            "건폐율점수":"--",
            "세대당주차수":30,
            "난방방식":30,
            "공급면적":"--",
            "전용률":"--",
            "욕실수":100,
            "현관타입":100,
            "주거총점":75.0,
            "지역구공급총점":100.0,
            "역세권":50,
            "30분내 이동가능 거점":40,
            "1시간내 이동가능 거점":100,
            "교통총점":57.0,
            "백화점":100,
            "아울렛몰":100,
            "대형마트":0,
            "은행":70,
            "병원":80,
            "종합병원":100,
            "공원":100,
            "혐오시설":0,
            "인프라총점":78.0,
            "초등학군":100.0,
            "중학군":35.74,
            "학군총점":48.592,
            "인구수":42.36,
            "인구증감":9.01,
            "인구총점":32.355,
            "일자리":52.7,
            "소득수준":88.01,
            "일자리총점":63.293,
            "가치 총점":65.6388,
            "매매실거래년":20211214.0,
            "매매실거래가":124000.0,
            "전세실거래년":20220114.0,
            "전세실거래가":73000.0,
            "전세가율":58.87,
            "장기전세가율평균":64.5,
            "전세가율거품지수":5.63,
            "검색코드":107424,
            "세대수":949.0,
            "준공년월":"2015-12-29",
            "준공년차":8.0,
            "가까운역이름":"신풍",
            "가까운역거리":565.58,
            "역세권여부":"준역세권",
            "30분이내주요거점역":2,
            "1시간이내주요거점역":10,
            "3km이내백화점수":5,
            "5km이내아울렛몰수":2,
            "1km이내대형먀트수":0,
            "500m이내은행수":3,
            "500m이내병원수":34,
            "5km이내대형병원수":15,
            "500m이내공원수":4,
            "3km이내혐오시설수":0,
            "초등학교학업성취도":100.0,
            "중학교학업성취도":59.3,
            "용적률":232,
            "건폐율":18,
            "Y":37.504875,
            "X":126.907791,
            "rank":87.0,
            "area_info":"25평(82.92), 33평(110.78), 33평(111.5), 33평(112.0), 45평(150.63)",
            "last_sales":"2021-12-14,124000.0,25평(82.92)"
        },
        {
            "index":336,
            "아파트명":"문래삼환",
            "투자타입":"일반",
            "전용면적(m2)":"74.43",
            "전용면적(평)":"22평",
            "법정동주소":"서울시 영등포구 문래동4가 43",
            "도로명주소":"서울시 영등포구 도림로143길 32",
            "세대수":30,
            "입주년차":20,
            "용적률점수":"--",
            "건폐율점수":"--",
            "세대당주차수":30,
            "난방방식":30,
            "공급면적":"--",
            "전용률":"--",
            "욕실수":50,
            "현관타입":100,
            "주거총점":37.0,
            "지역구공급총점":100.0,
            "역세권":50,
            "30분내 이동가능 거점":80,
            "1시간내 이동가능 거점":100,
            "교통총점":69.0,
            "백화점":100,
            "아울렛몰":100,
            "대형마트":100,
            "은행":20,
            "병원":30,
            "종합병원":100,
            "공원":100,
            "혐오시설":0,
            "인프라총점":83.0,
            "초등학군":86.21,
            "중학군":54.7,
            "학군총점":61.002,
            "인구수":42.36,
            "인구증감":9.01,
            "인구총점":32.355,
            "일자리":52.7,
            "소득수준":88.01,
            "일자리총점":63.293,
            "가치 총점":65.6003,
            "매매실거래년":20211102.0,
            "매매실거래가":59000.0,
            "전세실거래년":20211223.0,
            "전세실거래가":37800.0,
            "전세가율":45.93,
            "장기전세가율평균":64.5,
            "전세가율거품지수":18.57,
            "검색코드":3449,
            "세대수":382.0,
            "준공년월":"2001-09-10",
            "준공년차":22.0,
            "가까운역이름":"신도림",
            "가까운역거리":566.06,
            "역세권여부":"준역세권",
            "30분이내주요거점역":4,
            "1시간이내주요거점역":13,
            "3km이내백화점수":4,
            "5km이내아울렛몰수":2,
            "1km이내대형먀트수":3,
            "500m이내은행수":2,
            "500m이내병원수":6,
            "5km이내대형병원수":14,
            "500m이내공원수":3,
            "3km이내혐오시설수":0,
            "초등학교학업성취도":86.21,
            "중학교학업성취도":89.9,
            "용적률":356,
            "건폐율":24,
            "Y":37.513694,
            "X":126.8899,
            "rank":88.0,
            "area_info":"22평(74.43), 30평(99.56)",
            "last_sales":"2021-11-02,59000.0,30평(99.56)"
        },
        {
            "index":799,
            "아파트명":"두산위브",
            "투자타입":"일반",
            "전용면적(m2)":"76.66",
            "전용면적(평)":"23평",
            "법정동주소":"서울시 영등포구 영등포동 649",
            "도로명주소":"서울시 영등포구 신길로60나길 9",
            "세대수":0,
            "입주년차":40,
            "용적률점수":"--",
            "건폐율점수":"--",
            "세대당주차수":30,
            "난방방식":30,
            "공급면적":"--",
            "전용률":"--",
            "욕실수":50,
            "현관타입":100,
            "주거총점":30.5,
            "지역구공급총점":100.0,
            "역세권":80,
            "30분내 이동가능 거점":60,
            "1시간내 이동가능 거점":100,
            "교통총점":78.0,
            "백화점":100,
            "아울렛몰":100,
            "대형마트":80,
            "은행":0,
            "병원":60,
            "종합병원":100,
            "공원":80,
            "혐오시설":0,
            "인프라총점":80.4,
            "초등학군":85.26,
            "중학군":44.96,
            "학군총점":53.02,
            "인구수":42.36,
            "인구증감":9.01,
            "인구총점":32.355,
            "일자리":52.7,
            "소득수준":88.01,
            "일자리총점":63.293,
            "가치 총점":65.473,
            "매매실거래년":20210530.0,
            "매매실거래가":79000.0,
            "전세실거래년":20220105.0,
            "전세실거래가":35000.0,
            "전세가율":44.3,
            "장기전세가율평균":64.5,
            "전세가율거품지수":20.2,
            "검색코드":10617,
            "세대수":271.0,
            "준공년월":"2004-10-15",
            "준공년차":19.0,
            "가까운역이름":"신길",
            "가까운역거리":465.31,
            "역세권여부":"역세권",
            "30분이내주요거점역":3,
            "1시간이내주요거점역":11,
            "3km이내백화점수":5,
            "5km이내아울렛몰수":2,
            "1km이내대형먀트수":1,
            "500m이내은행수":1,
            "500m이내병원수":21,
            "5km이내대형병원수":14,
            "500m이내공원수":1,
            "3km이내혐오시설수":0,
            "초등학교학업성취도":85.26,
            "중학교학업성취도":74.2,
            "용적률":229,
            "건폐율":18,
            "Y":37.514683,
            "X":126.912882,
            "rank":89.0,
            "area_info":"23평(76.66), 30평(101.66), 32평(107.11), 35평(116.64), 40평(132.62)",
            "last_sales":"2021-05-30,79000.0,23평(76.66)"
        },
        {
            "index":439,
            "아파트명":"보라매두산위브",
            "투자타입":"일반",
            "전용면적(m2)":"106.75",
            "전용면적(평)":"32평",
            "법정동주소":"서울시 영등포구 신길동 4497",
            "도로명주소":"서울시 영등포구 여의대방로9길 5",
            "세대수":0,
            "입주년차":40,
            "용적률점수":"--",
            "건폐율점수":"--",
            "세대당주차수":60,
            "난방방식":30,
            "공급면적":"--",
            "전용률":"--",
            "욕실수":100,
            "현관타입":100,
            "주거총점":40.0,
            "지역구공급총점":100.0,
            "역세권":80,
            "30분내 이동가능 거점":60,
            "1시간내 이동가능 거점":100,
            "교통총점":78.0,
            "백화점":100,
            "아울렛몰":100,
            "대형마트":0,
            "은행":0,
            "병원":80,
            "종합병원":100,
            "공원":80,
            "혐오시설":0,
            "인프라총점":70.4,
            "초등학군":81.98,
            "중학군":54.04,
            "학군총점":59.628,
            "인구수":42.36,
            "인구증감":9.01,
            "인구총점":32.355,
            "일자리":52.7,
            "소득수준":88.01,
            "일자리총점":63.293,
            "가치 총점":65.3642,
            "매매실거래년":20210813.0,
            "매매실거래가":107000.0,
            "전세실거래년":20210928.0,
            "전세실거래가":67000.0,
            "전세가율":62.62,
            "장기전세가율평균":64.5,
            "전세가율거품지수":1.88,
            "검색코드":17802,
            "세대수":164.0,
            "준공년월":"2005-11-10",
            "준공년차":18.0,
            "가까운역이름":"신풍",
            "가까운역거리":486.1,
            "역세권여부":"역세권",
            "30분이내주요거점역":3,
            "1시간이내주요거점역":12,
            "3km이내백화점수":4,
            "5km이내아울렛몰수":2,
            "1km이내대형먀트수":0,
            "500m이내은행수":0,
            "500m이내병원수":32,
            "5km이내대형병원수":15,
            "500m이내공원수":1,
            "3km이내혐오시설수":0,
            "초등학교학업성취도":81.98,
            "중학교학업성취도":88.6,
            "용적률":244,
            "건폐율":20,
            "Y":37.497314,
            "X":126.914197,
            "rank":90.0,
            "area_info":"32평(106.75), 32평(107.22), 52평(172.57)",
            "last_sales":"2021-08-13,107000.0,32평(106.75)"
        },
        {
            "index":335,
            "아파트명":"리버뷰신안인스빌",
            "투자타입":"일반",
            "전용면적(m2)":"109.14",
            "전용면적(평)":"33평",
            "법정동주소":"서울시 영등포구 문래동4가 67",
            "도로명주소":"서울시 영등포구 도림로145길 28",
            "세대수":0,
            "입주년차":40,
            "용적률점수":"--",
            "건폐율점수":"--",
            "세대당주차수":30,
            "난방방식":30,
            "공급면적":"--",
            "전용률":"--",
            "욕실수":100,
            "현관타입":100,
            "주거총점":35.5,
            "지역구공급총점":100.0,
            "역세권":50,
            "30분내 이동가능 거점":80,
            "1시간내 이동가능 거점":100,
            "교통총점":69.0,
            "백화점":100,
            "아울렛몰":100,
            "대형마트":100,
            "은행":20,
            "병원":30,
            "종합병원":100,
            "공원":100,
            "혐오시설":0,
            "인프라총점":83.0,
            "초등학군":87.55,
            "중학군":54.7,
            "학군총점":61.27,
            "인구수":42.36,
            "인구증감":9.01,
            "인구총점":32.355,
            "일자리":52.7,
            "소득수준":88.01,
            "일자리총점":63.293,
            "가치 총점":65.3405,
            "매매실거래년":20210723.0,
            "매매실거래가":108500.0,
            "전세실거래년":20210917.0,
            "전세실거래가":38850.0,
            "전세가율":35.81,
            "장기전세가율평균":64.5,
            "전세가율거품지수":28.69,
            "검색코드":26457,
            "세대수":121.0,
            "준공년월":"2008-05-06",
            "준공년차":15.0,
            "가까운역이름":"도림천",
            "가까운역거리":507.71,
            "역세권여부":"준역세권",
            "30분이내주요거점역":4,
            "1시간이내주요거점역":11,
            "3km이내백화점수":4,
            "5km이내아울렛몰수":2,
            "1km이내대형먀트수":3,
            "500m이내은행수":2,
            "500m이내병원수":6,
            "5km이내대형병원수":14,
            "500m이내공원수":3,
            "3km이내혐오시설수":0,
            "초등학교학업성취도":87.55,
            "중학교학업성취도":89.9,
            "용적률":249,
            "건폐율":17,
            "Y":37.51424,
            "X":126.888524,
            "rank":91.0,
            "area_info":"33평(109.14)",
            "last_sales":"2021-07-23,108500.0,33평(109.14)"
        },
        {
            "index":767,
            "아파트명":"장미",
            "투자타입":"재건축",
            "전용면적(m2)":"142.02",
            "전용면적(평)":"42평",
            "법정동주소":"서울시 영등포구 여의도동 40",
            "도로명주소":"서울시 영등포구 국제금융로7길 32",
            "세대수":0,
            "입주년차":"--",
            "용적률점수":0,
            "건폐율점수":0,
            "세대당주차수":"--",
            "난방방식":"--",
            "공급면적":100,
            "전용률":100,
            "욕실수":"--",
            "현관타입":"--",
            "주거총점":10.0,
            "지역구공급총점":100.0,
            "역세권":80,
            "30분내 이동가능 거점":60,
            "1시간내 이동가능 거점":100,
            "교통총점":78.0,
            "백화점":100,
            "아울렛몰":80,
            "대형마트":80,
            "은행":100,
            "병원":60,
            "종합병원":100,
            "공원":100,
            "혐오시설":0,
            "인프라총점":89.0,
            "초등학군":90.28,
            "중학군":55.24,
            "학군총점":62.248,
            "인구수":42.36,
            "인구증감":9.01,
            "인구총점":32.355,
            "일자리":52.7,
            "소득수준":88.01,
            "일자리총점":63.293,
            "가치 총점":65.3372,
            "매매실거래년":20210414.0,
            "매매실거래가":300000.0,
            "전세실거래년":20211226.0,
            "전세실거래가":68000.0,
            "전세가율":35.79,
            "장기전세가율평균":64.5,
            "전세가율거품지수":28.71,
            "검색코드":751,
            "세대수":196.0,
            "준공년월":"1978-06-06",
            "준공년차":45.0,
            "가까운역이름":"여의나루",
            "가까운역거리":416.25,
            "역세권여부":"역세권",
            "30분이내주요거점역":3,
            "1시간이내주요거점역":10,
            "3km이내백화점수":3,
            "5km이내아울렛몰수":1,
            "1km이내대형먀트수":1,
            "500m이내은행수":8,
            "500m이내병원수":26,
            "5km이내대형병원수":12,
            "500m이내공원수":2,
            "3km이내혐오시설수":0,
            "초등학교학업성취도":90.28,
            "중학교학업성취도":89.8,
            "용적률":0,
            "건폐율":0,
            "Y":37.5235,
            "X":126.934204,
            "rank":92.0,
            "area_info":"42평(142.02), 42평(142.08), 42평(142.05), 51평(169.39), 51평(169.42), 63평(208.57), 63평(208.53), 63평(208.56)",
            "last_sales":"2021-04-14,300000.0,63평(208.57)"
        },
        {
            "index":871,
            "아파트명":"훼미리하우스117(도시형)",
            "투자타입":"일반",
            "전용면적(m2)":"23.14",
            "전용면적(평)":"6평",
            "법정동주소":"서울시 영등포구 영등포동7가 94-51",
            "도로명주소":"서울시 영등포구 버드나루로 85",
            "세대수":0,
            "입주년차":60,
            "용적률점수":"--",
            "건폐율점수":"--",
            "세대당주차수":0,
            "난방방식":30,
            "공급면적":"--",
            "전용률":"--",
            "욕실수":50,
            "현관타입":50,
            "주거총점":25.0,
            "지역구공급총점":100.0,
            "역세권":80,
            "30분내 이동가능 거점":60,
            "1시간내 이동가능 거점":100,
            "교통총점":78.0,
            "백화점":100,
            "아울렛몰":0,
            "대형마트":100,
            "은행":100,
            "병원":30,
            "종합병원":100,
            "공원":100,
            "혐오시설":0,
            "인프라총점":81.0,
            "초등학군":89.06,
            "중학군":50.3,
            "학군총점":58.052,
            "인구수":42.36,
            "인구증감":9.01,
            "인구총점":32.355,
            "일자리":52.7,
            "소득수준":88.01,
            "일자리총점":63.293,
            "가치 총점":65.3078,
            "매매실거래년":20211126.0,
            "매매실거래가":13000.0,
            "전세실거래년":20211018.0,
            "전세실거래가":13000.0,
            "전세가율":110.17,
            "장기전세가율평균":64.5,
            "전세가율거품지수":-45.67,
            "검색코드":104504,
            "세대수":117.0,
            "준공년월":"2012-02-27",
            "준공년차":11.0,
            "가까운역이름":"영등포시장",
            "가까운역거리":470.27,
            "역세권여부":"역세권",
            "30분이내주요거점역":3,
            "1시간이내주요거점역":10,
            "3km이내백화점수":5,
            "5km이내아울렛몰수":0,
            "1km이내대형먀트수":2,
            "500m이내은행수":5,
            "500m이내병원수":9,
            "5km이내대형병원수":13,
            "500m이내공원수":2,
            "3km이내혐오시설수":0,
            "초등학교학업성취도":89.06,
            "중학교학업성취도":83.1,
            "용적률":399,
            "건폐율":39,
            "Y":37.525781,
            "X":126.90875,
            "rank":93.0,
            "area_info":"6평(23.14), 6평(23.04)",
            "last_sales":"2021-11-26,13000.0,6평(23.04)"
        },
        {
            "index":268,
            "아파트명":"현대1차",
            "투자타입":"재건축",
            "전용면적(m2)":"81.65",
            "전용면적(평)":"24평",
            "법정동주소":"서울시 영등포구 대림동 785-1",
            "도로명주소":"서울시 영등포구 도신로4길 14",
            "세대수":50,
            "입주년차":"--",
            "용적률점수":20,
            "건폐율점수":100,
            "세대당주차수":"--",
            "난방방식":"--",
            "공급면적":70,
            "전용률":80,
            "욕실수":"--",
            "현관타입":"--",
            "주거총점":50.5,
            "지역구공급총점":100.0,
            "역세권":50,
            "30분내 이동가능 거점":60,
            "1시간내 이동가능 거점":100,
            "교통총점":63.0,
            "백화점":100,
            "아울렛몰":100,
            "대형마트":80,
            "은행":70,
            "병원":30,
            "종합병원":100,
            "공원":100,
            "혐오시설":0,
            "인프라총점":85.0,
            "초등학군":81.19,
            "중학군":41.32,
            "학군총점":49.294,
            "인구수":42.36,
            "인구증감":9.01,
            "인구총점":32.355,
            "일자리":52.7,
            "소득수준":88.01,
            "일자리총점":63.293,
            "가치 총점":65.0441,
            "매매실거래년":20211204.0,
            "매매실거래가":87500.0,
            "전세실거래년":20201210.0,
            "전세실거래가":31500.0,
            "전세가율":43.15,
            "장기전세가율평균":64.5,
            "전세가율거품지수":21.35,
            "검색코드":695,
            "세대수":476.0,
            "준공년월":"1992-04-24",
            "준공년차":31.0,
            "가까운역이름":"신도림",
            "가까운역거리":798.27,
            "역세권여부":"준역세권",
            "30분이내주요거점역":3,
            "1시간이내주요거점역":10,
            "3km이내백화점수":4,
            "5km이내아울렛몰수":2,
            "1km이내대형먀트수":1,
            "500m이내은행수":3,
            "500m이내병원수":8,
            "5km이내대형병원수":14,
            "500m이내공원수":2,
            "3km이내혐오시설수":0,
            "초등학교학업성취도":81.19,
            "중학교학업성취도":67.8,
            "용적률":259,
            "건폐율":17,
            "Y":37.502172,
            "X":126.894991,
            "rank":94.0,
            "area_info":"24평(81.65), 31평(103.83)",
            "last_sales":"2021-12-04,87500.0,31평(103.83)"
        },
        {
            "index":378,
            "아파트명":"한신",
            "투자타입":"재건축",
            "전용면적(m2)":"55.99",
            "전용면적(평)":"16평",
            "법정동주소":"서울시 영등포구 문래동6가 43",
            "도로명주소":"서울시 영등포구 선유서로 43",
            "세대수":0,
            "입주년차":"--",
            "용적률점수":80,
            "건폐율점수":100,
            "세대당주차수":"--",
            "난방방식":"--",
            "공급면적":50,
            "전용률":60,
            "욕실수":"--",
            "현관타입":"--",
            "주거총점":57.5,
            "지역구공급총점":100.0,
            "역세권":50,
            "30분내 이동가능 거점":100,
            "1시간내 이동가능 거점":70,
            "교통총점":69.0,
            "백화점":100,
            "아울렛몰":100,
            "대형마트":0,
            "은행":0,
            "병원":60,
            "종합병원":100,
            "공원":100,
            "혐오시설":0,
            "인프라총점":69.0,
            "초등학군":90.47,
            "중학군":49.52,
            "학군총점":57.71,
            "인구수":42.36,
            "인구증감":9.01,
            "인구총점":32.355,
            "일자리":52.7,
            "소득수준":88.01,
            "일자리총점":63.293,
            "가치 총점":65.0065,
            "매매실거래년":20210415.0,
            "매매실거래가":63300.0,
            "전세실거래년":20211106.0,
            "전세실거래가":30000.0,
            "전세가율":47.39,
            "장기전세가율평균":64.5,
            "전세가율거품지수":17.11,
            "검색코드":704,
            "세대수":186.0,
            "준공년월":"1985-01-11",
            "준공년차":38.0,
            "가까운역이름":"도림천",
            "가까운역거리":584.31,
            "역세권여부":"준역세권",
            "30분이내주요거점역":5,
            "1시간이내주요거점역":7,
            "3km이내백화점수":4,
            "5km이내아울렛몰수":2,
            "1km이내대형먀트수":0,
            "500m이내은행수":1,
            "500m이내병원수":18,
            "5km이내대형병원수":13,
            "500m이내공원수":2,
            "3km이내혐오시설수":0,
            "초등학교학업성취도":90.47,
            "중학교학업성취도":81.6,
            "용적률":183,
            "건폐율":18,
            "Y":37.51945,
            "X":126.884001,
            "rank":95.0,
            "area_info":"16평(55.99), 26평(87.73), 34평(114.82), 38평(126.44)",
            "last_sales":"2021-04-15,63300.0,16평(55.99)"
        },
        {
            "index":812,
            "아파트명":"순영웰라이빌",
            "투자타입":"일반",
            "전용면적(m2)":"106.97",
            "전용면적(평)":"32평",
            "법정동주소":"서울시 영등포구 영등포동 648",
            "도로명주소":"서울시 영등포구 영등포로62길 42",
            "세대수":0,
            "입주년차":20,
            "용적률점수":"--",
            "건폐율점수":"--",
            "세대당주차수":30,
            "난방방식":30,
            "공급면적":"--",
            "전용률":"--",
            "욕실수":100,
            "현관타입":100,
            "주거총점":31.5,
            "지역구공급총점":100.0,
            "역세권":80,
            "30분내 이동가능 거점":60,
            "1시간내 이동가능 거점":100,
            "교통총점":78.0,
            "백화점":100,
            "아울렛몰":100,
            "대형마트":80,
            "은행":0,
            "병원":30,
            "종합병원":100,
            "공원":100,
            "혐오시설":0,
            "인프라총점":78.0,
            "초등학군":85.26,
            "중학군":44.96,
            "학군총점":53.02,
            "인구수":42.36,
            "인구증감":9.01,
            "인구총점":32.355,
            "일자리":52.7,
            "소득수준":88.01,
            "일자리총점":63.293,
            "가치 총점":64.953,
            "매매실거래년":20211017.0,
            "매매실거래가":92000.0,
            "전세실거래년":20210830.0,
            "전세실거래가":60000.0,
            "전세가율":65.22,
            "장기전세가율평균":64.5,
            "전세가율거품지수":-0.72,
            "검색코드":100108,
            "세대수":136.0,
            "준공년월":"2002-07-18",
            "준공년차":21.0,
            "가까운역이름":"신길",
            "가까운역거리":353.99,
            "역세권여부":"역세권",
            "30분이내주요거점역":3,
            "1시간이내주요거점역":12,
            "3km이내백화점수":4,
            "5km이내아울렛몰수":2,
            "1km이내대형먀트수":1,
            "500m이내은행수":1,
            "500m이내병원수":6,
            "5km이내대형병원수":14,
            "500m이내공원수":2,
            "3km이내혐오시설수":0,
            "초등학교학업성취도":85.26,
            "중학교학업성취도":74.2,
            "용적률":297,
            "건폐율":20,
            "Y":37.516515,
            "X":126.913229,
            "rank":96.0,
            "area_info":"32평(106.97)",
            "last_sales":"2021-10-17,92000.0,32평(106.97)"
        },
        {
            "index":584,
            "아파트명":"양평역미소지움(민간임대)",
            "투자타입":"일반",
            "전용면적(m2)":"53.79",
            "전용면적(평)":"16평",
            "법정동주소":"서울시 영등포구 양평동3가 106",
            "도로명주소":"서울시 영등포구 양산로 11",
            "세대수":0,
            "입주년차":80,
            "용적률점수":"--",
            "건폐율점수":"--",
            "세대당주차수":0,
            "난방방식":30,
            "공급면적":"--",
            "전용률":"--",
            "욕실수":50,
            "현관타입":100,
            "주거총점":34.0,
            "지역구공급총점":100.0,
            "역세권":80,
            "30분내 이동가능 거점":60,
            "1시간내 이동가능 거점":100,
            "교통총점":78.0,
            "백화점":100,
            "아울렛몰":0,
            "대형마트":100,
            "은행":0,
            "병원":60,
            "종합병원":100,
            "공원":80,
            "혐오시설":0,
            "인프라총점":73.4,
            "초등학군":86.54,
            "중학군":49.52,
            "학군총점":56.924,
            "인구수":42.36,
            "인구증감":9.01,
            "인구총점":32.355,
            "일자리":52.7,
            "소득수준":88.01,
            "일자리총점":63.293,
            "가치 총점":64.6586,
            "매매실거래년":"18000101",
            "매매실거래가":null,
            "전세실거래년":20211119.0,
            "전세실거래가":32489.0,
            "전세가율":null,
            "장기전세가율평균":64.5,
            "전세가율거품지수":null,
            "검색코드":119451,
            "세대수":128.0,
            "준공년월":"2018-01-24",
            "준공년차":5.0,
            "가까운역이름":"양평",
            "가까운역거리":111.38,
            "역세권여부":"역세권",
            "30분이내주요거점역":3,
            "1시간이내주요거점역":11,
            "3km이내백화점수":4,
            "5km이내아울렛몰수":0,
            "1km이내대형먀트수":2,
            "500m이내은행수":1,
            "500m이내병원수":10,
            "5km이내대형병원수":13,
            "500m이내공원수":1,
            "3km이내혐오시설수":0,
            "초등학교학업성취도":86.54,
            "중학교학업성취도":81.6,
            "용적률":298,
            "건폐율":26,
            "Y":37.526162,
            "X":126.884694,
            "rank":97.0,
            "area_info":"16평(53.79), 25평(84.89), 25평(84.71), 25평(84.46)",
            "last_sales":"1800-01-01,nan,16평(53.79)"
        },
        {
            "index":80,
            "아파트명":"당산금호어울림",
            "투자타입":"일반",
            "전용면적(m2)":"75.55",
            "전용면적(평)":"22평",
            "법정동주소":"서울시 영등포구 당산동4가 95",
            "도로명주소":"서울시 영등포구 국회대로37길 22",
            "세대수":0,
            "입주년차":20,
            "용적률점수":"--",
            "건폐율점수":"--",
            "세대당주차수":30,
            "난방방식":30,
            "공급면적":"--",
            "전용률":"--",
            "욕실수":50,
            "현관타입":100,
            "주거총점":26.5,
            "지역구공급총점":100.0,
            "역세권":50,
            "30분내 이동가능 거점":100,
            "1시간내 이동가능 거점":100,
            "교통총점":75.0,
            "백화점":100,
            "아울렛몰":0,
            "대형마트":80,
            "은행":70,
            "병원":80,
            "종합병원":100,
            "공원":100,
            "혐오시설":0,
            "인프라총점":80.0,
            "초등학군":88.88,
            "중학군":53.46,
            "학군총점":60.544,
            "인구수":42.36,
            "인구증감":9.01,
            "인구총점":32.355,
            "일자리":52.7,
            "소득수준":88.01,
            "일자리총점":63.293,
            "가치 총점":64.6316,
            "매매실거래년":20210922.0,
            "매매실거래가":134500.0,
            "전세실거래년":20211022.0,
            "전세실거래가":59000.0,
            "전세가율":49.58,
            "장기전세가율평균":64.5,
            "전세가율거품지수":14.92,
            "검색코드":2983,
            "세대수":292.0,
            "준공년월":"2002-09-28",
            "준공년차":21.0,
            "가까운역이름":"영등포구청",
            "가까운역거리":582.83,
            "역세권여부":"준역세권",
            "30분이내주요거점역":7,
            "1시간이내주요거점역":12,
            "3km이내백화점수":5,
            "5km이내아울렛몰수":0,
            "1km이내대형먀트수":1,
            "500m이내은행수":4,
            "500m이내병원수":48,
            "5km이내대형병원수":12,
            "500m이내공원수":4,
            "3km이내혐오시설수":0,
            "초등학교학업성취도":88.88,
            "중학교학업성취도":88.1,
            "용적률":294,
            "건폐율":23,
            "Y":37.528323,
            "X":126.901031,
            "rank":98.0,
            "area_info":"22평(75.55), 32평(106.24), 44평(147.51)",
            "last_sales":"2021-09-22,134500.0,32평(106.24)"
        },
        {
            "index":844,
            "아파트명":"영등포현대프라자",
            "투자타입":"일반",
            "전용면적(m2)":"92.47",
            "전용면적(평)":"27평",
            "법정동주소":"서울시 영등포구 영등포동5가 49-1",
            "도로명주소":"서울시 영등포구 양산로 214",
            "세대수":0,
            "입주년차":20,
            "용적률점수":"--",
            "건폐율점수":"--",
            "세대당주차수":60,
            "난방방식":30,
            "공급면적":"--",
            "전용률":"--",
            "욕실수":50,
            "현관타입":10,
            "주거총점":22.0,
            "지역구공급총점":100.0,
            "역세권":80,
            "30분내 이동가능 거점":60,
            "1시간내 이동가능 거점":100,
            "교통총점":78.0,
            "백화점":100,
            "아울렛몰":0,
            "대형마트":80,
            "은행":100,
            "병원":80,
            "종합병원":100,
            "공원":100,
            "혐오시설":0,
            "인프라총점":83.0,
            "초등학군":83.72,
            "중학군":44.96,
            "학군총점":52.712,
            "인구수":42.36,
            "인구증감":9.01,
            "인구총점":32.355,
            "일자리":52.7,
            "소득수준":88.01,
            "일자리총점":63.293,
            "가치 총점":64.5068,
            "매매실거래년":20210222.0,
            "매매실거래가":60000.0,
            "전세실거래년":20210514.0,
            "전세실거래가":40000.0,
            "전세가율":66.67,
            "장기전세가율평균":64.5,
            "전세가율거품지수":-2.17,
            "검색코드":9116,
            "세대수":115.0,
            "준공년월":"1999-12-27",
            "준공년차":24.0,
            "가까운역이름":"영등포시장",
            "가까운역거리":147.97,
            "역세권여부":"역세권",
            "30분이내주요거점역":3,
            "1시간이내주요거점역":12,
            "3km이내백화점수":5,
            "5km이내아울렛몰수":0,
            "1km이내대형먀트수":1,
            "500m이내은행수":9,
            "500m이내병원수":56,
            "5km이내대형병원수":13,
            "500m이내공원수":4,
            "3km이내혐오시설수":0,
            "초등학교학업성취도":83.72,
            "중학교학업성취도":74.2,
            "용적률":460,
            "건폐율":53,
            "Y":37.522276,
            "X":126.906742,
            "rank":99.0,
            "area_info":"27평(92.47), 31평(104.96)",
            "last_sales":"2021-02-22,60000.0,27평(92.47)"
        },
        {
            "index":136,
            "아파트명":"당산디오빌",
            "투자타입":"일반",
            "전용면적(m2)":"38.51",
            "전용면적(평)":"11평",
            "법정동주소":"서울시 영등포구 당산동5가 11-33",
            "도로명주소":"서울시 영등포구 당산로 222",
            "세대수":0,
            "입주년차":40,
            "용적률점수":"--",
            "건폐율점수":"--",
            "세대당주차수":0,
            "난방방식":30,
            "공급면적":"--",
            "전용률":"--",
            "욕실수":50,
            "현관타입":10,
            "주거총점":17.0,
            "지역구공급총점":100.0,
            "역세권":80,
            "30분내 이동가능 거점":100,
            "1시간내 이동가능 거점":100,
            "교통총점":90.0,
            "백화점":100,
            "아울렛몰":0,
            "대형마트":0,
            "은행":70,
            "병원":80,
            "종합병원":100,
            "공원":100,
            "혐오시설":0,
            "인프라총점":68.0,
            "초등학군":88.88,
            "중학군":53.46,
            "학군총점":60.544,
            "인구수":42.36,
            "인구증감":9.01,
            "인구총점":32.355,
            "일자리":52.7,
            "소득수준":88.01,
            "일자리총점":63.293,
            "가치 총점":64.3816,
            "매매실거래년":20211108.0,
            "매매실거래가":37500.0,
            "전세실거래년":20220117.0,
            "전세실거래가":32000.0,
            "전세가율":85.33,
            "장기전세가율평균":64.5,
            "전세가율거품지수":-20.83,
            "검색코드":22245,
            "세대수":212.0,
            "준공년월":"2005-02-22",
            "준공년차":18.0,
            "가까운역이름":"당산",
            "가까운역거리":125.56,
            "역세권여부":"역세권",
            "30분이내주요거점역":7,
            "1시간이내주요거점역":18,
            "3km이내백화점수":5,
            "5km이내아울렛몰수":0,
            "1km이내대형먀트수":0,
            "500m이내은행수":3,
            "500m이내병원수":56,
            "5km이내대형병원수":13,
            "500m이내공원수":4,
            "3km이내혐오시설수":0,
            "초등학교학업성취도":88.88,
            "중학교학업성취도":88.1,
            "용적률":399,
            "건폐율":43,
            "Y":37.533253,
            "X":126.902192,
            "rank":100.0,
            "area_info":"11평(38.51), 11평(38.99), 13평(44.15), 15평(51.99), 23평(77.05), 23평(78.1), 24평(80.03)",
            "last_sales":"2021-11-08,37500.0,11평(38.51)"
        },
        {
            "index":365,
            "아파트명":"문래미원",
            "투자타입":"일반",
            "전용면적(m2)":"82.93",
            "전용면적(평)":"25평",
            "법정동주소":"서울시 영등포구 문래동6가 54",
            "도로명주소":"서울시 영등포구 문래로8길 5",
            "세대수":0,
            "입주년차":0,
            "용적률점수":"--",
            "건폐율점수":"--",
            "세대당주차수":30,
            "난방방식":100,
            "공급면적":"--",
            "전용률":"--",
            "욕실수":50,
            "현관타입":10,
            "주거총점":20.5,
            "지역구공급총점":100.0,
            "역세권":50,
            "30분내 이동가능 거점":80,
            "1시간내 이동가능 거점":90,
            "교통총점":67.0,
            "백화점":100,
            "아울렛몰":100,
            "대형마트":100,
            "은행":70,
            "병원":80,
            "종합병원":100,
            "공원":100,
            "혐오시설":0,
            "인프라총점":93.0,
            "초등학군":90.47,
            "중학군":49.52,
            "학군총점":57.71,
            "인구수":42.36,
            "인구증감":9.01,
            "인구총점":32.355,
            "일자리":52.7,
            "소득수준":88.01,
            "일자리총점":63.293,
            "가치 총점":64.1065,
            "매매실거래년":20210701.0,
            "매매실거래가":84000.0,
            "전세실거래년":20210616.0,
            "전세실거래가":49000.0,
            "전세가율":58.33,
            "장기전세가율평균":64.5,
            "전세가율거품지수":6.17,
            "검색코드":706,
            "세대수":170.0,
            "준공년월":"1996-09-09",
            "준공년차":27.0,
            "가까운역이름":"양평",
            "가까운역거리":635.81,
            "역세권여부":"준역세권",
            "30분이내주요거점역":4,
            "1시간이내주요거점역":9,
            "3km이내백화점수":4,
            "5km이내아울렛몰수":2,
            "1km이내대형먀트수":2,
            "500m이내은행수":4,
            "500m이내병원수":34,
            "5km이내대형병원수":13,
            "500m이내공원수":3,
            "3km이내혐오시설수":0,
            "초등학교학업성취도":90.47,
            "중학교학업성취도":81.6,
            "용적률":286,
            "건폐율":28,
            "Y":37.51995,
            "X":126.88638,
            "rank":101.0,
            "area_info":"25평(82.93), 31평(104.23), 44평(147.07)",
            "last_sales":"2021-07-01,84000.0,25평(82.93)"
        },
        {
            "index":544,
            "아파트명":"신동아",
            "투자타입":"재건축",
            "전용면적(m2)":"72.23",
            "전용면적(평)":"21평",
            "법정동주소":"서울시 영등포구 양평동1가 20",
            "도로명주소":"서울시 영등포구 영등포로12길 8",
            "세대수":50,
            "입주년차":"--",
            "용적률점수":0,
            "건폐율점수":0,
            "세대당주차수":"--",
            "난방방식":"--",
            "공급면적":50,
            "전용률":60,
            "욕실수":"--",
            "현관타입":"--",
            "주거총점":20.5,
            "지역구공급총점":100.0,
            "역세권":80,
            "30분내 이동가능 거점":40,
            "1시간내 이동가능 거점":80,
            "교통총점":68.0,
            "백화점":100,
            "아울렛몰":80,
            "대형마트":100,
            "은행":70,
            "병원":80,
            "종합병원":100,
            "공원":100,
            "혐오시설":0,
            "인프라총점":91.0,
            "초등학군":90.47,
            "중학군":49.52,
            "학군총점":57.71,
            "인구수":42.36,
            "인구증감":9.01,
            "인구총점":32.355,
            "일자리":52.7,
            "소득수준":88.01,
            "일자리총점":63.293,
            "가치 총점":63.8565,
            "매매실거래년":20210722.0,
            "매매실거래가":88000.0,
            "전세실거래년":20220110.0,
            "전세실거래가":26250.0,
            "전세가율":29.83,
            "장기전세가율평균":64.5,
            "전세가율거품지수":34.67,
            "검색코드":732,
            "세대수":495.0,
            "준공년월":"1982-04-06",
            "준공년차":41.0,
            "가까운역이름":"양평",
            "가까운역거리":366.2,
            "역세권여부":"역세권",
            "30분이내주요거점역":2,
            "1시간이내주요거점역":8,
            "3km이내백화점수":4,
            "5km이내아울렛몰수":1,
            "1km이내대형먀트수":2,
            "500m이내은행수":3,
            "500m이내병원수":32,
            "5km이내대형병원수":14,
            "500m이내공원수":2,
            "3km이내혐오시설수":0,
            "초등학교학업성취도":90.47,
            "중학교학업성취도":81.6,
            "용적률":0,
            "건폐율":0,
            "Y":37.522402,
            "X":126.886479,
            "rank":102.0,
            "area_info":"21평(72.23), 26평(87.37)",
            "last_sales":"2021-07-22,88000.0,21평(72.23)"
        },
        {
            "index":164,
            "아파트명":"성원",
            "투자타입":"일반",
            "전용면적(m2)":"86.85",
            "전용면적(평)":"26평",
            "법정동주소":"서울시 영등포구 당산동5가 40",
            "도로명주소":"서울시 영등포구 양평로 57",
            "세대수":0,
            "입주년차":0,
            "용적률점수":"--",
            "건폐율점수":"--",
            "세대당주차수":0,
            "난방방식":30,
            "공급면적":"--",
            "전용률":"--",
            "욕실수":50,
            "현관타입":10,
            "주거총점":9.0,
            "지역구공급총점":100.0,
            "역세권":80,
            "30분내 이동가능 거점":100,
            "1시간내 이동가능 거점":100,
            "교통총점":90.0,
            "백화점":100,
            "아울렛몰":0,
            "대형마트":0,
            "은행":100,
            "병원":80,
            "종합병원":100,
            "공원":100,
            "혐오시설":0,
            "인프라총점":71.0,
            "초등학군":88.88,
            "중학군":53.46,
            "학군총점":60.544,
            "인구수":42.36,
            "인구증감":9.01,
            "인구총점":32.355,
            "일자리":52.7,
            "소득수준":88.01,
            "일자리총점":63.293,
            "가치 총점":63.6816,
            "매매실거래년":20210701.0,
            "매매실거래가":83700.0,
            "전세실거래년":20211210.0,
            "전세실거래가":43000.0,
            "전세가율":51.37,
            "장기전세가율평균":64.5,
            "전세가율거품지수":13.13,
            "검색코드":3788,
            "세대수":205.0,
            "준공년월":"1997-10-01",
            "준공년차":26.0,
            "가까운역이름":"당산",
            "가까운역거리":236.41,
            "역세권여부":"역세권",
            "30분이내주요거점역":5,
            "1시간이내주요거점역":11,
            "3km이내백화점수":5,
            "5km이내아울렛몰수":0,
            "1km이내대형먀트수":0,
            "500m이내은행수":6,
            "500m이내병원수":59,
            "5km이내대형병원수":13,
            "500m이내공원수":4,
            "3km이내혐오시설수":0,
            "초등학교학업성취도":88.88,
            "중학교학업성취도":88.1,
            "용적률":419,
            "건폐율":40,
            "Y":37.5344,
            "X":126.8996,
            "rank":103.0,
            "area_info":"26평(86.85), 32평(108.31), 43평(144.68)",
            "last_sales":"2021-07-01,83700.0,26평(86.85)"
        },
        {
            "index":823,
            "아파트명":"헤렌어반(도시형)",
            "투자타입":"일반",
            "전용면적(m2)":"21.95",
            "전용면적(평)":"6평",
            "법정동주소":"서울시 영등포구 영등포동1가 144",
            "도로명주소":"서울시 영등포구 경인로114가길 14",
            "세대수":0,
            "입주년차":60,
            "용적률점수":"--",
            "건폐율점수":"--",
            "세대당주차수":0,
            "난방방식":30,
            "공급면적":"--",
            "전용률":"--",
            "욕실수":50,
            "현관타입":50,
            "주거총점":25.0,
            "지역구공급총점":100.0,
            "역세권":80,
            "30분내 이동가능 거점":60,
            "1시간내 이동가능 거점":100,
            "교통총점":78.0,
            "백화점":100,
            "아울렛몰":100,
            "대형마트":80,
            "은행":0,
            "병원":30,
            "종합병원":100,
            "공원":100,
            "혐오시설":0,
            "인프라총점":78.0,
            "초등학군":85.0,
            "중학군":44.96,
            "학군총점":52.968,
            "인구수":42.36,
            "인구증감":9.01,
            "인구총점":32.355,
            "일자리":52.7,
            "소득수준":88.01,
            "일자리총점":63.293,
            "가치 총점":63.6452,
            "매매실거래년":20201217.0,
            "매매실거래가":11500.0,
            "전세실거래년":20150306.0,
            "전세실거래가":8500.0,
            "전세가율":73.91,
            "장기전세가율평균":64.5,
            "전세가율거품지수":-9.41,
            "검색코드":107054,
            "세대수":147.0,
            "준공년월":"2011-11-10",
            "준공년차":12.0,
            "가까운역이름":"신길",
            "가까운역거리":309.19,
            "역세권여부":"역세권",
            "30분이내주요거점역":3,
            "1시간이내주요거점역":12,
            "3km이내백화점수":4,
            "5km이내아울렛몰수":2,
            "1km이내대형먀트수":1,
            "500m이내은행수":1,
            "500m이내병원수":6,
            "5km이내대형병원수":14,
            "500m이내공원수":2,
            "3km이내혐오시설수":0,
            "초등학교학업성취도":85.0,
            "중학교학업성취도":74.2,
            "용적률":361,
            "건폐율":53,
            "Y":37.517294,
            "X":126.91367,
            "rank":104.0,
            "area_info":"6평(21.95), 6평(21.55), 6평(21.39), 6평(22.01), 6평(22.14), 6평(22.11), 6평(22.29), 6평(22.39), 7평(24.81), 7평(25.74), 8평(26.77), 7평(26.19), 8평(28.38), 9평(29.96), 9평(30.49), 9평(31.48), 9평(31.75), 9평(32.22), 10평(36.28)",
            "last_sales":"2020-12-17,11500.0,8평(28.38)"
        },
        {
            "index":743,
            "아파트명":"시범",
            "투자타입":"재건축",
            "전용면적(m2)":"60.96",
            "전용면적(평)":"18평",
            "법정동주소":"서울시 영등포구 여의도동 50",
            "도로명주소":"서울시 영등포구 63로 45",
            "세대수":100,
            "입주년차":"--",
            "용적률점수":0,
            "건폐율점수":0,
            "세대당주차수":"--",
            "난방방식":"--",
            "공급면적":50,
            "전용률":100,
            "욕실수":"--",
            "현관타입":"--",
            "주거총점":37.5,
            "지역구공급총점":100.0,
            "역세권":50,
            "30분내 이동가능 거점":40,
            "1시간내 이동가능 거점":100,
            "교통총점":57.0,
            "백화점":100,
            "아울렛몰":80,
            "대형마트":80,
            "은행":100,
            "병원":60,
            "종합병원":100,
            "공원":100,
            "혐오시설":0,
            "인프라총점":89.0,
            "초등학군":90.28,
            "중학군":55.24,
            "학군총점":62.248,
            "인구수":42.36,
            "인구증감":9.01,
            "인구총점":32.355,
            "일자리":52.7,
            "소득수준":88.01,
            "일자리총점":63.293,
            "가치 총점":63.4872,
            "매매실거래년":20211026.0,
            "매매실거래가":350000.0,
            "전세실거래년":20211213.0,
            "전세실거래가":26250.0,
            "전세가율":18.95,
            "장기전세가율평균":64.5,
            "전세가율거품지수":45.55,
            "검색코드":749,
            "세대수":1584.0,
            "준공년월":"1971-12-21",
            "준공년차":52.0,
            "가까운역이름":"여의나루",
            "가까운역거리":793.77,
            "역세권여부":"준역세권",
            "30분이내주요거점역":2,
            "1시간이내주요거점역":10,
            "3km이내백화점수":3,
            "5km이내아울렛몰수":1,
            "1km이내대형먀트수":1,
            "500m이내은행수":6,
            "500m이내병원수":15,
            "5km이내대형병원수":12,
            "500m이내공원수":2,
            "3km이내혐오시설수":0,
            "초등학교학업성취도":90.28,
            "중학교학업성취도":89.8,
            "용적률":0,
            "건폐율":0,
            "Y":37.520731,
            "X":126.936971,
            "rank":105.0,
            "area_info":"18평(60.96), 23평(79.24), 35평(118.12), 47평(156.99)",
            "last_sales":"2021-10-26,350000.0,47평(156.99)"
        },
        {
            "index":873,
            "아파트명":"당산푸르지오",
            "투자타입":"일반",
            "전용면적(m2)":"79.78",
            "전용면적(평)":"24평",
            "법정동주소":"서울시 영등포구 영등포동8가 91",
            "도로명주소":"서울시 영등포구 영중로 154",
            "세대수":50,
            "입주년차":40,
            "용적률점수":"--",
            "건폐율점수":"--",
            "세대당주차수":60,
            "난방방식":30,
            "공급면적":"--",
            "전용률":"--",
            "욕실수":50,
            "현관타입":100,
            "주거총점":52.5,
            "지역구공급총점":100.0,
            "역세권":50,
            "30분내 이동가능 거점":60,
            "1시간내 이동가능 거점":80,
            "교통총점":59.0,
            "백화점":100,
            "아울렛몰":0,
            "대형마트":100,
            "은행":20,
            "병원":80,
            "종합병원":100,
            "공원":100,
            "혐오시설":0,
            "인프라총점":78.0,
            "초등학군":89.06,
            "중학군":50.3,
            "학군총점":58.052,
            "인구수":42.36,
            "인구증감":9.01,
            "인구총점":32.355,
            "일자리":52.7,
            "소득수준":88.01,
            "일자리총점":63.293,
            "가치 총점":63.2578,
            "매매실거래년":20211108.0,
            "매매실거래가":124000.0,
            "전세실거래년":20220106.0,
            "전세실거래가":60000.0,
            "전세가율":48.39,
            "장기전세가율평균":64.5,
            "전세가율거품지수":16.11,
            "검색코드":8348,
            "세대수":538.0,
            "준공년월":"2004-08-23",
            "준공년차":19.0,
            "가까운역이름":"당산",
            "가까운역거리":563.08,
            "역세권여부":"준역세권",
            "30분이내주요거점역":3,
            "1시간이내주요거점역":8,
            "3km이내백화점수":5,
            "5km이내아울렛몰수":0,
            "1km이내대형먀트수":2,
            "500m이내은행수":2,
            "500m이내병원수":35,
            "5km이내대형병원수":13,
            "500m이내공원수":3,
            "3km이내혐오시설수":0,
            "초등학교학업성취도":89.06,
            "중학교학업성취도":83.1,
            "용적률":355,
            "건폐율":20,
            "Y":37.530298,
            "X":126.90606,
            "rank":106.0,
            "area_info":"24평(79.78), 30평(99.99), 32평(106.49), 41평(137.15), 47평(156.9), 58평(193.14)",
            "last_sales":"2021-11-08,124000.0,24평(79.78)"
        },
        {
            "index":472,
            "아파트명":"신길센트럴아이파크",
            "투자타입":"일반",
            "전용면적(m2)":"85.95",
            "전용면적(평)":"25평",
            "법정동주소":"서울시 영등포구 신길동 4955",
            "도로명주소":"서울시 영등포구 가마산로 426",
            "세대수":50,
            "입주년차":100,
            "용적률점수":"--",
            "건폐율점수":"--",
            "세대당주차수":30,
            "난방방식":30,
            "공급면적":"--",
            "전용률":"--",
            "욕실수":100,
            "현관타입":100,
            "주거총점":65.0,
            "지역구공급총점":100.0,
            "역세권":50,
            "30분내 이동가능 거점":40,
            "1시간내 이동가능 거점":100,
            "교통총점":57.0,
            "백화점":100,
            "아울렛몰":100,
            "대형마트":0,
            "은행":70,
            "병원":60,
            "종합병원":100,
            "공원":100,
            "혐오시설":0,
            "인프라총점":76.0,
            "초등학군":100.0,
            "중학군":35.74,
            "학군총점":48.592,
            "인구수":42.36,
            "인구증감":9.01,
            "인구총점":32.355,
            "일자리":52.7,
            "소득수준":88.01,
            "일자리총점":63.293,
            "가치 총점":63.0388,
            "매매실거래년":20201104.0,
            "매매실거래가":135000.0,
            "전세실거래년":null,
            "전세실거래가":null,
            "전세가율":null,
            "장기전세가율평균":64.5,
            "전세가율거품지수":null,
            "검색코드":115547,
            "세대수":612.0,
            "준공년월":"2019-02-28",
            "준공년차":4.0,
            "가까운역이름":"신풍",
            "가까운역거리":695.49,
            "역세권여부":"준역세권",
            "30분이내주요거점역":2,
            "1시간이내주요거점역":10,
            "3km이내백화점수":4,
            "5km이내아울렛몰수":2,
            "1km이내대형먀트수":0,
            "500m이내은행수":4,
            "500m이내병원수":27,
            "5km이내대형병원수":15,
            "500m이내공원수":5,
            "3km이내혐오시설수":0,
            "초등학교학업성취도":100.0,
            "중학교학업성취도":59.3,
            "용적률":255,
            "건폐율":21,
            "Y":37.504421,
            "X":126.904254,
            "rank":107.0,
            "area_info":"25평(85.95), 26평(86.34), 26평(86.18), 34평(114.18), 34평(114.06), 34평(115.39)",
            "last_sales":"2020-11-04,135000.0,34평(115.39)"
        },
        {
            "index":562,
            "아파트명":"상록수",
            "투자타입":"일반",
            "전용면적(m2)":"76.86",
            "전용면적(평)":"23평",
            "법정동주소":"서울시 영등포구 양평동2가 45",
            "도로명주소":"서울시 영등포구 영등포로 17",
            "세대수":0,
            "입주년차":20,
            "용적률점수":"--",
            "건폐율점수":"--",
            "세대당주차수":0,
            "난방방식":30,
            "공급면적":"--",
            "전용률":"--",
            "욕실수":50,
            "현관타입":10,
            "주거총점":13.0,
            "지역구공급총점":100.0,
            "역세권":80,
            "30분내 이동가능 거점":60,
            "1시간내 이동가능 거점":100,
            "교통총점":78.0,
            "백화점":100,
            "아울렛몰":80,
            "대형마트":100,
            "은행":0,
            "병원":60,
            "종합병원":100,
            "공원":80,
            "혐오시설":0,
            "인프라총점":81.4,
            "초등학군":90.47,
            "중학군":49.52,
            "학군총점":57.71,
            "인구수":42.36,
            "인구증감":9.01,
            "인구총점":32.355,
            "일자리":52.7,
            "소득수준":88.01,
            "일자리총점":63.293,
            "가치 총점":62.9765,
            "매매실거래년":20210626.0,
            "매매실거래가":64000.0,
            "전세실거래년":20211222.0,
            "전세실거래가":35000.0,
            "전세가율":54.69,
            "장기전세가율평균":64.5,
            "전세가율거품지수":9.81,
            "검색코드":3800,
            "세대수":176.0,
            "준공년월":"1999-11-15",
            "준공년차":24.0,
            "가까운역이름":"양평",
            "가까운역거리":292.14,
            "역세권여부":"역세권",
            "30분이내주요거점역":3,
            "1시간이내주요거점역":11,
            "3km이내백화점수":4,
            "5km이내아울렛몰수":1,
            "1km이내대형먀트수":2,
            "500m이내은행수":1,
            "500m이내병원수":10,
            "5km이내대형병원수":14,
            "500m이내공원수":1,
            "3km이내혐오시설수":0,
            "초등학교학업성취도":90.47,
            "중학교학업성취도":81.6,
            "용적률":384,
            "건폐율":29,
            "Y":37.523797,
            "X":126.883427,
            "rank":108.0,
            "area_info":"23평(76.86), 23평(76.69), 23평(77.27)",
            "last_sales":"2021-06-26,64000.0,23평(76.86)"
        },
        {
            "index":818,
            "아파트명":"내이처해밀(도시형)",
            "투자타입":"일반",
            "전용면적(m2)":"23.62",
            "전용면적(평)":"7평",
            "법정동주소":"서울시 영등포구 영등포동1가 145",
            "도로명주소":"서울시 영등포구 경인로114길 62",
            "세대수":0,
            "입주년차":60,
            "용적률점수":"--",
            "건폐율점수":"--",
            "세대당주차수":0,
            "난방방식":30,
            "공급면적":"--",
            "전용률":"--",
            "욕실수":50,
            "현관타입":10,
            "주거총점":21.0,
            "지역구공급총점":100.0,
            "역세권":80,
            "30분내 이동가능 거점":60,
            "1시간내 이동가능 거점":100,
            "교통총점":78.0,
            "백화점":100,
            "아울렛몰":100,
            "대형마트":80,
            "은행":0,
            "병원":30,
            "종합병원":100,
            "공원":100,
            "혐오시설":0,
            "인프라총점":78.0,
            "초등학군":85.26,
            "중학군":44.96,
            "학군총점":53.02,
            "인구수":42.36,
            "인구증감":9.01,
            "인구총점":32.355,
            "일자리":52.7,
            "소득수준":88.01,
            "일자리총점":63.293,
            "가치 총점":62.853,
            "매매실거래년":20211215.0,
            "매매실거래가":13800.0,
            "전세실거래년":20220118.0,
            "전세실거래가":14500.0,
            "전세가율":116.94,
            "장기전세가율평균":64.5,
            "전세가율거품지수":-52.44,
            "검색코드":106085,
            "세대수":149.0,
            "준공년월":"2012-06-14",
            "준공년차":11.0,
            "가까운역이름":"신길",
            "가까운역거리":404.12,
            "역세권여부":"역세권",
            "30분이내주요거점역":3,
            "1시간이내주요거점역":12,
            "3km이내백화점수":4,
            "5km이내아울렛몰수":2,
            "1km이내대형먀트수":1,
            "500m이내은행수":1,
            "500m이내병원수":8,
            "5km이내대형병원수":14,
            "500m이내공원수":2,
            "3km이내혐오시설수":0,
            "초등학교학업성취도":85.26,
            "중학교학업성취도":74.2,
            "용적률":398,
            "건폐율":44,
            "Y":37.517122,
            "X":126.912587,
            "rank":109.0,
            "area_info":"7평(23.62), 7평(24.7), 7평(25.0)",
            "last_sales":"2021-12-15,13800.0,7평(24.7)"
        },
        {
            "index":388,
            "아파트명":"건영",
            "투자타입":"재건축",
            "전용면적(m2)":"79.87",
            "전용면적(평)":"24평",
            "법정동주소":"서울시 영등포구 신길동 364",
            "도로명주소":"서울시 영등포구 도림로 313",
            "세대수":30,
            "입주년차":"--",
            "용적률점수":80,
            "건폐율점수":100,
            "세대당주차수":"--",
            "난방방식":"--",
            "공급면적":50,
            "전용률":60,
            "욕실수":"--",
            "현관타입":"--",
            "주거총점":66.5,
            "지역구공급총점":100.0,
            "역세권":50,
            "30분내 이동가능 거점":40,
            "1시간내 이동가능 거점":90,
            "교통총점":55.0,
            "백화점":100,
            "아울렛몰":100,
            "대형마트":0,
            "은행":70,
            "병원":60,
            "종합병원":100,
            "공원":100,
            "혐오시설":0,
            "인프라총점":76.0,
            "초등학군":100.0,
            "중학군":35.74,
            "학군총점":48.592,
            "인구수":42.36,
            "인구증감":9.01,
            "인구총점":32.355,
            "일자리":52.7,
            "소득수준":88.01,
            "일자리총점":63.293,
            "가치 총점":62.6388,
            "매매실거래년":20211116.0,
            "매매실거래가":99500.0,
            "전세실거래년":20211211.0,
            "전세실거래가":40000.0,
            "전세가율":44.69,
            "장기전세가율평균":64.5,
            "전세가율거품지수":19.81,
            "검색코드":717,
            "세대수":386.0,
            "준공년월":"1985-09-04",
            "준공년차":38.0,
            "가까운역이름":"신풍",
            "가까운역거리":945.63,
            "역세권여부":"준역세권",
            "30분이내주요거점역":2,
            "1시간이내주요거점역":9,
            "3km이내백화점수":4,
            "5km이내아울렛몰수":2,
            "1km이내대형먀트수":0,
            "500m이내은행수":4,
            "500m이내병원수":26,
            "5km이내대형병원수":14,
            "500m이내공원수":3,
            "3km이내혐오시설수":0,
            "초등학교학업성취도":100.0,
            "중학교학업성취도":59.3,
            "용적률":181,
            "건폐율":17,
            "Y":37.505269,
            "X":126.901437,
            "rank":110.0,
            "area_info":"24평(79.87), 30평(100.63), 35평(118.16), 38평(128.02)",
            "last_sales":"2021-11-16,99500.0,30평(100.63)"
        },
        {
            "index":618,
            "아파트명":"성원",
            "투자타입":"일반",
            "전용면적(m2)":"104.0",
            "전용면적(평)":"31평",
            "법정동주소":"서울시 영등포구 양평동4가 12",
            "도로명주소":"서울시 영등포구 양평로17길 36",
            "세대수":30,
            "입주년차":0,
            "용적률점수":"--",
            "건폐율점수":"--",
            "세대당주차수":60,
            "난방방식":30,
            "공급면적":"--",
            "전용률":"--",
            "욕실수":100,
            "현관타입":100,
            "주거총점":42.5,
            "지역구공급총점":100.0,
            "역세권":80,
            "30분내 이동가능 거점":40,
            "1시간내 이동가능 거점":70,
            "교통총점":66.0,
            "백화점":100,
            "아울렛몰":0,
            "대형마트":80,
            "은행":70,
            "병원":60,
            "종합병원":100,
            "공원":0,
            "혐오시설":0,
            "인프라총점":75.0,
            "초등학군":85.16,
            "중학군":49.84,
            "학군총점":56.904,
            "인구수":42.36,
            "인구증감":9.01,
            "인구총점":32.355,
            "일자리":52.7,
            "소득수준":88.01,
            "일자리총점":63.293,
            "가치 총점":62.6356,
            "매매실거래년":20210703.0,
            "매매실거래가":101400.0,
            "전세실거래년":20211223.0,
            "전세실거래가":43050.0,
            "전세가율":42.46,
            "장기전세가율평균":64.5,
            "전세가율거품지수":22.04,
            "검색코드":731,
            "세대수":372.0,
            "준공년월":"1993-07-10",
            "준공년차":30.0,
            "가까운역이름":"선유도",
            "가까운역거리":410.21,
            "역세권여부":"역세권",
            "30분이내주요거점역":2,
            "1시간이내주요거점역":7,
            "3km이내백화점수":4,
            "5km이내아울렛몰수":0,
            "1km이내대형먀트수":1,
            "500m이내은행수":4,
            "500m이내병원수":18,
            "5km이내대형병원수":12,
            "500m이내공원수":0,
            "3km이내혐오시설수":0,
            "초등학교학업성취도":85.16,
            "중학교학업성취도":81.4,
            "용적률":344,
            "건폐율":19,
            "Y":37.534337,
            "X":126.893792,
            "rank":111.0,
            "area_info":"31평(104.0)",
            "last_sales":"2021-07-03,101400.0,31평(104.0)"
        },
        {
            "index":813,
            "아파트명":"영등포푸르지오",
            "투자타입":"일반",
            "전용면적(m2)":"85.25",
            "전용면적(평)":"25평",
            "법정동주소":"서울시 영등포구 영등포동 647",
            "도로명주소":"서울시 영등포구 도신로29길 28",
            "세대수":100,
            "입주년차":20,
            "용적률점수":"--",
            "건폐율점수":"--",
            "세대당주차수":30,
            "난방방식":30,
            "공급면적":"--",
            "전용률":"--",
            "욕실수":50,
            "현관타입":100,
            "주거총점":61.5,
            "지역구공급총점":100.0,
            "역세권":50,
            "30분내 이동가능 거점":20,
            "1시간내 이동가능 거점":100,
            "교통총점":51.0,
            "백화점":100,
            "아울렛몰":100,
            "대형마트":100,
            "은행":20,
            "병원":60,
            "종합병원":100,
            "공원":100,
            "혐오시설":0,
            "인프라총점":86.0,
            "초등학군":77.09,
            "중학군":35.74,
            "학군총점":44.01,
            "인구수":42.36,
            "인구증감":9.01,
            "인구총점":32.355,
            "일자리":52.7,
            "소득수준":88.01,
            "일자리총점":63.293,
            "가치 총점":62.5515,
            "매매실거래년":20211228.0,
            "매매실거래가":136500.0,
            "전세실거래년":20211228.0,
            "전세실거래가":60000.0,
            "전세가율":52.17,
            "장기전세가율평균":64.5,
            "전세가율거품지수":12.33,
            "검색코드":3457,
            "세대수":2462.0,
            "준공년월":"2002-05-31",
            "준공년차":21.0,
            "가까운역이름":"영등포",
            "가까운역거리":546.62,
            "역세권여부":"준역세권",
            "30분이내주요거점역":1,
            "1시간이내주요거점역":10,
            "3km이내백화점수":5,
            "5km이내아울렛몰수":2,
            "1km이내대형먀트수":2,
            "500m이내은행수":2,
            "500m이내병원수":21,
            "5km이내대형병원수":13,
            "500m이내공원수":3,
            "3km이내혐오시설수":0,
            "초등학교학업성취도":77.09,
            "중학교학업성취도":59.3,
            "용적률":249,
            "건폐율":16,
            "Y":37.511812,
            "X":126.903536,
            "rank":112.0,
            "area_info":"25평(85.25), 30평(100.88), 33평(109.8), 35평(115.8), 35평(115.86)",
            "last_sales":"2021-12-28,136500.0,35평(115.8)"
        },
        {
            "index":256,
            "아파트명":"신동아",
            "투자타입":"재건축",
            "전용면적(m2)":"73.17",
            "전용면적(평)":"22평",
            "법정동주소":"서울시 영등포구 대림동 777-1",
            "도로명주소":"서울시 영등포구 가마산로 312",
            "세대수":50,
            "입주년차":"--",
            "용적률점수":0,
            "건폐율점수":0,
            "세대당주차수":"--",
            "난방방식":"--",
            "공급면적":50,
            "전용률":60,
            "욕실수":"--",
            "현관타입":"--",
            "주거총점":20.5,
            "지역구공급총점":100.0,
            "역세권":80,
            "30분내 이동가능 거점":60,
            "1시간내 이동가능 거점":100,
            "교통총점":78.0,
            "백화점":100,
            "아울렛몰":100,
            "대형마트":0,
            "은행":100,
            "병원":60,
            "종합병원":100,
            "공원":100,
            "혐오시설":0,
            "인프라총점":79.0,
            "초등학군":82.02,
            "중학군":41.32,
            "학군총점":49.46,
            "인구수":42.36,
            "인구증감":9.01,
            "인구총점":32.355,
            "일자리":52.7,
            "소득수준":88.01,
            "일자리총점":63.293,
            "가치 총점":62.519,
            "매매실거래년":20211001.0,
            "매매실거래가":72300.0,
            "전세실거래년":20220108.0,
            "전세실거래가":22000.0,
            "전세가율":40.74,
            "장기전세가율평균":64.5,
            "전세가율거품지수":23.76,
            "검색코드":693,
            "세대수":591.0,
            "준공년월":"1987-01-17",
            "준공년차":36.0,
            "가까운역이름":"대림",
            "가까운역거리":450.41,
            "역세권여부":"역세권",
            "30분이내주요거점역":3,
            "1시간이내주요거점역":15,
            "3km이내백화점수":4,
            "5km이내아울렛몰수":2,
            "1km이내대형먀트수":0,
            "500m이내은행수":6,
            "500m이내병원수":22,
            "5km이내대형병원수":15,
            "500m이내공원수":3,
            "3km이내혐오시설수":0,
            "초등학교학업성취도":82.02,
            "중학교학업성취도":67.8,
            "용적률":0,
            "건폐율":0,
            "Y":37.496945,
            "X":126.894819,
            "rank":113.0,
            "area_info":"22평(73.17), 28평(93.03), 35평(116.59)",
            "last_sales":"2021-10-01,72300.0,28평(93.03)"
        },
        {
            "index":201,
            "아파트명":"대림쌍용플래티넘-S(도시형)",
            "투자타입":"일반",
            "전용면적(m2)":"25.19",
            "전용면적(평)":"7평",
            "법정동주소":"서울시 영등포구 대림동 717",
            "도로명주소":"서울시 영등포구 대림로29길 13",
            "세대수":0,
            "입주년차":60,
            "용적률점수":"--",
            "건폐율점수":"--",
            "세대당주차수":0,
            "난방방식":30,
            "공급면적":"--",
            "전용률":"--",
            "욕실수":50,
            "현관타입":10,
            "주거총점":21.0,
            "지역구공급총점":100.0,
            "역세권":80,
            "30분내 이동가능 거점":60,
            "1시간내 이동가능 거점":100,
            "교통총점":78.0,
            "백화점":100,
            "아울렛몰":100,
            "대형마트":0,
            "은행":70,
            "병원":80,
            "종합병원":100,
            "공원":100,
            "혐오시설":0,
            "인프라총점":78.0,
            "초등학군":87.66,
            "중학군":41.32,
            "학군총점":50.588,
            "인구수":42.36,
            "인구증감":9.01,
            "인구총점":32.355,
            "일자리":52.7,
            "소득수준":88.01,
            "일자리총점":63.293,
            "가치 총점":62.4882,
            "매매실거래년":20220112.0,
            "매매실거래가":12200.0,
            "전세실거래년":null,
            "전세실거래가":null,
            "전세가율":null,
            "장기전세가율평균":64.5,
            "전세가율거품지수":null,
            "검색코드":105925,
            "세대수":291.0,
            "준공년월":"2013-06-28",
            "준공년차":10.0,
            "가까운역이름":"대림",
            "가까운역거리":331.08,
            "역세권여부":"역세권",
            "30분이내주요거점역":3,
            "1시간이내주요거점역":14,
            "3km이내백화점수":4,
            "5km이내아울렛몰수":2,
            "1km이내대형먀트수":0,
            "500m이내은행수":4,
            "500m이내병원수":37,
            "5km이내대형병원수":15,
            "500m이내공원수":5,
            "3km이내혐오시설수":0,
            "초등학교학업성취도":87.66,
            "중학교학업성취도":67.8,
            "용적률":399,
            "건폐율":59,
            "Y":37.495344,
            "X":126.898066,
            "rank":114.0,
            "area_info":"7평(25.19), 7평(26.28), 7평(26.38), 9평(32.68), 13평(43.9), 13평(45.39)",
            "last_sales":"2022-01-12,12200.0,7평(26.38)"
        },
        {
            "index":735,
            "아파트명":"수정",
            "투자타입":"재건축",
            "전용면적(m2)":"79.61",
            "전용면적(평)":"24평",
            "법정동주소":"서울시 영등포구 여의도동 32",
            "도로명주소":"서울시 영등포구 국제금융로7길 1",
            "세대수":30,
            "입주년차":"--",
            "용적률점수":0,
            "건폐율점수":0,
            "세대당주차수":"--",
            "난방방식":"--",
            "공급면적":50,
            "전용률":100,
            "욕실수":"--",
            "현관타입":"--",
            "주거총점":16.5,
            "지역구공급총점":100.0,
            "역세권":80,
            "30분내 이동가능 거점":40,
            "1시간내 이동가능 거점":100,
            "교통총점":72.0,
            "백화점":100,
            "아울렛몰":0,
            "대형마트":80,
            "은행":100,
            "병원":100,
            "종합병원":100,
            "공원":0,
            "혐오시설":0,
            "인프라총점":82.0,
            "초등학군":90.28,
            "중학군":55.24,
            "학군총점":62.248,
            "인구수":42.36,
            "인구증감":9.01,
            "인구총점":32.355,
            "일자리":52.7,
            "소득수준":88.01,
            "일자리총점":63.293,
            "가치 총점":62.4372,
            "매매실거래년":20211102.0,
            "매매실거래가":260000.0,
            "전세실거래년":20220106.0,
            "전세실거래가":33600.0,
            "전세가율":22.4,
            "장기전세가율평균":64.5,
            "전세가율거품지수":42.1,
            "검색코드":748,
            "세대수":329.0,
            "준공년월":"1976-07-23",
            "준공년차":47.0,
            "가까운역이름":"여의나루",
            "가까운역거리":484.08,
            "역세권여부":"역세권",
            "30분이내주요거점역":2,
            "1시간이내주요거점역":11,
            "3km이내백화점수":3,
            "5km이내아울렛몰수":0,
            "1km이내대형먀트수":1,
            "500m이내은행수":27,
            "500m이내병원수":77,
            "5km이내대형병원수":12,
            "500m이내공원수":0,
            "3km이내혐오시설수":0,
            "초등학교학업성취도":90.28,
            "중학교학업성취도":89.8,
            "용적률":0,
            "건폐율":0,
            "Y":37.523082,
            "X":126.930782,
            "rank":115.0,
            "area_info":"24평(79.61), 24평(79.64), 23평(79.25), 25평(85.04), 28평(94.75), 38평(125.75), 48평(161.39), 48평(161.43)",
            "last_sales":"2021-11-02,260000.0,48평(161.39)"
        },
        {
            "index":455,
            "아파트명":"삼환",
            "투자타입":"일반",
            "전용면적(m2)":"81.16",
            "전용면적(평)":"24평",
            "법정동주소":"서울시 영등포구 신길동 897-1",
            "도로명주소":"서울시 영등포구 여의대방로43라길 9",
            "세대수":90,
            "입주년차":0,
            "용적률점수":"--",
            "건폐율점수":"--",
            "세대당주차수":0,
            "난방방식":80,
            "공급면적":"--",
            "전용률":"--",
            "욕실수":50,
            "현관타입":100,
            "주거총점":54.5,
            "지역구공급총점":100.0,
            "역세권":50,
            "30분내 이동가능 거점":80,
            "1시간내 이동가능 거점":100,
            "교통총점":69.0,
            "백화점":100,
            "아울렛몰":100,
            "대형마트":0,
            "은행":0,
            "병원":30,
            "종합병원":100,
            "공원":100,
            "혐오시설":0,
            "인프라총점":66.0,
            "초등학군":81.82,
            "중학군":42.56,
            "학군총점":50.412,
            "인구수":42.36,
            "인구증감":9.01,
            "인구총점":32.355,
            "일자리":52.7,
            "소득수준":88.01,
            "일자리총점":63.293,
            "가치 총점":62.4118,
            "매매실거래년":20211129.0,
            "매매실거래가":94500.0,
            "전세실거래년":20211207.0,
            "전세실거래가":53000.0,
            "전세가율":56.08,
            "장기전세가율평균":64.5,
            "전세가율거품지수":8.42,
            "검색코드":719,
            "세대수":1174.0,
            "준공년월":"1997-05-10",
            "준공년차":26.0,
            "가까운역이름":"보라매",
            "가까운역거리":832.17,
            "역세권여부":"준역세권",
            "30분이내주요거점역":4,
            "1시간이내주요거점역":10,
            "3km이내백화점수":5,
            "5km이내아울렛몰수":2,
            "1km이내대형먀트수":0,
            "500m이내은행수":1,
            "500m이내병원수":5,
            "5km이내대형병원수":13,
            "500m이내공원수":3,
            "3km이내혐오시설수":0,
            "초등학교학업성취도":81.82,
            "중학교학업성취도":69.8,
            "용적률":246,
            "건폐율":16,
            "Y":37.507299,
            "X":126.919267,
            "rank":116.0,
            "area_info":"24평(81.16), 32평(108.54), 32평(108.52)",
            "last_sales":"2021-11-29,94500.0,24평(81.16)"
        },
        {
            "index":113,
            "아파트명":"브라운스톤당산",
            "투자타입":"일반",
            "전용면적(m2)":"76.57",
            "전용면적(평)":"23평",
            "법정동주소":"서울시 영등포구 당산동4가 98",
            "도로명주소":"서울시 영등포구 영신로55길 8",
            "세대수":0,
            "입주년차":80,
            "용적률점수":"--",
            "건폐율점수":"--",
            "세대당주차수":30,
            "난방방식":30,
            "공급면적":"--",
            "전용률":"--",
            "욕실수":100,
            "현관타입":100,
            "주거총점":43.5,
            "지역구공급총점":100.0,
            "역세권":50,
            "30분내 이동가능 거점":60,
            "1시간내 이동가능 거점":80,
            "교통총점":59.0,
            "백화점":100,
            "아울렛몰":0,
            "대형마트":80,
            "은행":70,
            "병원":80,
            "종합병원":100,
            "공원":100,
            "혐오시설":0,
            "인프라총점":80.0,
            "초등학군":83.72,
            "중학군":53.46,
            "학군총점":59.512,
            "인구수":42.36,
            "인구증감":9.01,
            "인구총점":32.355,
            "일자리":52.7,
            "소득수준":88.01,
            "일자리총점":63.293,
            "가치 총점":62.2768,
            "매매실거래년":20210911.0,
            "매매실거래가":140000.0,
            "전세실거래년":20151101.0,
            "전세실거래가":45000.0,
            "전세가율":50.0,
            "장기전세가율평균":64.5,
            "전세가율거품지수":14.5,
            "검색코드":108695,
            "세대수":162.0,
            "준공년월":"2015-11-01",
            "준공년차":8.0,
            "가까운역이름":"영등포시장",
            "가까운역거리":599.59,
            "역세권여부":"준역세권",
            "30분이내주요거점역":3,
            "1시간이내주요거점역":8,
            "3km이내백화점수":5,
            "5km이내아울렛몰수":0,
            "1km이내대형먀트수":1,
            "500m이내은행수":4,
            "500m이내병원수":34,
            "5km이내대형병원수":12,
            "500m이내공원수":4,
            "3km이내혐오시설수":0,
            "초등학교학업성취도":83.72,
            "중학교학업성취도":88.1,
            "용적률":244,
            "건폐율":24,
            "Y":37.527513,
            "X":126.902152,
            "rank":117.0,
            "area_info":"23평(76.57), 29평(98.08), 32평(106.54), 32평(107.26), 32평(107.65), 32평(108.13), 32평(108.96), 32평(108.05), 32평(108.24)",
            "last_sales":"2021-09-11,140000.0,32평(108.13)"
        },
        {
            "index":775,
            "아파트명":"진주",
            "투자타입":"재건축",
            "전용면적(m2)":"61.94",
            "전용면적(평)":"18평",
            "법정동주소":"서울시 영등포구 여의도동 54-4",
            "도로명주소":"서울시 영등포구 국제금융로 108-6",
            "세대수":30,
            "입주년차":"--",
            "용적률점수":0,
            "건폐율점수":0,
            "세대당주차수":"--",
            "난방방식":"--",
            "공급면적":50,
            "전용률":60,
            "욕실수":"--",
            "현관타입":"--",
            "주거총점":14.5,
            "지역구공급총점":100.0,
            "역세권":80,
            "30분내 이동가능 거점":40,
            "1시간내 이동가능 거점":100,
            "교통총점":72.0,
            "백화점":100,
            "아울렛몰":0,
            "대형마트":80,
            "은행":100,
            "병원":80,
            "종합병원":100,
            "공원":80,
            "혐오시설":0,
            "인프라총점":82.4,
            "초등학군":90.28,
            "중학군":55.24,
            "학군총점":62.248,
            "인구수":42.36,
            "인구증감":9.01,
            "인구총점":32.355,
            "일자리":52.7,
            "소득수준":88.01,
            "일자리총점":63.293,
            "가치 총점":62.1572,
            "매매실거래년":20210715.0,
            "매매실거래가":150000.0,
            "전세실거래년":20211112.0,
            "전세실거래가":47000.0,
            "전세가율":31.33,
            "장기전세가율평균":64.5,
            "전세가율거품지수":33.17,
            "검색코드":752,
            "세대수":376.0,
            "준공년월":"1977-06-03",
            "준공년차":46.0,
            "가까운역이름":"샛강",
            "가까운역거리":416.57,
            "역세권여부":"역세권",
            "30분이내주요거점역":2,
            "1시간이내주요거점역":11,
            "3km이내백화점수":3,
            "5km이내아울렛몰수":0,
            "1km이내대형먀트수":1,
            "500m이내은행수":11,
            "500m이내병원수":47,
            "5km이내대형병원수":12,
            "500m이내공원수":1,
            "3km이내혐오시설수":0,
            "초등학교학업성취도":90.28,
            "중학교학업성취도":89.8,
            "용적률":0,
            "건폐율":0,
            "Y":37.51834,
            "X":126.93295,
            "rank":118.0,
            "area_info":"18평(61.94), 24평(81.75), 27평(91.41), 34평(113.59)",
            "last_sales":"2021-07-15,150000.0,18평(61.94)"
        },
        {
            "index":221,
            "아파트명":"무림",
            "투자타입":"재건축",
            "전용면적(m2)":"66.84",
            "전용면적(평)":"20평",
            "법정동주소":"서울시 영등포구 대림동 993-8",
            "도로명주소":"서울시 영등포구 시흥대로 609",
            "세대수":0,
            "입주년차":"--",
            "용적률점수":0,
            "건폐율점수":0,
            "세대당주차수":"--",
            "난방방식":"--",
            "공급면적":50,
            "전용률":80,
            "욕실수":"--",
            "현관타입":"--",
            "주거총점":6.5,
            "지역구공급총점":100.0,
            "역세권":80,
            "30분내 이동가능 거점":80,
            "1시간내 이동가능 거점":100,
            "교통총점":84.0,
            "백화점":100,
            "아울렛몰":100,
            "대형마트":100,
            "은행":20,
            "병원":30,
            "종합병원":100,
            "공원":80,
            "혐오시설":0,
            "인프라총점":82.4,
            "초등학군":79.45,
            "중학군":36.18,
            "학군총점":44.834,
            "인구수":42.36,
            "인구증감":9.01,
            "인구총점":32.355,
            "일자리":52.7,
            "소득수준":88.01,
            "일자리총점":63.293,
            "가치 총점":62.1451,
            "매매실거래년":20210524.0,
            "매매실거래가":45000.0,
            "전세실거래년":20211206.0,
            "전세실거래가":30000.0,
            "전세가율":66.67,
            "장기전세가율평균":64.5,
            "전세가율거품지수":-2.17,
            "검색코드":1277,
            "세대수":110.0,
            "준공년월":"1981-09-29",
            "준공년차":42.0,
            "가까운역이름":"구로디지털단지",
            "가까운역거리":315.36,
            "역세권여부":"역세권",
            "30분이내주요거점역":4,
            "1시간이내주요거점역":10,
            "3km이내백화점수":2,
            "5km이내아울렛몰수":2,
            "1km이내대형먀트수":3,
            "500m이내은행수":2,
            "500m이내병원수":9,
            "5km이내대형병원수":13,
            "500m이내공원수":1,
            "3km이내혐오시설수":0,
            "초등학교학업성취도":79.45,
            "중학교학업성취도":60.3,
            "용적률":0,
            "건폐율":0,
            "Y":37.487609,
            "X":126.903415,
            "rank":119.0,
            "area_info":"20평(66.84), 20평(66.78), 25평(83.17), 25평(83.2), 25평(83.14)",
            "last_sales":"2021-05-24,45000.0,20평(66.84)"
        },
        {
            "index":436,
            "아파트명":"보라매경남아너스빌",
            "투자타입":"일반",
            "전용면적(m2)":"78.82",
            "전용면적(평)":"23평",
            "법정동주소":"서울시 영등포구 신길동 4780",
            "도로명주소":"서울시 영등포구 여의대방로 25",
            "세대수":50,
            "입주년차":40,
            "용적률점수":"--",
            "건폐율점수":"--",
            "세대당주차수":30,
            "난방방식":30,
            "공급면적":"--",
            "전용률":"--",
            "욕실수":100,
            "현관타입":100,
            "주거총점":53.0,
            "지역구공급총점":100.0,
            "역세권":50,
            "30분내 이동가능 거점":60,
            "1시간내 이동가능 거점":100,
            "교통총점":63.0,
            "백화점":100,
            "아울렛몰":100,
            "대형마트":0,
            "은행":20,
            "병원":60,
            "종합병원":100,
            "공원":0,
            "혐오시설":0,
            "인프라총점":68.0,
            "초등학군":81.98,
            "중학군":54.04,
            "학군총점":59.628,
            "인구수":42.36,
            "인구증감":9.01,
            "인구총점":32.355,
            "일자리":52.7,
            "소득수준":88.01,
            "일자리총점":63.293,
            "가치 총점":61.9942,
            "매매실거래년":20210914.0,
            "매매실거래가":114000.0,
            "전세실거래년":20220112.0,
            "전세실거래가":42000.0,
            "전세가율":43.3,
            "장기전세가율평균":64.5,
            "전세가율거품지수":21.2,
            "검색코드":12473,
            "세대수":669.0,
            "준공년월":"2005-08-12",
            "준공년차":18.0,
            "가까운역이름":"신풍",
            "가까운역거리":556.28,
            "역세권여부":"준역세권",
            "30분이내주요거점역":3,
            "1시간이내주요거점역":12,
            "3km이내백화점수":4,
            "5km이내아울렛몰수":2,
            "1km이내대형먀트수":0,
            "500m이내은행수":2,
            "500m이내병원수":20,
            "5km이내대형병원수":14,
            "500m이내공원수":0,
            "3km이내혐오시설수":0,
            "초등학교학업성취도":81.98,
            "중학교학업성취도":88.6,
            "용적률":296,
            "건폐율":17,
            "Y":37.495089,
            "X":126.910362,
            "rank":120.0,
            "area_info":"23평(78.82), 32평(106.38), 41평(135.93)",
            "last_sales":"2021-09-14,114000.0,32평(106.38)"
        },
        {
            "index":558,
            "아파트명":"삼성래미안",
            "투자타입":"일반",
            "전용면적(m2)":"76.5",
            "전용면적(평)":"23평",
            "법정동주소":"서울시 영등포구 양평동2가 38-1",
            "도로명주소":"서울시 영등포구 영등포로3길 9",
            "세대수":30,
            "입주년차":0,
            "용적률점수":"--",
            "건폐율점수":"--",
            "세대당주차수":30,
            "난방방식":30,
            "공급면적":"--",
            "전용률":"--",
            "욕실수":50,
            "현관타입":10,
            "주거총점":24.0,
            "지역구공급총점":100.0,
            "역세권":80,
            "30분내 이동가능 거점":60,
            "1시간내 이동가능 거점":100,
            "교통총점":78.0,
            "백화점":100,
            "아울렛몰":0,
            "대형마트":100,
            "은행":0,
            "병원":60,
            "종합병원":100,
            "공원":0,
            "혐오시설":0,
            "인프라총점":71.0,
            "초등학군":86.54,
            "중학군":49.52,
            "학군총점":56.924,
            "인구수":42.36,
            "인구증감":9.01,
            "인구총점":32.355,
            "일자리":52.7,
            "소득수준":88.01,
            "일자리총점":63.293,
            "가치 총점":61.9386,
            "매매실거래년":20210923.0,
            "매매실거래가":94500.0,
            "전세실거래년":20220114.0,
            "전세실거래가":37700.0,
            "전세가율":39.89,
            "장기전세가율평균":64.5,
            "전세가율거품지수":24.61,
            "검색코드":729,
            "세대수":388.0,
            "준공년월":"1998-07-24",
            "준공년차":25.0,
            "가까운역이름":"양평",
            "가까운역거리":294.75,
            "역세권여부":"역세권",
            "30분이내주요거점역":3,
            "1시간이내주요거점역":10,
            "3km이내백화점수":4,
            "5km이내아울렛몰수":0,
            "1km이내대형먀트수":2,
            "500m이내은행수":1,
            "500m이내병원수":10,
            "5km이내대형병원수":13,
            "500m이내공원수":0,
            "3km이내혐오시설수":0,
            "초등학교학업성취도":86.54,
            "중학교학업성취도":81.6,
            "용적률":361,
            "건폐율":24,
            "Y":37.524753,
            "X":126.882632,
            "rank":121.0,
            "area_info":"23평(76.5), 24평(82.29), 32평(109.07), 42평(141.56)",
            "last_sales":"2021-09-23,94500.0,23평(76.5)"
        },
        {
            "index":102,
            "아파트명":"당산현대3차",
            "투자타입":"재건축",
            "전용면적(m2)":"80.2",
            "전용면적(평)":"24평",
            "법정동주소":"서울시 영등포구 당산동4가 88",
            "도로명주소":"서울시 영등포구 당산로41길 23",
            "세대수":50,
            "입주년차":"--",
            "용적률점수":60,
            "건폐율점수":0,
            "세대당주차수":"--",
            "난방방식":"--",
            "공급면적":50,
            "전용률":60,
            "욕실수":"--",
            "현관타입":"--",
            "주거총점":44.5,
            "지역구공급총점":100.0,
            "역세권":50,
            "30분내 이동가능 거점":60,
            "1시간내 이동가능 거점":100,
            "교통총점":63.0,
            "백화점":100,
            "아울렛몰":0,
            "대형마트":80,
            "은행":0,
            "병원":80,
            "종합병원":100,
            "공원":100,
            "혐오시설":0,
            "인프라총점":73.0,
            "초등학군":88.88,
            "중학군":53.46,
            "학군총점":60.544,
            "인구수":42.36,
            "인구증감":9.01,
            "인구총점":32.355,
            "일자리":52.7,
            "소득수준":88.01,
            "일자리총점":63.293,
            "가치 총점":61.9316,
            "매매실거래년":20211229.0,
            "매매실거래가":122000.0,
            "전세실거래년":20220112.0,
            "전세실거래가":37800.0,
            "전세가율":36.0,
            "장기전세가율평균":64.5,
            "전세가율거품지수":28.5,
            "검색코드":691,
            "세대수":509.0,
            "준공년월":"1988-12-28",
            "준공년차":35.0,
            "가까운역이름":"당산",
            "가까운역거리":623.07,
            "역세권여부":"준역세권",
            "30분이내주요거점역":3,
            "1시간이내주요거점역":12,
            "3km이내백화점수":5,
            "5km이내아울렛몰수":0,
            "1km이내대형먀트수":1,
            "500m이내은행수":1,
            "500m이내병원수":33,
            "5km이내대형병원수":13,
            "500m이내공원수":4,
            "3km이내혐오시설수":0,
            "초등학교학업성취도":88.88,
            "중학교학업성취도":88.1,
            "용적률":248,
            "건폐율":0,
            "Y":37.531423,
            "X":126.896279,
            "rank":122.0,
            "area_info":"24평(80.2), 25평(85.4), 30평(100.51), 30평(100.66), 30평(102.17)",
            "last_sales":"2021-12-29,122000.0,30평(100.51)"
        },
        {
            "index":604,
            "아파트명":"현대2차",
            "투자타입":"재건축",
            "전용면적(m2)":"98.24",
            "전용면적(평)":"29평",
            "법정동주소":"서울시 영등포구 양평동3가 79-4",
            "도로명주소":"서울시 영등포구 선유동2로 29",
            "세대수":30,
            "입주년차":"--",
            "용적률점수":60,
            "건폐율점수":80,
            "세대당주차수":"--",
            "난방방식":"--",
            "공급면적":70,
            "전용률":80,
            "욕실수":"--",
            "현관타입":"--",
            "주거총점":56.5,
            "지역구공급총점":100.0,
            "역세권":50,
            "30분내 이동가능 거점":40,
            "1시간내 이동가능 거점":60,
            "교통총점":49.0,
            "백화점":100,
            "아울렛몰":0,
            "대형마트":80,
            "은행":100,
            "병원":80,
            "종합병원":100,
            "공원":100,
            "혐오시설":0,
            "인프라총점":83.0,
            "초등학군":85.16,
            "중학군":49.84,
            "학군총점":56.904,
            "인구수":42.36,
            "인구증감":9.01,
            "인구총점":32.355,
            "일자리":52.7,
            "소득수준":88.01,
            "일자리총점":63.293,
            "가치 총점":61.8856,
            "매매실거래년":20210615.0,
            "매매실거래가":97500.0,
            "전세실거래년":20211223.0,
            "전세실거래가":44000.0,
            "전세가율":45.13,
            "장기전세가율평균":64.5,
            "전세가율거품지수":19.37,
            "검색코드":737,
            "세대수":312.0,
            "준공년월":"1990-08-18",
            "준공년차":33.0,
            "가까운역이름":"당산",
            "가까운역거리":604.2,
            "역세권여부":"준역세권",
            "30분이내주요거점역":2,
            "1시간이내주요거점역":6,
            "3km이내백화점수":5,
            "5km이내아울렛몰수":0,
            "1km이내대형먀트수":1,
            "500m이내은행수":5,
            "500m이내병원수":38,
            "5km이내대형병원수":13,
            "500m이내공원수":3,
            "3km이내혐오시설수":0,
            "초등학교학업성취도":85.16,
            "중학교학업성취도":81.4,
            "용적률":248,
            "건폐율":21,
            "Y":37.532258,
            "X":126.895973,
            "rank":123.0,
            "area_info":"29평(98.24)",
            "last_sales":"2021-06-15,97500.0,29평(98.24)"
        },
        {
            "index":8,
            "아파트명":"리버뷰(도시형)",
            "투자타입":"일반",
            "전용면적(m2)":"22.18",
            "전용면적(평)":"6평",
            "법정동주소":"서울시 영등포구 당산동 121-130",
            "도로명주소":"서울시 영등포구 버드나루로 97",
            "세대수":0,
            "입주년차":80,
            "용적률점수":"--",
            "건폐율점수":"--",
            "세대당주차수":0,
            "난방방식":30,
            "공급면적":"--",
            "전용률":"--",
            "욕실수":50,
            "현관타입":100,
            "주거총점":34.0,
            "지역구공급총점":100.0,
            "역세권":50,
            "30분내 이동가능 거점":60,
            "1시간내 이동가능 거점":100,
            "교통총점":63.0,
            "백화점":100,
            "아울렛몰":0,
            "대형마트":100,
            "은행":70,
            "병원":60,
            "종합병원":100,
            "공원":100,
            "혐오시설":0,
            "인프라총점":81.0,
            "초등학군":89.06,
            "중학군":50.3,
            "학군총점":58.052,
            "인구수":42.36,
            "인구증감":9.01,
            "인구총점":32.355,
            "일자리":52.7,
            "소득수준":88.01,
            "일자리총점":63.293,
            "가치 총점":61.8578,
            "매매실거래년":20211228.0,
            "매매실거래가":15300.0,
            "전세실거래년":20211117.0,
            "전세실거래가":15300.0,
            "전세가율":102.0,
            "장기전세가율평균":64.5,
            "전세가율거품지수":-37.5,
            "검색코드":110880,
            "세대수":149.0,
            "준공년월":"2015-06-09",
            "준공년차":8.0,
            "가까운역이름":"영등포시장",
            "가까운역거리":554.74,
            "역세권여부":"준역세권",
            "30분이내주요거점역":3,
            "1시간이내주요거점역":13,
            "3km이내백화점수":5,
            "5km이내아울렛몰수":0,
            "1km이내대형먀트수":2,
            "500m이내은행수":3,
            "500m이내병원수":11,
            "5km이내대형병원수":13,
            "500m이내공원수":3,
            "3km이내혐오시설수":0,
            "초등학교학업성취도":89.06,
            "중학교학업성취도":83.1,
            "용적률":660,
            "건폐율":56,
            "Y":37.526949,
            "X":126.908371,
            "rank":124.0,
            "area_info":"6평(22.18), 6평(22.87), 8평(26.85), 8평(26.9), 8평(27.56), 8평(27.28), 8평(27.57), 8평(28.26)",
            "last_sales":"2021-12-28,15300.0,6평(22.87)"
        },
        {
            "index":279,
            "아파트명":"도림청구",
            "투자타입":"일반",
            "전용면적(m2)":"58.4",
            "전용면적(평)":"17평",
            "법정동주소":"서울시 영등포구 도림동 221-1",
            "도로명주소":"서울시 영등포구 도영로7길 7",
            "세대수":0,
            "입주년차":0,
            "용적률점수":"--",
            "건폐율점수":"--",
            "세대당주차수":30,
            "난방방식":30,
            "공급면적":"--",
            "전용률":"--",
            "욕실수":50,
            "현관타입":10,
            "주거총점":13.5,
            "지역구공급총점":100.0,
            "역세권":80,
            "30분내 이동가능 거점":60,
            "1시간내 이동가능 거점":100,
            "교통총점":78.0,
            "백화점":100,
            "아울렛몰":100,
            "대형마트":100,
            "은행":0,
            "병원":10,
            "종합병원":100,
            "공원":0,
            "혐오시설":0,
            "인프라총점":76.0,
            "초등학군":82.03,
            "중학군":54.7,
            "학군총점":60.166,
            "인구수":42.36,
            "인구증감":9.01,
            "인구총점":32.355,
            "일자리":52.7,
            "소득수준":88.01,
            "일자리총점":63.293,
            "가치 총점":61.8249,
            "매매실거래년":20211117.0,
            "매매실거래가":50000.0,
            "전세실거래년":20210716.0,
            "전세실거래가":18900.0,
            "전세가율":37.8,
            "장기전세가율평균":64.5,
            "전세가율거품지수":26.7,
            "검색코드":699,
            "세대수":200.0,
            "준공년월":"1997-11-28",
            "준공년차":26.0,
            "가까운역이름":"신도림",
            "가까운역거리":386.66,
            "역세권여부":"역세권",
            "30분이내주요거점역":3,
            "1시간이내주요거점역":14,
            "3km이내백화점수":4,
            "5km이내아울렛몰수":2,
            "1km이내대형먀트수":3,
            "500m이내은행수":1,
            "500m이내병원수":4,
            "5km이내대형병원수":14,
            "500m이내공원수":0,
            "3km이내혐오시설수":0,
            "초등학교학업성취도":82.03,
            "중학교학업성취도":89.9,
            "용적률":279,
            "건폐율":27,
            "Y":37.509287,
            "X":126.895621,
            "rank":125.0,
            "area_info":"17평(58.4), 17평(58.13), 32평(108.58), 48평(160.85)",
            "last_sales":"2021-11-17,50000.0,17평(58.4)"
        },
        {
            "index":322,
            "아파트명":"문래해태",
            "투자타입":"일반",
            "전용면적(m2)":"72.74",
            "전용면적(평)":"22평",
            "법정동주소":"서울시 영등포구 문래동3가 13",
            "도로명주소":"서울시 영등포구 영신로25길 8",
            "세대수":0,
            "입주년차":20,
            "용적률점수":"--",
            "건폐율점수":"--",
            "세대당주차수":0,
            "난방방식":30,
            "공급면적":"--",
            "전용률":"--",
            "욕실수":50,
            "현관타입":10,
            "주거총점":13.0,
            "지역구공급총점":100.0,
            "역세권":50,
            "30분내 이동가능 거점":60,
            "1시간내 이동가능 거점":100,
            "교통총점":63.0,
            "백화점":100,
            "아울렛몰":100,
            "대형마트":100,
            "은행":100,
            "병원":100,
            "종합병원":100,
            "공원":0,
            "혐오시설":0,
            "인프라총점":95.0,
            "초등학군":82.03,
            "중학군":51.68,
            "학군총점":57.75,
            "인구수":42.36,
            "인구증감":9.01,
            "인구총점":32.355,
            "일자리":52.7,
            "소득수준":88.01,
            "일자리총점":63.293,
            "가치 총점":61.8125,
            "매매실거래년":20190701.0,
            "매매실거래가":37000.0,
            "전세실거래년":null,
            "전세실거래가":null,
            "전세가율":null,
            "장기전세가율평균":64.5,
            "전세가율거품지수":null,
            "검색코드":1213,
            "세대수":101.0,
            "준공년월":"1999-09-09",
            "준공년차":24.0,
            "가까운역이름":"문래",
            "가까운역거리":583.72,
            "역세권여부":"준역세권",
            "30분이내주요거점역":3,
            "1시간이내주요거점역":11,
            "3km이내백화점수":5,
            "5km이내아울렛몰수":2,
            "1km이내대형먀트수":2,
            "500m이내은행수":10,
            "500m이내병원수":68,
            "5km이내대형병원수":13,
            "500m이내공원수":0,
            "3km이내혐오시설수":0,
            "초등학교학업성취도":82.03,
            "중학교학업성취도":83.8,
            "용적률":400,
            "건폐율":26,
            "Y":37.517225,
            "X":126.901318,
            "rank":126.0,
            "area_info":"22평(72.74), 22평(73.58), 22평(73.59), 22평(74.08), 24평(81.32), 31평(103.04), 31평(104.91), 31평(105.05)",
            "last_sales":"2019-07-01,37000.0,31평(105.05)"
        },
        {
            "index":582,
            "아파트명":"양평삼호",
            "투자타입":"일반",
            "전용면적(m2)":"84.12",
            "전용면적(평)":"25평",
            "법정동주소":"서울시 영등포구 양평동3가 66",
            "도로명주소":"서울시 영등포구 선유로 172",
            "세대수":0,
            "입주년차":0,
            "용적률점수":"--",
            "건폐율점수":"--",
            "세대당주차수":30,
            "난방방식":30,
            "공급면적":"--",
            "전용률":"--",
            "욕실수":50,
            "현관타입":10,
            "주거총점":13.5,
            "지역구공급총점":100.0,
            "역세권":80,
            "30분내 이동가능 거점":60,
            "1시간내 이동가능 거점":100,
            "교통총점":78.0,
            "백화점":100,
            "아울렛몰":0,
            "대형마트":80,
            "은행":70,
            "병원":60,
            "종합병원":100,
            "공원":80,
            "혐오시설":0,
            "인프라총점":77.4,
            "초등학군":86.54,
            "중학군":49.84,
            "학군총점":57.18,
            "인구수":42.36,
            "인구증감":9.01,
            "인구총점":32.355,
            "일자리":52.7,
            "소득수준":88.01,
            "일자리총점":63.293,
            "가치 총점":61.797,
            "매매실거래년":20210825.0,
            "매매실거래가":80200.0,
            "전세실거래년":20220105.0,
            "전세실거래가":35700.0,
            "전세가율":44.51,
            "장기전세가율평균":64.5,
            "전세가율거품지수":19.99,
            "검색코드":679,
            "세대수":213.0,
            "준공년월":"1998-05-08",
            "준공년차":25.0,
            "가까운역이름":"영등포구청",
            "가까운역거리":467.48,
            "역세권여부":"역세권",
            "30분이내주요거점역":3,
            "1시간이내주요거점역":10,
            "3km이내백화점수":4,
            "5km이내아울렛몰수":0,
            "1km이내대형먀트수":1,
            "500m이내은행수":3,
            "500m이내병원수":24,
            "5km이내대형병원수":13,
            "500m이내공원수":1,
            "3km이내혐오시설수":0,
            "초등학교학업성취도":86.54,
            "중학교학업성취도":81.4,
            "용적률":371,
            "건폐율":24,
            "Y":37.528418,
            "X":126.892918,
            "rank":127.0,
            "area_info":"25평(84.12), 33평(109.12)",
            "last_sales":"2021-08-25,80200.0,25평(84.12)"
        },
        {
            "index":593,
            "아파트명":"양평우림루미아트",
            "투자타입":"일반",
            "전용면적(m2)":"74.09",
            "전용면적(평)":"22평",
            "법정동주소":"서울시 영등포구 양평동3가 102",
            "도로명주소":"서울시 영등포구 선유로33길 23",
            "세대수":0,
            "입주년차":40,
            "용적률점수":"--",
            "건폐율점수":"--",
            "세대당주차수":30,
            "난방방식":30,
            "공급면적":"--",
            "전용률":"--",
            "욕실수":50,
            "현관타입":100,
            "주거총점":30.5,
            "지역구공급총점":100.0,
            "역세권":80,
            "30분내 이동가능 거점":40,
            "1시간내 이동가능 거점":100,
            "교통총점":72.0,
            "백화점":100,
            "아울렛몰":0,
            "대형마트":80,
            "은행":20,
            "병원":60,
            "종합병원":100,
            "공원":80,
            "혐오시설":0,
            "인프라총점":72.4,
            "초등학군":86.54,
            "중학군":49.52,
            "학군총점":56.924,
            "인구수":42.36,
            "인구증감":9.01,
            "인구총점":32.355,
            "일자리":52.7,
            "소득수준":88.01,
            "일자리총점":63.293,
            "가치 총점":61.5586,
            "매매실거래년":20200818.0,
            "매매실거래가":83000.0,
            "전세실거래년":20110625.0,
            "전세실거래가":20000.0,
            "전세가율":42.83,
            "장기전세가율평균":64.5,
            "전세가율거품지수":21.67,
            "검색코드":26771,
            "세대수":170.0,
            "준공년월":"2004-10-12",
            "준공년차":19.0,
            "가까운역이름":"양평",
            "가까운역거리":223.64,
            "역세권여부":"역세권",
            "30분이내주요거점역":2,
            "1시간이내주요거점역":10,
            "3km이내백화점수":4,
            "5km이내아울렛몰수":0,
            "1km이내대형먀트수":1,
            "500m이내은행수":2,
            "500m이내병원수":10,
            "5km이내대형병원수":13,
            "500m이내공원수":1,
            "3km이내혐오시설수":0,
            "초등학교학업성취도":86.54,
            "중학교학업성취도":81.6,
            "용적률":289,
            "건폐율":28,
            "Y":37.526633,
            "X":126.887989,
            "rank":128.0,
            "area_info":"22평(74.09), 23평(77.25), 30평(99.4), 31평(102.61), 31평(103.48), 31평(103.48), 31평(103.04), 31평(103.66)",
            "last_sales":"2020-08-18,83000.0,31평(103.66)"
        },
        {
            "index":283,
            "아파트명":"동아에코빌",
            "투자타입":"일반",
            "전용면적(m2)":"84.03",
            "전용면적(평)":"25평",
            "법정동주소":"서울시 영등포구 도림동 165-1",
            "도로명주소":"서울시 영등포구 도림로 365",
            "세대수":30,
            "입주년차":20,
            "용적률점수":"--",
            "건폐율점수":"--",
            "세대당주차수":30,
            "난방방식":30,
            "공급면적":"--",
            "전용률":"--",
            "욕실수":50,
            "현관타입":10,
            "주거총점":28.0,
            "지역구공급총점":100.0,
            "역세권":50,
            "30분내 이동가능 거점":80,
            "1시간내 이동가능 거점":100,
            "교통총점":69.0,
            "백화점":100,
            "아울렛몰":100,
            "대형마트":100,
            "은행":0,
            "병원":60,
            "종합병원":100,
            "공원":100,
            "혐오시설":0,
            "인프라총점":84.0,
            "초등학군":77.09,
            "중학군":35.74,
            "학군총점":44.01,
            "인구수":42.36,
            "인구증감":9.01,
            "인구총점":32.355,
            "일자리":52.7,
            "소득수준":88.01,
            "일자리총점":63.293,
            "가치 총점":61.5515,
            "매매실거래년":20201229.0,
            "매매실거래가":89900.0,
            "전세실거래년":20201205.0,
            "전세실거래가":34500.0,
            "전세가율":46.62,
            "장기전세가율평균":64.5,
            "전세가율거품지수":17.88,
            "검색코드":1211,
            "세대수":346.0,
            "준공년월":"2000-01-28",
            "준공년차":23.0,
            "가까운역이름":"신도림",
            "가까운역거리":652.21,
            "역세권여부":"준역세권",
            "30분이내주요거점역":4,
            "1시간이내주요거점역":13,
            "3km이내백화점수":4,
            "5km이내아울렛몰수":2,
            "1km이내대형먀트수":2,
            "500m이내은행수":0,
            "500m이내병원수":20,
            "5km이내대형병원수":14,
            "500m이내공원수":2,
            "3km이내혐오시설수":0,
            "초등학교학업성취도":77.09,
            "중학교학업성취도":59.3,
            "용적률":379,
            "건폐율":24,
            "Y":37.509046,
            "X":126.898678,
            "rank":129.0,
            "area_info":"25평(84.03), 25평(84.04), 32평(108.8), 43평(143.45), 55평(182.75)",
            "last_sales":"2020-12-29,89900.0,32평(108.8)"
        },
        {
            "index":226,
            "아파트명":"보라매신동아파밀리에",
            "투자타입":"일반",
            "전용면적(m2)":"79.27",
            "전용면적(평)":"23평",
            "법정동주소":"서울시 영등포구 대림동 1125",
            "도로명주소":"서울시 영등포구 디지털로 420",
            "세대수":0,
            "입주년차":80,
            "용적률점수":"--",
            "건폐율점수":"--",
            "세대당주차수":30,
            "난방방식":30,
            "공급면적":"--",
            "전용률":"--",
            "욕실수":100,
            "현관타입":100,
            "주거총점":43.5,
            "지역구공급총점":100.0,
            "역세권":50,
            "30분내 이동가능 거점":60,
            "1시간내 이동가능 거점":100,
            "교통총점":63.0,
            "백화점":100,
            "아울렛몰":100,
            "대형마트":0,
            "은행":70,
            "병원":80,
            "종합병원":100,
            "공원":100,
            "혐오시설":0,
            "인프라총점":78.0,
            "초등학군":100.0,
            "중학군":36.18,
            "학군총점":48.944,
            "인구수":42.36,
            "인구증감":9.01,
            "인구총점":32.355,
            "일자리":52.7,
            "소득수준":88.01,
            "일자리총점":63.293,
            "가치 총점":61.4916,
            "매매실거래년":20210918.0,
            "매매실거래가":95000.0,
            "전세실거래년":20211010.0,
            "전세실거래가":69000.0,
            "전세가율":72.63,
            "장기전세가율평균":64.5,
            "전세가율거품지수":-8.13,
            "검색코드":109219,
            "세대수":247.0,
            "준공년월":"2016-07-29",
            "준공년차":7.0,
            "가까운역이름":"대림",
            "가까운역거리":820.68,
            "역세권여부":"준역세권",
            "30분이내주요거점역":3,
            "1시간이내주요거점역":13,
            "3km이내백화점수":4,
            "5km이내아울렛몰수":2,
            "1km이내대형먀트수":0,
            "500m이내은행수":4,
            "500m이내병원수":37,
            "5km이내대형병원수":13,
            "500m이내공원수":3,
            "3km이내혐오시설수":0,
            "초등학교학업성취도":100.0,
            "중학교학업성취도":60.3,
            "용적률":241,
            "건폐율":20,
            "Y":37.493128,
            "X":126.905101,
            "rank":130.0,
            "area_info":"23평(79.27), 33평(111.58), 33평(111.05), 33평(111.15), 33평(112.07)",
            "last_sales":"2021-09-18,95000.0,23평(79.27)"
        },
        {
            "index":170,
            "아파트명":"유탑유블레스2차(도시형)",
            "투자타입":"일반",
            "전용면적(m2)":"21.8",
            "전용면적(평)":"6평",
            "법정동주소":"서울시 영등포구 당산동6가 336-4",
            "도로명주소":"서울시 영등포구 당산로49길 11-4",
            "세대수":0,
            "입주년차":60,
            "용적률점수":"--",
            "건폐율점수":"--",
            "세대당주차수":0,
            "난방방식":30,
            "공급면적":"--",
            "전용률":"--",
            "욕실수":50,
            "현관타입":100,
            "주거총점":30.0,
            "지역구공급총점":100.0,
            "역세권":80,
            "30분내 이동가능 거점":60,
            "1시간내 이동가능 거점":80,
            "교통총점":74.0,
            "백화점":100,
            "아울렛몰":0,
            "대형마트":0,
            "은행":70,
            "병원":80,
            "종합병원":100,
            "공원":100,
            "혐오시설":0,
            "인프라총점":68.0,
            "초등학군":88.88,
            "중학군":53.46,
            "학군총점":60.544,
            "인구수":42.36,
            "인구증감":9.01,
            "인구총점":32.355,
            "일자리":52.7,
            "소득수준":88.01,
            "일자리총점":63.293,
            "가치 총점":61.3816,
            "매매실거래년":20211206.0,
            "매매실거래가":17000.0,
            "전세실거래년":20210927.0,
            "전세실거래가":17000.0,
            "전세가율":100.0,
            "장기전세가율평균":64.5,
            "전세가율거품지수":-35.5,
            "검색코드":105655,
            "세대수":103.0,
            "준공년월":"2012-12-03",
            "준공년차":11.0,
            "가까운역이름":"당산",
            "가까운역거리":167.19,
            "역세권여부":"역세권",
            "30분이내주요거점역":3,
            "1시간이내주요거점역":8,
            "3km이내백화점수":4,
            "5km이내아울렛몰수":0,
            "1km이내대형먀트수":0,
            "500m이내은행수":4,
            "500m이내병원수":58,
            "5km이내대형병원수":9,
            "500m이내공원수":3,
            "3km이내혐오시설수":0,
            "초등학교학업성취도":88.88,
            "중학교학업성취도":88.1,
            "용적률":347,
            "건폐율":48,
            "Y":37.535696,
            "X":126.901364,
            "rank":131.0,
            "area_info":"6평(21.8), 6평(21.31)",
            "last_sales":"2021-12-06,17000.0,6평(21.8)"
        },
        {
            "index":463,
            "아파트명":"신길뉴타운한화꿈에그린",
            "투자타입":"일반",
            "전용면적(m2)":"106.28",
            "전용면적(평)":"32평",
            "법정동주소":"서울시 영등포구 신길동 4937",
            "도로명주소":"서울시 영등포구 신길로 119",
            "세대수":0,
            "입주년차":40,
            "용적률점수":"--",
            "건폐율점수":"--",
            "세대당주차수":60,
            "난방방식":30,
            "공급면적":"--",
            "전용률":"--",
            "욕실수":100,
            "현관타입":100,
            "주거총점":40.0,
            "지역구공급총점":100.0,
            "역세권":80,
            "30분내 이동가능 거점":40,
            "1시간내 이동가능 거점":90,
            "교통총점":70.0,
            "백화점":100,
            "아울렛몰":100,
            "대형마트":0,
            "은행":0,
            "병원":80,
            "종합병원":100,
            "공원":100,
            "혐오시설":0,
            "인프라총점":71.0,
            "초등학군":100.0,
            "중학군":35.74,
            "학군총점":48.592,
            "인구수":42.36,
            "인구증감":9.01,
            "인구총점":32.355,
            "일자리":52.7,
            "소득수준":88.01,
            "일자리총점":63.293,
            "가치 총점":61.0888,
            "매매실거래년":20210723.0,
            "매매실거래가":129800.0,
            "전세실거래년":20211204.0,
            "전세실거래가":48300.0,
            "전세가율":37.21,
            "장기전세가율평균":64.5,
            "전세가율거품지수":27.29,
            "검색코드":24399,
            "세대수":284.0,
            "준공년월":"2008-06-26",
            "준공년차":15.0,
            "가까운역이름":"신풍",
            "가까운역거리":350.88,
            "역세권여부":"역세권",
            "30분이내주요거점역":2,
            "1시간이내주요거점역":9,
            "3km이내백화점수":4,
            "5km이내아울렛몰수":2,
            "1km이내대형먀트수":0,
            "500m이내은행수":1,
            "500m이내병원수":35,
            "5km이내대형병원수":15,
            "500m이내공원수":4,
            "3km이내혐오시설수":0,
            "초등학교학업성취도":100.0,
            "중학교학업성취도":59.3,
            "용적률":216,
            "건폐율":16,
            "Y":37.503228,
            "X":126.909655,
            "rank":132.0,
            "area_info":"32평(106.28), 32평(106.42), 38평(125.99), 45평(150.1)",
            "last_sales":"2021-07-23,129800.0,32평(106.28)"
        },
        {
            "index":622,
            "아파트명":"양평한신",
            "투자타입":"일반",
            "전용면적(m2)":"83.98",
            "전용면적(평)":"25평",
            "법정동주소":"서울시 영등포구 양평동5가 76",
            "도로명주소":"서울시 영등포구 양평로24길 9",
            "세대수":90,
            "입주년차":0,
            "용적률점수":"--",
            "건폐율점수":"--",
            "세대당주차수":0,
            "난방방식":80,
            "공급면적":"--",
            "전용률":"--",
            "욕실수":50,
            "현관타입":10,
            "주거총점":45.5,
            "지역구공급총점":100.0,
            "역세권":80,
            "30분내 이동가능 거점":60,
            "1시간내 이동가능 거점":80,
            "교통총점":74.0,
            "백화점":100,
            "아울렛몰":0,
            "대형마트":0,
            "은행":20,
            "병원":60,
            "종합병원":100,
            "공원":0,
            "혐오시설":-50,
            "인프라총점":57.0,
            "초등학군":80.39,
            "중학군":54.8,
            "학군총점":59.918,
            "인구수":42.36,
            "인구증감":9.01,
            "인구총점":32.355,
            "일자리":52.7,
            "소득수준":88.01,
            "일자리총점":63.293,
            "가치 총점":61.0877,
            "매매실거래년":20211209.0,
            "매매실거래가":90000.0,
            "전세실거래년":20220118.0,
            "전세실거래가":37800.0,
            "전세가율":42.0,
            "장기전세가율평균":64.5,
            "전세가율거품지수":22.5,
            "검색코드":735,
            "세대수":1215.0,
            "준공년월":"1996-04-01",
            "준공년차":27.0,
            "가까운역이름":"선유도",
            "가까운역거리":276.72,
            "역세권여부":"역세권",
            "30분이내주요거점역":3,
            "1시간이내주요거점역":8,
            "3km이내백화점수":2,
            "5km이내아울렛몰수":0,
            "1km이내대형먀트수":0,
            "500m이내은행수":2,
            "500m이내병원수":10,
            "5km이내대형병원수":8,
            "500m이내공원수":0,
            "3km이내혐오시설수":1,
            "초등학교학업성취도":80.39,
            "중학교학업성취도":90.4,
            "용적률":282,
            "건폐율":29,
            "Y":37.540232,
            "X":126.892087,
            "rank":133.0,
            "area_info":"25평(83.98), 33평(109.97)",
            "last_sales":"2021-12-09,90000.0,25평(83.98)"
        },
        {
            "index":338,
            "아파트명":"문래대림",
            "투자타입":"일반",
            "전용면적(m2)":"81.52",
            "전용면적(평)":"24평",
            "법정동주소":"서울시 영등포구 문래동5가 1",
            "도로명주소":"서울시 영등포구 선유로 33",
            "세대수":0,
            "입주년차":20,
            "용적률점수":"--",
            "건폐율점수":"--",
            "세대당주차수":30,
            "난방방식":30,
            "공급면적":"--",
            "전용률":"--",
            "욕실수":50,
            "현관타입":10,
            "주거총점":17.5,
            "지역구공급총점":100.0,
            "역세권":50,
            "30분내 이동가능 거점":60,
            "1시간내 이동가능 거점":90,
            "교통총점":61.0,
            "백화점":100,
            "아울렛몰":100,
            "대형마트":100,
            "은행":70,
            "병원":60,
            "종합병원":100,
            "공원":100,
            "혐오시설":0,
            "인프라총점":91.0,
            "초등학군":90.47,
            "중학군":49.52,
            "학군총점":57.71,
            "인구수":42.36,
            "인구증감":9.01,
            "인구총점":32.355,
            "일자리":52.7,
            "소득수준":88.01,
            "일자리총점":63.293,
            "가치 총점":60.8065,
            "매매실거래년":20211022.0,
            "매매실거래가":80500.0,
            "전세실거래년":20211113.0,
            "전세실거래가":52500.0,
            "전세가율":65.22,
            "장기전세가율평균":64.5,
            "전세가율거품지수":-0.72,
            "검색코드":3790,
            "세대수":200.0,
            "준공년월":"2000-01-28",
            "준공년차":23.0,
            "가까운역이름":"도림천",
            "가까운역거리":562.4,
            "역세권여부":"준역세권",
            "30분이내주요거점역":3,
            "1시간이내주요거점역":9,
            "3km이내백화점수":4,
            "5km이내아울렛몰수":2,
            "1km이내대형먀트수":2,
            "500m이내은행수":3,
            "500m이내병원수":28,
            "5km이내대형병원수":13,
            "500m이내공원수":4,
            "3km이내혐오시설수":0,
            "초등학교학업성취도":90.47,
            "중학교학업성취도":81.6,
            "용적률":429,
            "건폐율":53,
            "Y":37.517092,
            "X":126.888074,
            "rank":134.0,
            "area_info":"24평(81.52), 33평(109.25), 37평(124.04)",
            "last_sales":"2021-10-22,80500.0,24평(81.52)"
        },
        {
            "index":382,
            "아파트명":"현대1차",
            "투자타입":"재건축",
            "전용면적(m2)":"85.85",
            "전용면적(평)":"25평",
            "법정동주소":"서울시 영등포구 문래동6가 46",
            "도로명주소":"서울시 영등포구 문래로4길 14",
            "세대수":0,
            "입주년차":"--",
            "용적률점수":60,
            "건폐율점수":100,
            "세대당주차수":"--",
            "난방방식":"--",
            "공급면적":70,
            "전용률":60,
            "욕실수":"--",
            "현관타입":"--",
            "주거총점":50.5,
            "지역구공급총점":100.0,
            "역세권":50,
            "30분내 이동가능 거점":80,
            "1시간내 이동가능 거점":70,
            "교통총점":63.0,
            "백화점":100,
            "아울렛몰":100,
            "대형마트":0,
            "은행":0,
            "병원":30,
            "종합병원":100,
            "공원":100,
            "혐오시설":0,
            "인프라총점":66.0,
            "초등학군":90.47,
            "중학군":49.52,
            "학군총점":57.71,
            "인구수":42.36,
            "인구증감":9.01,
            "인구총점":32.355,
            "일자리":52.7,
            "소득수준":88.01,
            "일자리총점":63.293,
            "가치 총점":60.6065,
            "매매실거래년":20200624.0,
            "매매실거래가":63000.0,
            "전세실거래년":20201128.0,
            "전세실거래가":40000.0,
            "전세가율":63.49,
            "장기전세가율평균":64.5,
            "전세가율거품지수":1.01,
            "검색코드":710,
            "세대수":264.0,
            "준공년월":"1986-12-30",
            "준공년차":37.0,
            "가까운역이름":"도림천",
            "가까운역거리":599.92,
            "역세권여부":"준역세권",
            "30분이내주요거점역":4,
            "1시간이내주요거점역":7,
            "3km이내백화점수":4,
            "5km이내아울렛몰수":2,
            "1km이내대형먀트수":0,
            "500m이내은행수":1,
            "500m이내병원수":8,
            "5km이내대형병원수":13,
            "500m이내공원수":2,
            "3km이내혐오시설수":0,
            "초등학교학업성취도":90.47,
            "중학교학업성취도":81.6,
            "용적률":221,
            "건폐율":16,
            "Y":37.519682,
            "X":126.882832,
            "rank":135.0,
            "area_info":"25평(85.85), 30평(99.66)",
            "last_sales":"2020-06-24,63000.0,25평(85.85)"
        },
        {
            "index":449,
            "아파트명":"삼성래미안",
            "투자타입":"일반",
            "전용면적(m2)":"79.35",
            "전용면적(평)":"24평",
            "법정동주소":"서울시 영등포구 신길동 4934",
            "도로명주소":"서울시 영등포구 가마산로79길 7",
            "세대수":90,
            "입주년차":20,
            "용적률점수":"--",
            "건폐율점수":"--",
            "세대당주차수":0,
            "난방방식":30,
            "공급면적":"--",
            "전용률":"--",
            "욕실수":50,
            "현관타입":50,
            "주거총점":48.5,
            "지역구공급총점":100.0,
            "역세권":50,
            "30분내 이동가능 거점":60,
            "1시간내 이동가능 거점":100,
            "교통총점":63.0,
            "백화점":100,
            "아울렛몰":100,
            "대형마트":0,
            "은행":0,
            "병원":60,
            "종합병원":100,
            "공원":100,
            "혐오시설":0,
            "인프라총점":69.0,
            "초등학군":100.0,
            "중학군":42.56,
            "학군총점":54.048,
            "인구수":42.36,
            "인구증감":9.01,
            "인구총점":32.355,
            "일자리":52.7,
            "소득수준":88.01,
            "일자리총점":63.293,
            "가치 총점":60.5572,
            "매매실거래년":20211106.0,
            "매매실거래가":102500.0,
            "전세실거래년":20211213.0,
            "전세실거래가":53000.0,
            "전세가율":59.89,
            "장기전세가율평균":64.5,
            "전세가율거품지수":4.61,
            "검색코드":3793,
            "세대수":1213.0,
            "준공년월":"2001-06-15",
            "준공년차":22.0,
            "가까운역이름":"신풍",
            "가까운역거리":783.24,
            "역세권여부":"준역세권",
            "30분이내주요거점역":3,
            "1시간이내주요거점역":10,
            "3km이내백화점수":5,
            "5km이내아울렛몰수":2,
            "1km이내대형먀트수":0,
            "500m이내은행수":0,
            "500m이내병원수":24,
            "5km이내대형병원수":13,
            "500m이내공원수":2,
            "3km이내혐오시설수":0,
            "초등학교학업성취도":100.0,
            "중학교학업성취도":69.8,
            "용적률":289,
            "건폐율":20,
            "Y":37.505743,
            "X":126.91521,
            "rank":136.0,
            "area_info":"24평(79.35), 24평(79.59), 32평(107.62), 32평(108.06), 34평(113.48), 42평(141.29)",
            "last_sales":"2021-11-06,102500.0,32평(108.06)"
        },
        {
            "index":517,
            "아파트명":"여의도리버뷰(도시형)",
            "투자타입":"일반",
            "전용면적(m2)":"22.27",
            "전용면적(평)":"6평",
            "법정동주소":"서울시 영등포구 신길동 4942",
            "도로명주소":"서울시 영등포구 여의대방로61길 50",
            "세대수":0,
            "입주년차":60,
            "용적률점수":"--",
            "건폐율점수":"--",
            "세대당주차수":0,
            "난방방식":30,
            "공급면적":"--",
            "전용률":"--",
            "욕실수":50,
            "현관타입":10,
            "주거총점":21.0,
            "지역구공급총점":100.0,
            "역세권":80,
            "30분내 이동가능 거점":60,
            "1시간내 이동가능 거점":100,
            "교통총점":78.0,
            "백화점":100,
            "아울렛몰":0,
            "대형마트":80,
            "은행":0,
            "병원":30,
            "종합병원":100,
            "공원":80,
            "혐오시설":0,
            "인프라총점":67.4,
            "초등학군":85.0,
            "중학군":51.88,
            "학군총점":58.504,
            "인구수":42.36,
            "인구증감":9.01,
            "인구총점":32.355,
            "일자리":52.7,
            "소득수준":88.01,
            "일자리총점":63.293,
            "가치 총점":60.4956,
            "매매실거래년":20220113.0,
            "매매실거래가":11500.0,
            "전세실거래년":20210716.0,
            "전세실거래가":13200.0,
            "전세가율":120.0,
            "장기전세가율평균":64.5,
            "전세가율거품지수":-55.5,
            "검색코드":106001,
            "세대수":125.0,
            "준공년월":"2012-12-31",
            "준공년차":11.0,
            "가까운역이름":"신길",
            "가까운역거리":378.75,
            "역세권여부":"역세권",
            "30분이내주요거점역":3,
            "1시간이내주요거점역":13,
            "3km이내백화점수":5,
            "5km이내아울렛몰수":0,
            "1km이내대형먀트수":1,
            "500m이내은행수":1,
            "500m이내병원수":6,
            "5km이내대형병원수":12,
            "500m이내공원수":1,
            "3km이내혐오시설수":0,
            "초등학교학업성취도":85.0,
            "중학교학업성취도":84.6,
            "용적률":199,
            "건폐율":51,
            "Y":37.51622,
            "X":126.92131,
            "rank":137.0,
            "area_info":"6평(22.27), 6평(22.47)",
            "last_sales":"2022-01-13,11500.0,6평(22.47)"
        },
        {
            "index":347,
            "아파트명":"문래현대5차",
            "투자타입":"재건축",
            "전용면적(m2)":"102.3",
            "전용면적(평)":"30평",
            "법정동주소":"서울시 영등포구 문래동5가 23-1",
            "도로명주소":"서울시 영등포구 선유서로9길 5",
            "세대수":0,
            "입주년차":"--",
            "용적률점수":20,
            "건폐율점수":80,
            "세대당주차수":"--",
            "난방방식":"--",
            "공급면적":90,
            "전용률":80,
            "욕실수":"--",
            "현관타입":"--",
            "주거총점":32.5,
            "지역구공급총점":100.0,
            "역세권":80,
            "30분내 이동가능 거점":40,
            "1시간내 이동가능 거점":60,
            "교통총점":64.0,
            "백화점":100,
            "아울렛몰":100,
            "대형마트":80,
            "은행":0,
            "병원":10,
            "종합병원":100,
            "공원":100,
            "혐오시설":0,
            "인프라총점":76.0,
            "초등학군":90.47,
            "중학군":49.52,
            "학군총점":57.71,
            "인구수":42.36,
            "인구증감":9.01,
            "인구총점":32.355,
            "일자리":52.7,
            "소득수준":88.01,
            "일자리총점":63.293,
            "가치 총점":60.3565,
            "매매실거래년":20211002.0,
            "매매실거래가":92000.0,
            "전세실거래년":null,
            "전세실거래가":null,
            "전세가율":null,
            "장기전세가율평균":64.5,
            "전세가율거품지수":null,
            "검색코드":713,
            "세대수":282.0,
            "준공년월":"1992-05-29",
            "준공년차":31.0,
            "가까운역이름":"도림천",
            "가까운역거리":382.51,
            "역세권여부":"역세권",
            "30분이내주요거점역":2,
            "1시간이내주요거점역":6,
            "3km이내백화점수":4,
            "5km이내아울렛몰수":2,
            "1km이내대형먀트수":1,
            "500m이내은행수":1,
            "500m이내병원수":2,
            "5km이내대형병원수":13,
            "500m이내공원수":2,
            "3km이내혐오시설수":0,
            "초등학교학업성취도":90.47,
            "중학교학업성취도":81.6,
            "용적률":290,
            "건폐율":22,
            "Y":37.517704,
            "X":126.883269,
            "rank":138.0,
            "area_info":"30평(102.3), 31평(103.16)",
            "last_sales":"2021-10-02,92000.0,31평(103.16)"
        },
        {
            "index":233,
            "아파트명":"신대림신동아파밀리에",
            "투자타입":"일반",
            "전용면적(m2)":"82.27",
            "전용면적(평)":"24평",
            "법정동주소":"서울시 영등포구 대림동 1124",
            "도로명주소":"서울시 영등포구 도림로54길 14",
            "세대수":0,
            "입주년차":60,
            "용적률점수":"--",
            "건폐율점수":"--",
            "세대당주차수":30,
            "난방방식":30,
            "공급면적":"--",
            "전용률":"--",
            "욕실수":100,
            "현관타입":100,
            "주거총점":39.5,
            "지역구공급총점":100.0,
            "역세권":50,
            "30분내 이동가능 거점":60,
            "1시간내 이동가능 거점":100,
            "교통총점":63.0,
            "백화점":100,
            "아울렛몰":100,
            "대형마트":0,
            "은행":70,
            "병원":80,
            "종합병원":100,
            "공원":100,
            "혐오시설":0,
            "인프라총점":78.0,
            "초등학군":87.66,
            "중학군":36.18,
            "학군총점":46.476,
            "인구수":42.36,
            "인구증감":9.01,
            "인구총점":32.355,
            "일자리":52.7,
            "소득수준":88.01,
            "일자리총점":63.293,
            "가치 총점":60.3214,
            "매매실거래년":20211004.0,
            "매매실거래가":75700.0,
            "전세실거래년":20210808.0,
            "전세실거래가":39900.0,
            "전세가율":52.71,
            "장기전세가율평균":64.5,
            "전세가율거품지수":11.79,
            "검색코드":106124,
            "세대수":185.0,
            "준공년월":"2013-07-31",
            "준공년차":10.0,
            "가까운역이름":"대림",
            "가까운역거리":648.19,
            "역세권여부":"준역세권",
            "30분이내주요거점역":3,
            "1시간이내주요거점역":13,
            "3km이내백화점수":4,
            "5km이내아울렛몰수":2,
            "1km이내대형먀트수":0,
            "500m이내은행수":4,
            "500m이내병원수":32,
            "5km이내대형병원수":14,
            "500m이내공원수":6,
            "3km이내혐오시설수":0,
            "초등학교학업성취도":87.66,
            "중학교학업성취도":60.3,
            "용적률":239,
            "건폐율":24,
            "Y":37.495009,
            "X":126.902684,
            "rank":139.0,
            "area_info":"24평(82.27), 32평(106.65), 32평(106.64), 32평(106.78), 38평(125.64), 46평(153.76)",
            "last_sales":"2021-10-04,75700.0,24평(82.27)"
        },
        {
            "index":231,
            "아파트명":"성원(650)",
            "투자타입":"일반",
            "전용면적(m2)":"76.52",
            "전용면적(평)":"23평",
            "법정동주소":"서울시 영등포구 대림동 650",
            "도로명주소":"서울시 영등포구 대림로 256",
            "세대수":0,
            "입주년차":0,
            "용적률점수":"--",
            "건폐율점수":"--",
            "세대당주차수":0,
            "난방방식":30,
            "공급면적":"--",
            "전용률":"--",
            "욕실수":50,
            "현관타입":100,
            "주거총점":18.0,
            "지역구공급총점":100.0,
            "역세권":50,
            "30분내 이동가능 거점":60,
            "1시간내 이동가능 거점":100,
            "교통총점":63.0,
            "백화점":100,
            "아울렛몰":100,
            "대형마트":80,
            "은행":100,
            "병원":60,
            "종합병원":100,
            "공원":80,
            "혐오시설":0,
            "인프라총점":90.4,
            "초등학군":81.19,
            "중학군":41.32,
            "학군총점":49.294,
            "인구수":42.36,
            "인구증감":9.01,
            "인구총점":32.355,
            "일자리":52.7,
            "소득수준":88.01,
            "일자리총점":63.293,
            "가치 총점":60.1641,
            "매매실거래년":20211012.0,
            "매매실거래가":73000.0,
            "전세실거래년":20211013.0,
            "전세실거래가":40000.0,
            "전세가율":54.79,
            "장기전세가율평균":64.5,
            "전세가율거품지수":9.71,
            "검색코드":692,
            "세대수":220.0,
            "준공년월":"1995-10-18",
            "준공년차":28.0,
            "가까운역이름":"신도림",
            "가까운역거리":716.92,
            "역세권여부":"준역세권",
            "30분이내주요거점역":3,
            "1시간이내주요거점역":11,
            "3km이내백화점수":4,
            "5km이내아울렛몰수":2,
            "1km이내대형먀트수":1,
            "500m이내은행수":5,
            "500m이내병원수":12,
            "5km이내대형병원수":14,
            "500m이내공원수":1,
            "3km이내혐오시설수":0,
            "초등학교학업성취도":81.19,
            "중학교학업성취도":67.8,
            "용적률":399,
            "건폐율":25,
            "Y":37.503891,
            "X":126.896673,
            "rank":140.0,
            "area_info":"23평(76.52), 32평(108.64)",
            "last_sales":"2021-10-12,73000.0,23평(76.52)"
        },
        {
            "index":879,
            "아파트명":"영등포삼환",
            "투자타입":"일반",
            "전용면적(m2)":"86.64",
            "전용면적(평)":"26평",
            "법정동주소":"서울시 영등포구 영등포동8가 76-1",
            "도로명주소":"서울시 영등포구 영중로 145",
            "세대수":50,
            "입주년차":20,
            "용적률점수":"--",
            "건폐율점수":"--",
            "세대당주차수":30,
            "난방방식":30,
            "공급면적":"--",
            "전용률":"--",
            "욕실수":50,
            "현관타입":10,
            "주거총점":35.0,
            "지역구공급총점":100.0,
            "역세권":50,
            "30분내 이동가능 거점":60,
            "1시간내 이동가능 거점":80,
            "교통총점":59.0,
            "백화점":100,
            "아울렛몰":0,
            "대형마트":100,
            "은행":20,
            "병원":80,
            "종합병원":100,
            "공원":100,
            "혐오시설":0,
            "인프라총점":78.0,
            "초등학군":89.06,
            "중학군":50.3,
            "학군총점":58.052,
            "인구수":42.36,
            "인구증감":9.01,
            "인구총점":32.355,
            "일자리":52.7,
            "소득수준":88.01,
            "일자리총점":63.293,
            "가치 총점":59.7578,
            "매매실거래년":20210904.0,
            "매매실거래가":109000.0,
            "전세실거래년":20220117.0,
            "전세실거래가":39900.0,
            "전세가율":36.61,
            "장기전세가율평균":64.5,
            "전세가율거품지수":27.89,
            "검색코드":967,
            "세대수":520.0,
            "준공년월":"1999-05-31",
            "준공년차":24.0,
            "가까운역이름":"당산",
            "가까운역거리":578.43,
            "역세권여부":"준역세권",
            "30분이내주요거점역":3,
            "1시간이내주요거점역":8,
            "3km이내백화점수":5,
            "5km이내아울렛몰수":0,
            "1km이내대형먀트수":2,
            "500m이내은행수":2,
            "500m이내병원수":44,
            "5km이내대형병원수":13,
            "500m이내공원수":5,
            "3km이내혐오시설수":0,
            "초등학교학업성취도":89.06,
            "중학교학업성취도":83.1,
            "용적률":369,
            "건폐율":30,
            "Y":37.52962,
            "X":126.904927,
            "rank":141.0,
            "area_info":"26평(86.64), 32평(107.73), 42평(140.53)",
            "last_sales":"2021-09-04,109000.0,26평(86.64)"
        },
        {
            "index":731,
            "아파트명":"서울",
            "투자타입":"재건축",
            "전용면적(m2)":"161.25",
            "전용면적(평)":"48평",
            "법정동주소":"서울시 영등포구 여의도동 21-1",
            "도로명주소":"서울시 영등포구 여의나루로 121",
            "세대수":0,
            "입주년차":"--",
            "용적률점수":0,
            "건폐율점수":0,
            "세대당주차수":"--",
            "난방방식":"--",
            "공급면적":100,
            "전용률":80,
            "욕실수":"--",
            "현관타입":"--",
            "주거총점":9.0,
            "지역구공급총점":100.0,
            "역세권":80,
            "30분내 이동가능 거점":60,
            "1시간내 이동가능 거점":100,
            "교통총점":78.0,
            "백화점":100,
            "아울렛몰":80,
            "대형마트":0,
            "은행":100,
            "병원":30,
            "종합병원":100,
            "공원":0,
            "혐오시설":0,
            "인프라총점":71.0,
            "초등학군":90.28,
            "중학군":55.24,
            "학군총점":62.248,
            "인구수":42.36,
            "인구증감":9.01,
            "인구총점":32.355,
            "일자리":52.7,
            "소득수준":88.01,
            "일자리총점":63.293,
            "가치 총점":59.7372,
            "매매실거래년":20211210.0,
            "매매실거래가":405000.0,
            "전세실거래년":20210924.0,
            "전세실거래가":130000.0,
            "전세가율":32.1,
            "장기전세가율평균":64.5,
            "전세가율거품지수":32.4,
            "검색코드":747,
            "세대수":192.0,
            "준공년월":"1976-09-18",
            "준공년차":47.0,
            "가까운역이름":"여의나루",
            "가까운역거리":145.28,
            "역세권여부":"역세권",
            "30분이내주요거점역":3,
            "1시간이내주요거점역":11,
            "3km이내백화점수":3,
            "5km이내아울렛몰수":1,
            "1km이내대형먀트수":0,
            "500m이내은행수":8,
            "500m이내병원수":9,
            "5km이내대형병원수":12,
            "500m이내공원수":0,
            "3km이내혐오시설수":0,
            "초등학교학업성취도":90.28,
            "중학교학업성취도":89.8,
            "용적률":0,
            "건폐율":0,
            "Y":37.527014,
            "X":126.931257,
            "rank":142.0,
            "area_info":"48평(161.25), 50평(166.33), 72평(238.84), 72평(238.84)",
            "last_sales":"2021-12-10,405000.0,48평(161.25)"
        },
        {
            "index":195,
            "아파트명":"대림갑을명가",
            "투자타입":"일반",
            "전용면적(m2)":"102.57",
            "전용면적(평)":"31평",
            "법정동주소":"서울시 영등포구 대림동 1119",
            "도로명주소":"서울시 영등포구 대림로22길 29",
            "세대수":0,
            "입주년차":40,
            "용적률점수":"--",
            "건폐율점수":"--",
            "세대당주차수":30,
            "난방방식":30,
            "공급면적":"--",
            "전용률":"--",
            "욕실수":100,
            "현관타입":100,
            "주거총점":35.5,
            "지역구공급총점":100.0,
            "역세권":50,
            "30분내 이동가능 거점":60,
            "1시간내 이동가능 거점":100,
            "교통총점":63.0,
            "백화점":100,
            "아울렛몰":100,
            "대형마트":0,
            "은행":70,
            "병원":80,
            "종합병원":100,
            "공원":100,
            "혐오시설":0,
            "인프라총점":78.0,
            "초등학군":87.66,
            "중학군":36.18,
            "학군총점":46.476,
            "인구수":42.36,
            "인구증감":9.01,
            "인구총점":32.355,
            "일자리":52.7,
            "소득수준":88.01,
            "일자리총점":63.293,
            "가치 총점":59.5214,
            "매매실거래년":20201109.0,
            "매매실거래가":71000.0,
            "전세실거래년":20210925.0,
            "전세실거래가":55000.0,
            "전세가율":78.57,
            "장기전세가율평균":64.5,
            "전세가율거품지수":-14.07,
            "검색코드":18485,
            "세대수":157.0,
            "준공년월":"2005-10-17",
            "준공년차":18.0,
            "가까운역이름":"대림",
            "가까운역거리":744.07,
            "역세권여부":"준역세권",
            "30분이내주요거점역":3,
            "1시간이내주요거점역":13,
            "3km이내백화점수":4,
            "5km이내아울렛몰수":2,
            "1km이내대형먀트수":0,
            "500m이내은행수":3,
            "500m이내병원수":37,
            "5km이내대형병원수":14,
            "500m이내공원수":5,
            "3km이내혐오시설수":0,
            "초등학교학업성취도":87.66,
            "중학교학업성취도":60.3,
            "용적률":213,
            "건폐율":20,
            "Y":37.495576,
            "X":126.903569,
            "rank":143.0,
            "area_info":"31평(102.57), 31평(103.03), 31평(103.18)",
            "last_sales":"2020-11-09,71000.0,31평(103.18)"
        },
        {
            "index":270,
            "아파트명":"현대2차",
            "투자타입":"재건축",
            "전용면적(m2)":"102.2",
            "전용면적(평)":"30평",
            "법정동주소":"서울시 영등포구 대림동 785",
            "도로명주소":"서울시 영등포구 도신로4길 6",
            "세대수":0,
            "입주년차":"--",
            "용적률점수":0,
            "건폐율점수":0,
            "세대당주차수":"--",
            "난방방식":"--",
            "공급면적":90,
            "전용률":80,
            "욕실수":"--",
            "현관타입":"--",
            "주거총점":8.5,
            "지역구공급총점":100.0,
            "역세권":50,
            "30분내 이동가능 거점":80,
            "1시간내 이동가능 거점":100,
            "교통총점":69.0,
            "백화점":100,
            "아울렛몰":100,
            "대형마트":100,
            "은행":70,
            "병원":30,
            "종합병원":100,
            "공원":80,
            "혐오시설":0,
            "인프라총점":87.4,
            "초등학군":81.19,
            "중학군":41.32,
            "학군총점":49.294,
            "인구수":42.36,
            "인구증감":9.01,
            "인구총점":32.355,
            "일자리":52.7,
            "소득수준":88.01,
            "일자리총점":63.293,
            "가치 총점":59.4641,
            "매매실거래년":20210702.0,
            "매매실거래가":85800.0,
            "전세실거래년":20211113.0,
            "전세실거래가":30450.0,
            "전세가율":35.49,
            "장기전세가율평균":64.5,
            "전세가율거품지수":29.01,
            "검색코드":697,
            "세대수":280.0,
            "준공년월":"1992-11-20",
            "준공년차":31.0,
            "가까운역이름":"신도림",
            "가까운역거리":713.61,
            "역세권여부":"준역세권",
            "30분이내주요거점역":4,
            "1시간이내주요거점역":11,
            "3km이내백화점수":3,
            "5km이내아울렛몰수":2,
            "1km이내대형먀트수":2,
            "500m이내은행수":4,
            "500m이내병원수":8,
            "5km이내대형병원수":14,
            "500m이내공원수":1,
            "3km이내혐오시설수":0,
            "초등학교학업성취도":81.19,
            "중학교학업성취도":67.8,
            "용적률":312,
            "건폐율":53,
            "Y":37.502862,
            "X":126.894585,
            "rank":144.0,
            "area_info":"30평(102.2)",
            "last_sales":"2021-07-02,85800.0,30평(102.2)"
        },
        {
            "index":392,
            "아파트명":"남서울",
            "투자타입":"재건축",
            "전용면적(m2)":"49.45",
            "전용면적(평)":"14평",
            "법정동주소":"서울시 영등포구 신길동 3583",
            "도로명주소":"서울시 영등포구 신길로 108",
            "세대수":50,
            "입주년차":"--",
            "용적률점수":0,
            "건폐율점수":0,
            "세대당주차수":"--",
            "난방방식":"--",
            "공급면적":50,
            "전용률":100,
            "욕실수":"--",
            "현관타입":"--",
            "주거총점":22.5,
            "지역구공급총점":100.0,
            "역세권":80,
            "30분내 이동가능 거점":60,
            "1시간내 이동가능 거점":100,
            "교통총점":78.0,
            "백화점":100,
            "아울렛몰":100,
            "대형마트":0,
            "은행":0,
            "병원":60,
            "종합병원":100,
            "공원":100,
            "혐오시설":0,
            "인프라총점":69.0,
            "초등학군":81.98,
            "중학군":35.74,
            "학군총점":44.988,
            "인구수":42.36,
            "인구증감":9.01,
            "인구총점":32.355,
            "일자리":52.7,
            "소득수준":88.01,
            "일자리총점":63.293,
            "가치 총점":59.2482,
            "매매실거래년":20211006.0,
            "매매실거래가":106500.0,
            "전세실거래년":20210828.0,
            "전세실거래가":7000.0,
            "전세가율":7.07,
            "장기전세가율평균":64.5,
            "전세가율거품지수":57.43,
            "검색코드":3792,
            "세대수":518.0,
            "준공년월":"1974-12-28",
            "준공년차":49.0,
            "가까운역이름":"신풍",
            "가까운역거리":200.51,
            "역세권여부":"역세권",
            "30분이내주요거점역":3,
            "1시간이내주요거점역":13,
            "3km이내백화점수":4,
            "5km이내아울렛몰수":2,
            "1km이내대형먀트수":0,
            "500m이내은행수":1,
            "500m이내병원수":25,
            "5km이내대형병원수":14,
            "500m이내공원수":3,
            "3km이내혐오시설수":0,
            "초등학교학업성취도":81.98,
            "중학교학업성취도":59.3,
            "용적률":0,
            "건폐율":0,
            "Y":37.501602,
            "X":126.911149,
            "rank":145.0,
            "area_info":"14평(49.45), 14평(49.49), 14평(49.53), 14평(49.52), 15평(50.91), 15평(50.27), 16평(54.71), 16평(54.48), 16평(54.43), 16평(54.5), 18평(59.94), 18평(60.21), 20평(67.77)",
            "last_sales":"2021-10-06,106500.0,16평(54.71)"
        },
        {
            "index":576,
            "아파트명":"경남아너스빌",
            "투자타입":"일반",
            "전용면적(m2)":"81.69",
            "전용면적(평)":"24평",
            "법정동주소":"서울시 영등포구 양평동3가 55-1",
            "도로명주소":"서울시 영등포구 선유로33길 22",
            "세대수":0,
            "입주년차":0,
            "용적률점수":"--",
            "건폐율점수":"--",
            "세대당주차수":30,
            "난방방식":30,
            "공급면적":"--",
            "전용률":"--",
            "욕실수":50,
            "현관타입":10,
            "주거총점":13.5,
            "지역구공급총점":100.0,
            "역세권":80,
            "30분내 이동가능 거점":60,
            "1시간내 이동가능 거점":100,
            "교통총점":78.0,
            "백화점":100,
            "아울렛몰":0,
            "대형마트":80,
            "은행":20,
            "병원":10,
            "종합병원":100,
            "공원":80,
            "혐오시설":0,
            "인프라총점":67.4,
            "초등학군":86.54,
            "중학군":49.84,
            "학군총점":57.18,
            "인구수":42.36,
            "인구증감":9.01,
            "인구총점":32.355,
            "일자리":52.7,
            "소득수준":88.01,
            "일자리총점":63.293,
            "가치 총점":58.797,
            "매매실거래년":20211128.0,
            "매매실거래가":78000.0,
            "전세실거래년":20220108.0,
            "전세실거래가":36750.0,
            "전세가율":47.12,
            "장기전세가율평균":64.5,
            "전세가율거품지수":17.38,
            "검색코드":736,
            "세대수":179.0,
            "준공년월":"1998-07-18",
            "준공년차":25.0,
            "가까운역이름":"양평",
            "가까운역거리":303.5,
            "역세권여부":"역세권",
            "30분이내주요거점역":3,
            "1시간이내주요거점역":11,
            "3km이내백화점수":4,
            "5km이내아울렛몰수":0,
            "1km이내대형먀트수":1,
            "500m이내은행수":2,
            "500m이내병원수":4,
            "5km이내대형병원수":13,
            "500m이내공원수":1,
            "3km이내혐오시설수":0,
            "초등학교학업성취도":86.54,
            "중학교학업성취도":81.4,
            "용적률":0,
            "건폐율":0,
            "Y":37.527376,
            "X":126.888442,
            "rank":146.0,
            "area_info":"24평(81.69), 32평(108.11)",
            "last_sales":"2021-11-28,78000.0,24평(81.69)"
        },
        {
            "index":351,
            "아파트명":"현대3차",
            "투자타입":"재건축",
            "전용면적(m2)":"94.42",
            "전용면적(평)":"28평",
            "법정동주소":"서울시 영등포구 문래동5가 21",
            "도로명주소":"서울시 영등포구 선유서로 6",
            "세대수":0,
            "입주년차":"--",
            "용적률점수":0,
            "건폐율점수":0,
            "세대당주차수":"--",
            "난방방식":"--",
            "공급면적":70,
            "전용률":100,
            "욕실수":"--",
            "현관타입":"--",
            "주거총점":8.5,
            "지역구공급총점":100.0,
            "역세권":80,
            "30분내 이동가능 거점":40,
            "1시간내 이동가능 거점":90,
            "교통총점":70.0,
            "백화점":100,
            "아울렛몰":100,
            "대형마트":80,
            "은행":20,
            "병원":30,
            "종합병원":100,
            "공원":100,
            "혐오시설":0,
            "인프라총점":80.0,
            "초등학군":87.55,
            "중학군":49.52,
            "학군총점":57.126,
            "인구수":42.36,
            "인구증감":9.01,
            "인구총점":32.355,
            "일자리":52.7,
            "소득수준":88.01,
            "일자리총점":63.293,
            "가치 총점":58.7689,
            "매매실거래년":20210520.0,
            "매매실거래가":72500.0,
            "전세실거래년":20210427.0,
            "전세실거래가":48000.0,
            "전세가율":66.21,
            "장기전세가율평균":64.5,
            "전세가율거품지수":-1.71,
            "검색코드":1214,
            "세대수":166.0,
            "준공년월":"1991-11-18",
            "준공년차":32.0,
            "가까운역이름":"도림천",
            "가까운역거리":259.65,
            "역세권여부":"역세권",
            "30분이내주요거점역":2,
            "1시간이내주요거점역":9,
            "3km이내백화점수":4,
            "5km이내아울렛몰수":2,
            "1km이내대형먀트수":1,
            "500m이내은행수":2,
            "500m이내병원수":6,
            "5km이내대형병원수":14,
            "500m이내공원수":3,
            "3km이내혐오시설수":0,
            "초등학교학업성취도":87.55,
            "중학교학업성취도":81.6,
            "용적률":0,
            "건폐율":0,
            "Y":37.516325,
            "X":126.884205,
            "rank":147.0,
            "area_info":"28평(94.42), 28평(94.19), 28평(94.32), 28평(94.68)",
            "last_sales":"2021-05-20,72500.0,28평(94.42)"
        },
        {
            "index":861,
            "아파트명":"엔비어스파크(도시형)",
            "투자타입":"일반",
            "전용면적(m2)":"26.62",
            "전용면적(평)":"8평",
            "법정동주소":"서울시 영등포구 영등포동7가 209",
            "도로명주소":"서울시 영등포구 버드나루로10길 7",
            "세대수":0,
            "입주년차":100,
            "용적률점수":"--",
            "건폐율점수":"--",
            "세대당주차수":0,
            "난방방식":30,
            "공급면적":"--",
            "전용률":"--",
            "욕실수":50,
            "현관타입":100,
            "주거총점":38.0,
            "지역구공급총점":100.0,
            "역세권":50,
            "30분내 이동가능 거점":40,
            "1시간내 이동가능 거점":100,
            "교통총점":57.0,
            "백화점":100,
            "아울렛몰":0,
            "대형마트":100,
            "은행":20,
            "병원":30,
            "종합병원":100,
            "공원":100,
            "혐오시설":0,
            "인프라총점":73.0,
            "초등학군":89.06,
            "중학군":50.3,
            "학군총점":58.052,
            "인구수":42.36,
            "인구증감":9.01,
            "인구총점":32.355,
            "일자리":52.7,
            "소득수준":88.01,
            "일자리총점":63.293,
            "가치 총점":58.1578,
            "매매실거래년":"18000101",
            "매매실거래가":null,
            "전세실거래년":null,
            "전세실거래가":null,
            "전세가율":null,
            "장기전세가율평균":64.5,
            "전세가율거품지수":null,
            "검색코드":137420,
            "세대수":236.0,
            "준공년월":"2020-11-13",
            "준공년차":3.0,
            "가까운역이름":"영등포시장",
            "가까운역거리":561.78,
            "역세권여부":"준역세권",
            "30분이내주요거점역":2,
            "1시간이내주요거점역":10,
            "3km이내백화점수":4,
            "5km이내아울렛몰수":0,
            "1km이내대형먀트수":2,
            "500m이내은행수":2,
            "500m이내병원수":5,
            "5km이내대형병원수":15,
            "500m이내공원수":2,
            "3km이내혐오시설수":0,
            "초등학교학업성취도":89.06,
            "중학교학업성취도":83.1,
            "용적률":287,
            "건폐율":49,
            "Y":37.524835,
            "X":126.910894,
            "rank":148.0,
            "area_info":"8평(26.62), 8평(26.59), 11평(38.6), 16평(53.15)",
            "last_sales":"1800-01-01,nan,8평(26.62)"
        },
        {
            "index":214,
            "아파트명":"대림한신2차",
            "투자타입":"일반",
            "전용면적(m2)":"80.71",
            "전용면적(평)":"24평",
            "법정동주소":"서울시 영등포구 대림동 897-1",
            "도로명주소":"서울시 영등포구 디지털로69길 12",
            "세대수":0,
            "입주년차":20,
            "용적률점수":"--",
            "건폐율점수":"--",
            "세대당주차수":30,
            "난방방식":30,
            "공급면적":"--",
            "전용률":"--",
            "욕실수":50,
            "현관타입":100,
            "주거총점":26.5,
            "지역구공급총점":100.0,
            "역세권":50,
            "30분내 이동가능 거점":60,
            "1시간내 이동가능 거점":100,
            "교통총점":63.0,
            "백화점":100,
            "아울렛몰":100,
            "대형마트":0,
            "은행":70,
            "병원":80,
            "종합병원":100,
            "공원":100,
            "혐오시설":0,
            "인프라총점":78.0,
            "초등학군":100.0,
            "중학군":36.18,
            "학군총점":48.944,
            "인구수":42.36,
            "인구증감":9.01,
            "인구총점":32.355,
            "일자리":52.7,
            "소득수준":88.01,
            "일자리총점":63.293,
            "가치 총점":58.0916,
            "매매실거래년":20191221.0,
            "매매실거래가":49000.0,
            "전세실거래년":20211124.0,
            "전세실거래가":42000.0,
            "전세가율":85.71,
            "장기전세가율평균":64.5,
            "전세가율거품지수":-21.21,
            "검색코드":685,
            "세대수":234.0,
            "준공년월":"1999-03-31",
            "준공년차":24.0,
            "가까운역이름":"신풍",
            "가까운역거리":749.1,
            "역세권여부":"준역세권",
            "30분이내주요거점역":3,
            "1시간이내주요거점역":13,
            "3km이내백화점수":4,
            "5km이내아울렛몰수":2,
            "1km이내대형먀트수":0,
            "500m이내은행수":3,
            "500m이내병원수":37,
            "5km이내대형병원수":14,
            "500m이내공원수":3,
            "3km이내혐오시설수":0,
            "초등학교학업성취도":100.0,
            "중학교학업성취도":60.3,
            "용적률":298,
            "건폐율":25,
            "Y":37.494837,
            "X":126.904598,
            "rank":149.0,
            "area_info":"24평(80.71), 31평(103.45), 35평(117.0), 40평(134.47)",
            "last_sales":"2019-12-21,49000.0,24평(80.71)"
        },
        {
            "index":766,
            "아파트명":"은하",
            "투자타입":"재건축",
            "전용면적(m2)":"130.38",
            "전용면적(평)":"39평",
            "법정동주소":"서울시 영등포구 여의도동 52",
            "도로명주소":"서울시 영등포구 63로 7",
            "세대수":30,
            "입주년차":"--",
            "용적률점수":0,
            "건폐율점수":0,
            "세대당주차수":"--",
            "난방방식":"--",
            "공급면적":100,
            "전용률":100,
            "욕실수":"--",
            "현관타입":"--",
            "주거총점":19.0,
            "지역구공급총점":100.0,
            "역세권":50,
            "30분내 이동가능 거점":40,
            "1시간내 이동가능 거점":100,
            "교통총점":57.0,
            "백화점":100,
            "아울렛몰":0,
            "대형마트":80,
            "은행":100,
            "병원":80,
            "종합병원":100,
            "공원":100,
            "혐오시설":0,
            "인프라총점":83.0,
            "초등학군":90.28,
            "중학군":55.24,
            "학군총점":62.248,
            "인구수":42.36,
            "인구증감":9.01,
            "인구총점":32.355,
            "일자리":52.7,
            "소득수준":88.01,
            "일자리총점":63.293,
            "가치 총점":57.9872,
            "매매실거래년":20210908.0,
            "매매실거래가":206000.0,
            "전세실거래년":20211213.0,
            "전세실거래가":78750.0,
            "전세가율":38.23,
            "장기전세가율평균":64.5,
            "전세가율거품지수":26.27,
            "검색코드":750,
            "세대수":360.0,
            "준공년월":"1974-12-19",
            "준공년차":49.0,
            "가까운역이름":"샛강",
            "가까운역거리":641.12,
            "역세권여부":"준역세권",
            "30분이내주요거점역":2,
            "1시간이내주요거점역":11,
            "3km이내백화점수":3,
            "5km이내아울렛몰수":0,
            "1km이내대형먀트수":1,
            "500m이내은행수":8,
            "500m이내병원수":32,
            "5km이내대형병원수":12,
            "500m이내공원수":2,
            "3km이내혐오시설수":0,
            "초등학교학업성취도":90.28,
            "중학교학업성취도":89.8,
            "용적률":0,
            "건폐율":0,
            "Y":37.518951,
            "X":126.935377,
            "rank":150.0,
            "area_info":"39평(130.38)",
            "last_sales":"2021-09-08,206000.0,39평(130.38)"
        },
        {
            "index":728,
            "아파트명":"삼익",
            "투자타입":"재건축",
            "전용면적(m2)":"130.58",
            "전용면적(평)":"39평",
            "법정동주소":"서울시 영등포구 여의도동 51",
            "도로명주소":"서울시 영등포구 국제금융로 109",
            "세대수":30,
            "입주년차":"--",
            "용적률점수":0,
            "건폐율점수":0,
            "세대당주차수":"--",
            "난방방식":"--",
            "공급면적":100,
            "전용률":100,
            "욕실수":"--",
            "현관타입":"--",
            "주거총점":19.0,
            "지역구공급총점":100.0,
            "역세권":50,
            "30분내 이동가능 거점":40,
            "1시간내 이동가능 거점":100,
            "교통총점":57.0,
            "백화점":100,
            "아울렛몰":0,
            "대형마트":80,
            "은행":100,
            "병원":80,
            "종합병원":100,
            "공원":100,
            "혐오시설":0,
            "인프라총점":83.0,
            "초등학군":90.28,
            "중학군":55.24,
            "학군총점":62.248,
            "인구수":42.36,
            "인구증감":9.01,
            "인구총점":32.355,
            "일자리":52.7,
            "소득수준":88.01,
            "일자리총점":63.293,
            "가치 총점":57.9872,
            "매매실거래년":20210907.0,
            "매매실거래가":206000.0,
            "전세실거래년":20220114.0,
            "전세실거래가":90000.0,
            "전세가율":43.69,
            "장기전세가율평균":64.5,
            "전세가율거품지수":20.81,
            "검색코드":746,
            "세대수":360.0,
            "준공년월":"1974-10-19",
            "준공년차":49.0,
            "가까운역이름":"샛강",
            "가까운역거리":593.76,
            "역세권여부":"준역세권",
            "30분이내주요거점역":2,
            "1시간이내주요거점역":10,
            "3km이내백화점수":3,
            "5km이내아울렛몰수":0,
            "1km이내대형먀트수":1,
            "500m이내은행수":16,
            "500m이내병원수":50,
            "5km이내대형병원수":12,
            "500m이내공원수":2,
            "3km이내혐오시설수":0,
            "초등학교학업성취도":90.28,
            "중학교학업성취도":89.8,
            "용적률":0,
            "건폐율":0,
            "Y":37.519843,
            "X":126.934324,
            "rank":150.0,
            "area_info":"39평(130.58), 39평(130.71), 40평(132.39)",
            "last_sales":"2021-09-07,206000.0,39평(130.58)"
        },
        {
            "index":534,
            "아파트명":"한성",
            "투자타입":"일반",
            "전용면적(m2)":"83.19",
            "전용면적(평)":"25평",
            "법정동주소":"서울시 영등포구 신길동 769-1",
            "도로명주소":"서울시 영등포구 가마산로 575",
            "세대수":50,
            "입주년차":0,
            "용적률점수":"--",
            "건폐율점수":"--",
            "세대당주차수":30,
            "난방방식":30,
            "공급면적":"--",
            "전용률":"--",
            "욕실수":50,
            "현관타입":100,
            "주거총점":40.0,
            "지역구공급총점":100.0,
            "역세권":50,
            "30분내 이동가능 거점":60,
            "1시간내 이동가능 거점":100,
            "교통총점":63.0,
            "백화점":100,
            "아울렛몰":100,
            "대형마트":0,
            "은행":0,
            "병원":30,
            "종합병원":100,
            "공원":100,
            "혐오시설":0,
            "인프라총점":66.0,
            "초등학군":100.0,
            "중학군":42.56,
            "학군총점":54.048,
            "인구수":42.36,
            "인구증감":9.01,
            "인구총점":32.355,
            "일자리":52.7,
            "소득수준":88.01,
            "일자리총점":63.293,
            "가치 총점":57.9572,
            "매매실거래년":20211031.0,
            "매매실거래가":150000.0,
            "전세실거래년":20211207.0,
            "전세실거래가":33500.0,
            "전세가율":36.81,
            "장기전세가율평균":64.5,
            "전세가율거품지수":27.69,
            "검색코드":726,
            "세대수":420.0,
            "준공년월":"1997-07-21",
            "준공년차":26.0,
            "가까운역이름":"보라매",
            "가까운역거리":561.54,
            "역세권여부":"준역세권",
            "30분이내주요거점역":3,
            "1시간이내주요거점역":11,
            "3km이내백화점수":5,
            "5km이내아울렛몰수":2,
            "1km이내대형먀트수":0,
            "500m이내은행수":0,
            "500m이내병원수":7,
            "5km이내대형병원수":13,
            "500m이내공원수":4,
            "3km이내혐오시설수":0,
            "초등학교학업성취도":100.0,
            "중학교학업성취도":69.8,
            "용적률":254,
            "건폐율":29,
            "Y":37.50482,
            "X":126.919155,
            "rank":151.0,
            "area_info":"25평(83.19), 33평(109.48), 49평(163.39)",
            "last_sales":"2021-10-31,150000.0,49평(163.39)"
        },
        {
            "index":16,
            "아파트명":"훼미리하우스138(도시형)",
            "투자타입":"일반",
            "전용면적(m2)":"22.02",
            "전용면적(평)":"6평",
            "법정동주소":"서울시 영등포구 당산동 121-108",
            "도로명주소":"서울시 영등포구 버드나루로17길 2",
            "세대수":0,
            "입주년차":60,
            "용적률점수":"--",
            "건폐율점수":"--",
            "세대당주차수":0,
            "난방방식":30,
            "공급면적":"--",
            "전용률":"--",
            "욕실수":50,
            "현관타입":10,
            "주거총점":21.0,
            "지역구공급총점":100.0,
            "역세권":50,
            "30분내 이동가능 거점":60,
            "1시간내 이동가능 거점":100,
            "교통총점":63.0,
            "백화점":100,
            "아울렛몰":0,
            "대형마트":100,
            "은행":20,
            "병원":60,
            "종합병원":100,
            "공원":100,
            "혐오시설":0,
            "인프라총점":76.0,
            "초등학군":89.06,
            "중학군":50.3,
            "학군총점":58.052,
            "인구수":42.36,
            "인구증감":9.01,
            "인구총점":32.355,
            "일자리":52.7,
            "소득수준":88.01,
            "일자리총점":63.293,
            "가치 총점":57.7578,
            "매매실거래년":20220114.0,
            "매매실거래가":13000.0,
            "전세실거래년":20210325.0,
            "전세실거래가":14300.0,
            "전세가율":101.78,
            "장기전세가율평균":64.5,
            "전세가율거품지수":-37.28,
            "검색코드":106734,
            "세대수":138.0,
            "준공년월":"2013-02-08",
            "준공년차":10.0,
            "가까운역이름":"영등포시장",
            "가까운역거리":606.43,
            "역세권여부":"준역세권",
            "30분이내주요거점역":3,
            "1시간이내주요거점역":12,
            "3km이내백화점수":5,
            "5km이내아울렛몰수":0,
            "1km이내대형먀트수":2,
            "500m이내은행수":2,
            "500m이내병원수":12,
            "5km이내대형병원수":13,
            "500m이내공원수":3,
            "3km이내혐오시설수":0,
            "초등학교학업성취도":89.06,
            "중학교학업성취도":83.1,
            "용적률":399,
            "건폐율":44,
            "Y":37.527595,
            "X":126.90809,
            "rank":152.0,
            "area_info":"6평(22.02), 6평(22.51), 7평(23.57)",
            "last_sales":"2022-01-14,13000.0,7평(23.57)"
        },
        {
            "index":519,
            "아파트명":"우창",
            "투자타입":"재건축",
            "전용면적(m2)":"74.56",
            "전용면적(평)":"22평",
            "법정동주소":"서울시 영등포구 신길동 4501",
            "도로명주소":"서울시 영등포구 여의대방로5길 6",
            "세대수":0,
            "입주년차":"--",
            "용적률점수":0,
            "건폐율점수":0,
            "세대당주차수":"--",
            "난방방식":"--",
            "공급면적":50,
            "전용률":60,
            "욕실수":"--",
            "현관타입":"--",
            "주거총점":5.5,
            "지역구공급총점":100.0,
            "역세권":80,
            "30분내 이동가능 거점":60,
            "1시간내 이동가능 거점":100,
            "교통총점":78.0,
            "백화점":100,
            "아울렛몰":100,
            "대형마트":0,
            "은행":0,
            "병원":80,
            "종합병원":100,
            "공원":0,
            "혐오시설":0,
            "인프라총점":68.0,
            "초등학군":81.98,
            "중학군":54.04,
            "학군총점":59.628,
            "인구수":42.36,
            "인구증감":9.01,
            "인구총점":32.355,
            "일자리":52.7,
            "소득수준":88.01,
            "일자리총점":63.293,
            "가치 총점":57.7442,
            "매매실거래년":20210818.0,
            "매매실거래가":111500.0,
            "전세실거래년":20211211.0,
            "전세실거래가":27000.0,
            "전세가율":29.83,
            "장기전세가율평균":64.5,
            "전세가율거품지수":34.67,
            "검색코드":725,
            "세대수":214.0,
            "준공년월":"1983-08-17",
            "준공년차":40.0,
            "가까운역이름":"신풍",
            "가까운역거리":374.54,
            "역세권여부":"역세권",
            "30분이내주요거점역":3,
            "1시간이내주요거점역":10,
            "3km이내백화점수":4,
            "5km이내아울렛몰수":2,
            "1km이내대형먀트수":0,
            "500m이내은행수":0,
            "500m이내병원수":36,
            "5km이내대형병원수":15,
            "500m이내공원수":0,
            "3km이내혐오시설수":0,
            "초등학교학업성취도":81.98,
            "중학교학업성취도":88.6,
            "용적률":0,
            "건폐율":0,
            "Y":37.497333,
            "X":126.912387,
            "rank":153.0,
            "area_info":"22평(74.56), 25평(84.5), 27평(89.86), 27평(89.62)",
            "last_sales":"2021-08-18,111500.0,27평(89.86)"
        },
        {
            "index":793,
            "아파트명":"화랑",
            "투자타입":"재건축",
            "전용면적(m2)":"107.14",
            "전용면적(평)":"32평",
            "법정동주소":"서울시 영등포구 여의도동 40-4",
            "도로명주소":"서울시 영등포구 국제금융로7가길 21",
            "세대수":0,
            "입주년차":"--",
            "용적률점수":0,
            "건폐율점수":0,
            "세대당주차수":"--",
            "난방방식":"--",
            "공급면적":90,
            "전용률":80,
            "욕실수":"--",
            "현관타입":"--",
            "주거총점":8.5,
            "지역구공급총점":100.0,
            "역세권":50,
            "30분내 이동가능 거점":40,
            "1시간내 이동가능 거점":100,
            "교통총점":57.0,
            "백화점":100,
            "아울렛몰":80,
            "대형마트":80,
            "은행":100,
            "병원":60,
            "종합병원":100,
            "공원":100,
            "혐오시설":0,
            "인프라총점":89.0,
            "초등학군":90.28,
            "중학군":55.24,
            "학군총점":62.248,
            "인구수":42.36,
            "인구증감":9.01,
            "인구총점":32.355,
            "일자리":52.7,
            "소득수준":88.01,
            "일자리총점":63.293,
            "가치 총점":57.6872,
            "매매실거래년":20210224.0,
            "매매실거래가":240000.0,
            "전세실거래년":20210702.0,
            "전세실거래가":50000.0,
            "전세가율":32.26,
            "장기전세가율평균":64.5,
            "전세가율거품지수":32.24,
            "검색코드":755,
            "세대수":160.0,
            "준공년월":"1977-12-16",
            "준공년차":46.0,
            "가까운역이름":"여의나루",
            "가까운역거리":567.16,
            "역세권여부":"준역세권",
            "30분이내주요거점역":2,
            "1시간이내주요거점역":10,
            "3km이내백화점수":3,
            "5km이내아울렛몰수":1,
            "1km이내대형먀트수":1,
            "500m이내은행수":8,
            "500m이내병원수":25,
            "5km이내대형병원수":12,
            "500m이내공원수":2,
            "3km이내혐오시설수":0,
            "초등학교학업성취도":90.28,
            "중학교학업성취도":89.8,
            "용적률":0,
            "건폐율":0,
            "Y":37.522476,
            "X":126.935621,
            "rank":154.0,
            "area_info":"32평(107.14), 32평(108.03), 35평(117.03), 35평(117.82), 49평(163.24), 49평(164.96)",
            "last_sales":"2021-02-24,240000.0,49평(163.24)"
        },
        {
            "index":210,
            "아파트명":"대림한신1차",
            "투자타입":"일반",
            "전용면적(m2)":"82.44",
            "전용면적(평)":"24평",
            "법정동주소":"서울시 영등포구 대림동 887-1",
            "도로명주소":"서울시 영등포구 디지털로69길 13",
            "세대수":0,
            "입주년차":0,
            "용적률점수":"--",
            "건폐율점수":"--",
            "세대당주차수":30,
            "난방방식":30,
            "공급면적":"--",
            "전용률":"--",
            "욕실수":50,
            "현관타입":10,
            "주거총점":13.5,
            "지역구공급총점":100.0,
            "역세권":50,
            "30분내 이동가능 거점":80,
            "1시간내 이동가능 거점":100,
            "교통총점":69.0,
            "백화점":100,
            "아울렛몰":100,
            "대형마트":0,
            "은행":70,
            "병원":80,
            "종합병원":100,
            "공원":100,
            "혐오시설":0,
            "인프라총점":78.0,
            "초등학군":100.0,
            "중학군":36.18,
            "학군총점":48.944,
            "인구수":42.36,
            "인구증감":9.01,
            "인구총점":32.355,
            "일자리":52.7,
            "소득수준":88.01,
            "일자리총점":63.293,
            "가치 총점":57.5916,
            "매매실거래년":20211102.0,
            "매매실거래가":63000.0,
            "전세실거래년":20210219.0,
            "전세실거래가":29400.0,
            "전세가율":46.67,
            "장기전세가율평균":64.5,
            "전세가율거품지수":17.83,
            "검색코드":681,
            "세대수":143.0,
            "준공년월":"1998-12-10",
            "준공년차":25.0,
            "가까운역이름":"대림",
            "가까운역거리":696.14,
            "역세권여부":"준역세권",
            "30분이내주요거점역":4,
            "1시간이내주요거점역":13,
            "3km이내백화점수":4,
            "5km이내아울렛몰수":2,
            "1km이내대형먀트수":0,
            "500m이내은행수":3,
            "500m이내병원수":32,
            "5km이내대형병원수":14,
            "500m이내공원수":5,
            "3km이내혐오시설수":0,
            "초등학교학업성취도":100.0,
            "중학교학업성취도":60.3,
            "용적률":292,
            "건폐율":19,
            "Y":37.49441,
            "X":126.90348,
            "rank":155.0,
            "area_info":"24평(82.44), 34평(113.66), 39평(129.7), 44평(148.68)",
            "last_sales":"2021-11-02,63000.0,24평(82.44)"
        },
        {
            "index":780,
            "아파트명":"한양",
            "투자타입":"재건축",
            "전용면적(m2)":"112.53",
            "전용면적(평)":"34평",
            "법정동주소":"서울시 영등포구 여의도동 42",
            "도로명주소":"서울시 영등포구 국제금융로 79",
            "세대수":50,
            "입주년차":"--",
            "용적률점수":0,
            "건폐율점수":0,
            "세대당주차수":"--",
            "난방방식":"--",
            "공급면적":90,
            "전용률":100,
            "욕실수":"--",
            "현관타입":"--",
            "주거총점":24.5,
            "지역구공급총점":100.0,
            "역세권":50,
            "30분내 이동가능 거점":40,
            "1시간내 이동가능 거점":70,
            "교통총점":51.0,
            "백화점":100,
            "아울렛몰":0,
            "대형마트":80,
            "은행":100,
            "병원":100,
            "종합병원":100,
            "공원":100,
            "혐오시설":0,
            "인프라총점":85.0,
            "초등학군":90.28,
            "중학군":55.24,
            "학군총점":62.248,
            "인구수":42.36,
            "인구증감":9.01,
            "인구총점":32.355,
            "일자리":52.7,
            "소득수준":88.01,
            "일자리총점":63.293,
            "가치 총점":57.5872,
            "매매실거래년":20210819.0,
            "매매실거래가":258000.0,
            "전세실거래년":20211125.0,
            "전세실거래가":65000.0,
            "전세가율":33.16,
            "장기전세가율평균":64.5,
            "전세가율거품지수":31.34,
            "검색코드":754,
            "세대수":588.0,
            "준공년월":"1975-11-05",
            "준공년차":48.0,
            "가까운역이름":"샛강",
            "가까운역거리":591.76,
            "역세권여부":"준역세권",
            "30분이내주요거점역":2,
            "1시간이내주요거점역":7,
            "3km이내백화점수":3,
            "5km이내아울렛몰수":0,
            "1km이내대형먀트수":1,
            "500m이내은행수":20,
            "500m이내병원수":60,
            "5km이내대형병원수":12,
            "500m이내공원수":2,
            "3km이내혐오시설수":0,
            "초등학교학업성취도":90.28,
            "중학교학업성취도":89.8,
            "용적률":0,
            "건폐율":0,
            "Y":37.5216,
            "X":126.93233,
            "rank":156.0,
            "area_info":"34평(112.53), 34평(112.66), 35평(116.99), 35평(117.98), 48평(159.71), 48평(159.91), 48평(160.06), 48평(161.26), 63평(209.98), 63평(210.32), 63평(210.01), 63평(210.35), 63평(210.48)",
            "last_sales":"2021-08-19,258000.0,48평(161.26)"
        },
        {
            "index":297,
            "아파트명":"한라",
            "투자타입":"일반",
            "전용면적(m2)":"78.78",
            "전용면적(평)":"23평",
            "법정동주소":"서울시 영등포구 도림동 231-1",
            "도로명주소":"서울시 영등포구 도신로15라길 5-7",
            "세대수":0,
            "입주년차":0,
            "용적률점수":"--",
            "건폐율점수":"--",
            "세대당주차수":0,
            "난방방식":30,
            "공급면적":"--",
            "전용률":"--",
            "욕실수":50,
            "현관타입":100,
            "주거총점":18.0,
            "지역구공급총점":100.0,
            "역세권":50,
            "30분내 이동가능 거점":60,
            "1시간내 이동가능 거점":100,
            "교통총점":63.0,
            "백화점":100,
            "아울렛몰":100,
            "대형마트":100,
            "은행":0,
            "병원":60,
            "종합병원":100,
            "공원":100,
            "혐오시설":0,
            "인프라총점":84.0,
            "초등학군":77.09,
            "중학군":35.74,
            "학군총점":44.01,
            "인구수":42.36,
            "인구증감":9.01,
            "인구총점":32.355,
            "일자리":52.7,
            "소득수준":88.01,
            "일자리총점":63.293,
            "가치 총점":57.4515,
            "매매실거래년":20201118.0,
            "매매실거래가":62500.0,
            "전세실거래년":20201026.0,
            "전세실거래가":39000.0,
            "전세가율":62.4,
            "장기전세가율평균":64.5,
            "전세가율거품지수":2.1,
            "검색코드":965,
            "세대수":142.0,
            "준공년월":"1998-08-27",
            "준공년차":25.0,
            "가까운역이름":"신도림",
            "가까운역거리":556.16,
            "역세권여부":"준역세권",
            "30분이내주요거점역":3,
            "1시간이내주요거점역":13,
            "3km이내백화점수":4,
            "5km이내아울렛몰수":2,
            "1km이내대형먀트수":2,
            "500m이내은행수":1,
            "500m이내병원수":18,
            "5km이내대형병원수":14,
            "500m이내공원수":2,
            "3km이내혐오시설수":0,
            "초등학교학업성취도":77.09,
            "중학교학업성취도":59.3,
            "용적률":399,
            "건폐율":31,
            "Y":37.507412,
            "X":126.897379,
            "rank":157.0,
            "area_info":"23평(78.78), 33평(111.77), 33평(111.07)",
            "last_sales":"2020-11-18,62500.0,23평(78.78)"
        },
        {
            "index":779,
            "아파트명":"초원(순복음)",
            "투자타입":"재건축",
            "전용면적(m2)":"89.26",
            "전용면적(평)":"27평",
            "법정동주소":"서울시 영등포구 여의도동 11-1",
            "도로명주소":"서울시 영등포구 국회대로76가길 11",
            "세대수":0,
            "입주년차":"--",
            "용적률점수":0,
            "건폐율점수":0,
            "세대당주차수":"--",
            "난방방식":"--",
            "공급면적":70,
            "전용률":60,
            "욕실수":"--",
            "현관타입":"--",
            "주거총점":6.5,
            "지역구공급총점":100.0,
            "역세권":50,
            "30분내 이동가능 거점":40,
            "1시간내 이동가능 거점":100,
            "교통총점":57.0,
            "백화점":100,
            "아울렛몰":80,
            "대형마트":100,
            "은행":100,
            "병원":60,
            "종합병원":100,
            "공원":0,
            "혐오시설":0,
            "인프라총점":89.0,
            "초등학군":85.0,
            "중학군":55.24,
            "학군총점":61.192,
            "인구수":42.36,
            "인구증감":9.01,
            "인구총점":32.355,
            "일자리":52.7,
            "소득수준":88.01,
            "일자리총점":63.293,
            "가치 총점":57.1288,
            "매매실거래년":20211014.0,
            "매매실거래가":106000.0,
            "전세실거래년":20211206.0,
            "전세실거래가":27800.0,
            "전세가율":26.23,
            "장기전세가율평균":64.5,
            "전세가율거품지수":38.27,
            "검색코드":25355,
            "세대수":153.0,
            "준공년월":"1971-08-27",
            "준공년차":52.0,
            "가까운역이름":"국회의사당",
            "가까운역거리":617.63,
            "역세권여부":"준역세권",
            "30분이내주요거점역":2,
            "1시간이내주요거점역":12,
            "3km이내백화점수":4,
            "5km이내아울렛몰수":1,
            "1km이내대형먀트수":2,
            "500m이내은행수":8,
            "500m이내병원수":16,
            "5km이내대형병원수":11,
            "500m이내공원수":0,
            "3km이내혐오시설수":0,
            "초등학교학업성취도":85.0,
            "중학교학업성취도":89.8,
            "용적률":0,
            "건폐율":0,
            "Y":37.530868,
            "X":126.92395,
            "rank":158.0,
            "area_info":"27평(89.26)",
            "last_sales":"2021-10-14,106000.0,27평(89.26)"
        },
        {
            "index":865,
            "아파트명":"영등포브라운스톤",
            "투자타입":"일반",
            "전용면적(m2)":"107.5",
            "전용면적(평)":"32평",
            "법정동주소":"서울시 영등포구 영등포동7가 202",
            "도로명주소":"서울시 영등포구 버드나루로12가길 13",
            "세대수":0,
            "입주년차":40,
            "용적률점수":"--",
            "건폐율점수":"--",
            "세대당주차수":30,
            "난방방식":30,
            "공급면적":"--",
            "전용률":"--",
            "욕실수":100,
            "현관타입":100,
            "주거총점":35.5,
            "지역구공급총점":100.0,
            "역세권":50,
            "30분내 이동가능 거점":40,
            "1시간내 이동가능 거점":100,
            "교통총점":57.0,
            "백화점":100,
            "아울렛몰":0,
            "대형마트":100,
            "은행":20,
            "병원":30,
            "종합병원":100,
            "공원":100,
            "혐오시설":0,
            "인프라총점":73.0,
            "초등학군":89.06,
            "중학군":44.96,
            "학군총점":53.78,
            "인구수":42.36,
            "인구증감":9.01,
            "인구총점":32.355,
            "일자리":52.7,
            "소득수준":88.01,
            "일자리총점":63.293,
            "가치 총점":57.017,
            "매매실거래년":20210812.0,
            "매매실거래가":95000.0,
            "전세실거래년":20211224.0,
            "전세실거래가":58000.0,
            "전세가율":61.05,
            "장기전세가율평균":64.5,
            "전세가율거품지수":3.45,
            "검색코드":8875,
            "세대수":118.0,
            "준공년월":"2004-03-18",
            "준공년차":19.0,
            "가까운역이름":"영등포시장",
            "가까운역거리":568.82,
            "역세권여부":"준역세권",
            "30분이내주요거점역":2,
            "1시간이내주요거점역":10,
            "3km이내백화점수":4,
            "5km이내아울렛몰수":0,
            "1km이내대형먀트수":2,
            "500m이내은행수":2,
            "500m이내병원수":5,
            "5km이내대형병원수":14,
            "500m이내공원수":3,
            "3km이내혐오시설수":0,
            "초등학교학업성취도":89.06,
            "중학교학업성취도":74.2,
            "용적률":294,
            "건폐율":16,
            "Y":37.523725,
            "X":126.91145,
            "rank":159.0,
            "area_info":"32평(107.5), 32평(107.45)",
            "last_sales":"2021-08-12,95000.0,32평(107.5)"
        },
        {
            "index":359,
            "아파트명":"대원",
            "투자타입":"일반",
            "전용면적(m2)":"75.67",
            "전용면적(평)":"22평",
            "법정동주소":"서울시 영등포구 문래동6가 47-1",
            "도로명주소":"서울시 영등포구 문래로4길 26",
            "세대수":0,
            "입주년차":0,
            "용적률점수":"--",
            "건폐율점수":"--",
            "세대당주차수":30,
            "난방방식":30,
            "공급면적":"--",
            "전용률":"--",
            "욕실수":50,
            "현관타입":100,
            "주거총점":22.5,
            "지역구공급총점":100.0,
            "역세권":80,
            "30분내 이동가능 거점":60,
            "1시간내 이동가능 거점":60,
            "교통총점":70.0,
            "백화점":100,
            "아울렛몰":100,
            "대형마트":0,
            "은행":0,
            "병원":10,
            "종합병원":100,
            "공원":100,
            "혐오시설":0,
            "인프라총점":64.0,
            "초등학군":90.47,
            "중학군":49.52,
            "학군총점":57.71,
            "인구수":42.36,
            "인구증감":9.01,
            "인구총점":32.355,
            "일자리":52.7,
            "소득수준":88.01,
            "일자리총점":63.293,
            "가치 총점":56.8565,
            "매매실거래년":20200727.0,
            "매매실거래가":86000.0,
            "전세실거래년":20211228.0,
            "전세실거래가":44000.0,
            "전세가율":69.84,
            "장기전세가율평균":64.5,
            "전세가율거품지수":-5.34,
            "검색코드":890,
            "세대수":218.0,
            "준공년월":"1998-10-28",
            "준공년차":25.0,
            "가까운역이름":"도림천",
            "가까운역거리":487.99,
            "역세권여부":"역세권",
            "30분이내주요거점역":3,
            "1시간이내주요거점역":6,
            "3km이내백화점수":4,
            "5km이내아울렛몰수":2,
            "1km이내대형먀트수":0,
            "500m이내은행수":1,
            "500m이내병원수":4,
            "5km이내대형병원수":13,
            "500m이내공원수":2,
            "3km이내혐오시설수":0,
            "초등학교학업성취도":90.47,
            "중학교학업성취도":81.6,
            "용적률":328,
            "건폐율":28,
            "Y":37.518674,
            "X":126.882915,
            "rank":160.0,
            "area_info":"22평(75.67), 23평(77.77), 30평(102.46), 32평(107.44), 39평(128.95), 38평(128.83)",
            "last_sales":"2020-07-27,86000.0,38평(128.83)"
        },
        {
            "index":500,
            "아파트명":"신길우성5차",
            "투자타입":"일반",
            "전용면적(m2)":"102.9",
            "전용면적(평)":"31평",
            "법정동주소":"서울시 영등포구 신길동 4933",
            "도로명주소":"서울시 영등포구 도신로 100",
            "세대수":30,
            "입주년차":0,
            "용적률점수":"--",
            "건폐율점수":"--",
            "세대당주차수":0,
            "난방방식":30,
            "공급면적":"--",
            "전용률":"--",
            "욕실수":100,
            "현관타입":100,
            "주거총점":33.5,
            "지역구공급총점":100.0,
            "역세권":50,
            "30분내 이동가능 거점":40,
            "1시간내 이동가능 거점":100,
            "교통총점":57.0,
            "백화점":100,
            "아울렛몰":100,
            "대형마트":0,
            "은행":70,
            "병원":60,
            "종합병원":100,
            "공원":100,
            "혐오시설":0,
            "인프라총점":76.0,
            "초등학군":82.04,
            "중학군":35.74,
            "학군총점":45.0,
            "인구수":42.36,
            "인구증감":9.01,
            "인구총점":32.355,
            "일자리":52.7,
            "소득수준":88.01,
            "일자리총점":63.293,
            "가치 총점":56.2,
            "매매실거래년":20211031.0,
            "매매실거래가":89000.0,
            "전세실거래년":20220107.0,
            "전세실거래가":39700.0,
            "전세가율":44.61,
            "장기전세가율평균":64.5,
            "전세가율거품지수":19.89,
            "검색코드":723,
            "세대수":321.0,
            "준공년월":"1993-10-26",
            "준공년차":30.0,
            "가까운역이름":"신풍",
            "가까운역거리":932.01,
            "역세권여부":"준역세권",
            "30분이내주요거점역":2,
            "1시간이내주요거점역":11,
            "3km이내백화점수":4,
            "5km이내아울렛몰수":2,
            "1km이내대형먀트수":0,
            "500m이내은행수":4,
            "500m이내병원수":26,
            "5km이내대형병원수":14,
            "500m이내공원수":3,
            "3km이내혐오시설수":0,
            "초등학교학업성취도":82.04,
            "중학교학업성취도":59.3,
            "용적률":257,
            "건폐율":18,
            "Y":37.506776,
            "X":126.903575,
            "rank":161.0,
            "area_info":"31평(102.9)",
            "last_sales":"2021-10-31,89000.0,31평(102.9)"
        },
        {
            "index":619,
            "아파트명":"동보",
            "투자타입":"일반",
            "전용면적(m2)":"80.99",
            "전용면적(평)":"24평",
            "법정동주소":"서울시 영등포구 양평동5가 9-1",
            "도로명주소":"서울시 영등포구 양평로23길 18",
            "세대수":0,
            "입주년차":0,
            "용적률점수":"--",
            "건폐율점수":"--",
            "세대당주차수":30,
            "난방방식":30,
            "공급면적":"--",
            "전용률":"--",
            "욕실수":50,
            "현관타입":100,
            "주거총점":22.5,
            "지역구공급총점":100.0,
            "역세권":80,
            "30분내 이동가능 거점":60,
            "1시간내 이동가능 거점":50,
            "교통총점":68.0,
            "백화점":100,
            "아울렛몰":0,
            "대형마트":0,
            "은행":70,
            "병원":60,
            "종합병원":100,
            "공원":0,
            "혐오시설":-50,
            "인프라총점":62.0,
            "초등학군":80.39,
            "중학군":54.8,
            "학군총점":59.918,
            "인구수":42.36,
            "인구증감":9.01,
            "인구총점":32.355,
            "일자리":52.7,
            "소득수준":88.01,
            "일자리총점":63.293,
            "가치 총점":55.8877,
            "매매실거래년":20211223.0,
            "매매실거래가":105000.0,
            "전세실거래년":20211129.0,
            "전세실거래가":32000.0,
            "전세가율":37.78,
            "장기전세가율평균":64.5,
            "전세가율거품지수":26.72,
            "검색코드":475,
            "세대수":184.0,
            "준공년월":"1998-10-16",
            "준공년차":25.0,
            "가까운역이름":"선유도",
            "가까운역거리":225.73,
            "역세권여부":"역세권",
            "30분이내주요거점역":3,
            "1시간이내주요거점역":5,
            "3km이내백화점수":3,
            "5km이내아울렛몰수":0,
            "1km이내대형먀트수":0,
            "500m이내은행수":3,
            "500m이내병원수":13,
            "5km이내대형병원수":9,
            "500m이내공원수":0,
            "3km이내혐오시설수":1,
            "초등학교학업성취도":80.39,
            "중학교학업성취도":90.4,
            "용적률":320,
            "건폐율":23,
            "Y":37.538041,
            "X":126.890965,
            "rank":162.0,
            "area_info":"24평(80.99), 33평(109.43), 49평(163.68)",
            "last_sales":"2021-12-23,105000.0,33평(109.43)"
        },
        {
            "index":368,
            "아파트명":"문래현대6차",
            "투자타입":"일반",
            "전용면적(m2)":"71.82",
            "전용면적(평)":"21평",
            "법정동주소":"서울시 영등포구 문래동6가 55-1",
            "도로명주소":"서울시 영등포구 선유서로 31",
            "세대수":0,
            "입주년차":0,
            "용적률점수":"--",
            "건폐율점수":"--",
            "세대당주차수":0,
            "난방방식":30,
            "공급면적":"--",
            "전용률":"--",
            "욕실수":50,
            "현관타입":10,
            "주거총점":9.0,
            "지역구공급총점":100.0,
            "역세권":80,
            "30분내 이동가능 거점":60,
            "1시간내 이동가능 거점":60,
            "교통총점":70.0,
            "백화점":100,
            "아울렛몰":100,
            "대형마트":0,
            "은행":0,
            "병원":60,
            "종합병원":100,
            "공원":100,
            "혐오시설":0,
            "인프라총점":69.0,
            "초등학군":90.47,
            "중학군":49.52,
            "학군총점":57.71,
            "인구수":42.36,
            "인구증감":9.01,
            "인구총점":32.355,
            "일자리":52.7,
            "소득수준":88.01,
            "일자리총점":63.293,
            "가치 총점":55.6565,
            "매매실거래년":20211007.0,
            "매매실거래가":110000.0,
            "전세실거래년":20211211.0,
            "전세실거래가":30450.0,
            "전세가율":40.87,
            "장기전세가율평균":64.5,
            "전세가율거품지수":23.63,
            "검색코드":715,
            "세대수":270.0,
            "준공년월":"1997-07-18",
            "준공년차":26.0,
            "가까운역이름":"도림천",
            "가까운역거리":472.95,
            "역세권여부":"역세권",
            "30분이내주요거점역":3,
            "1시간이내주요거점역":6,
            "3km이내백화점수":4,
            "5km이내아울렛몰수":2,
            "1km이내대형먀트수":0,
            "500m이내은행수":1,
            "500m이내병원수":15,
            "5km이내대형병원수":13,
            "500m이내공원수":2,
            "3km이내혐오시설수":0,
            "초등학교학업성취도":90.47,
            "중학교학업성취도":81.6,
            "용적률":308,
            "건폐율":25,
            "Y":37.518466,
            "X":126.883766,
            "rank":163.0,
            "area_info":"21평(71.82), 32평(106.33), 32평(106.55), 41평(138.36), 42평(139.02)",
            "last_sales":"2021-10-07,110000.0,32평(106.33)"
        },
        {
            "index":610,
            "아파트명":"경남아너스빌",
            "투자타입":"일반",
            "전용면적(m2)":"85.59",
            "전용면적(평)":"25평",
            "법정동주소":"서울시 영등포구 양평동4가 51-1",
            "도로명주소":"서울시 영등포구 양평로17길 9",
            "세대수":0,
            "입주년차":20,
            "용적률점수":"--",
            "건폐율점수":"--",
            "세대당주차수":30,
            "난방방식":30,
            "공급면적":"--",
            "전용률":"--",
            "욕실수":50,
            "현관타입":10,
            "주거총점":17.5,
            "지역구공급총점":100.0,
            "역세권":80,
            "30분내 이동가능 거점":40,
            "1시간내 이동가능 거점":60,
            "교통총점":64.0,
            "백화점":100,
            "아울렛몰":0,
            "대형마트":0,
            "은행":100,
            "병원":80,
            "종합병원":100,
            "공원":100,
            "혐오시설":0,
            "인프라총점":71.0,
            "초등학군":80.39,
            "중학군":49.84,
            "학군총점":55.95,
            "인구수":42.36,
            "인구증감":9.01,
            "인구총점":32.355,
            "일자리":52.7,
            "소득수준":88.01,
            "일자리총점":63.293,
            "가치 총점":55.5925,
            "매매실거래년":20211103.0,
            "매매실거래가":80000.0,
            "전세실거래년":20211212.0,
            "전세실거래가":34650.0,
            "전세가율":42.26,
            "장기전세가율평균":64.5,
            "전세가율거품지수":22.24,
            "검색코드":1217,
            "세대수":198.0,
            "준공년월":"2000-03-11",
            "준공년차":23.0,
            "가까운역이름":"선유도",
            "가까운역거리":351.56,
            "역세권여부":"역세권",
            "30분이내주요거점역":2,
            "1시간이내주요거점역":6,
            "3km이내백화점수":3,
            "5km이내아울렛몰수":0,
            "1km이내대형먀트수":0,
            "500m이내은행수":5,
            "500m이내병원수":35,
            "5km이내대형병원수":12,
            "500m이내공원수":3,
            "3km이내혐오시설수":0,
            "초등학교학업성취도":80.39,
            "중학교학업성취도":81.4,
            "용적률":0,
            "건폐율":0,
            "Y":37.535712,
            "X":126.89625,
            "rank":164.0,
            "area_info":"25평(85.59), 29평(96.6), 30평(101.46)",
            "last_sales":"2021-11-03,80000.0,30평(101.46)"
        },
        {
            "index":747,
            "아파트명":"여의도금호리첸시아",
            "투자타입":"일반",
            "전용면적(m2)":"135.05",
            "전용면적(평)":"40평",
            "법정동주소":"서울시 영등포구 여의도동 61",
            "도로명주소":"서울시 영등포구 여의동로 213",
            "세대수":0,
            "입주년차":20,
            "용적률점수":"--",
            "건폐율점수":"--",
            "세대당주차수":100,
            "난방방식":100,
            "공급면적":"--",
            "전용률":"--",
            "욕실수":100,
            "현관타입":10,
            "주거총점":40.0,
            "지역구공급총점":100.0,
            "역세권":50,
            "30분내 이동가능 거점":20,
            "1시간내 이동가능 거점":100,
            "교통총점":51.0,
            "백화점":100,
            "아울렛몰":80,
            "대형마트":0,
            "은행":70,
            "병원":10,
            "종합병원":100,
            "공원":100,
            "혐오시설":-50,
            "인프라총점":68.0,
            "초등학군":90.28,
            "중학군":55.24,
            "학군총점":62.248,
            "인구수":42.36,
            "인구증감":9.01,
            "인구총점":32.355,
            "일자리":52.7,
            "소득수준":88.01,
            "일자리총점":63.293,
            "가치 총점":55.5872,
            "매매실거래년":20210504.0,
            "매매실거래가":375000.0,
            "전세실거래년":20220112.0,
            "전세실거래가":105000.0,
            "전세가율":75.0,
            "장기전세가율평균":64.5,
            "전세가율거품지수":-10.5,
            "검색코드":8776,
            "세대수":248.0,
            "준공년월":"2003-11-26",
            "준공년차":20.0,
            "가까운역이름":"노량진",
            "가까운역거리":552.5,
            "역세권여부":"준역세권",
            "30분이내주요거점역":1,
            "1시간이내주요거점역":11,
            "3km이내백화점수":2,
            "5km이내아울렛몰수":1,
            "1km이내대형먀트수":0,
            "500m이내은행수":4,
            "500m이내병원수":3,
            "5km이내대형병원수":11,
            "500m이내공원수":2,
            "3km이내혐오시설수":1,
            "초등학교학업성취도":90.28,
            "중학교학업성취도":89.8,
            "용적률":799,
            "건폐율":37,
            "Y":37.518647,
            "X":126.939612,
            "rank":165.0,
            "area_info":"40평(135.05), 43평(145.0), 50평(167.64), 53평(178.41), 54평(179.66), 60평(200.25), 60평(200.52), 70평(232.11), 72평(238.25), 74평(246.85), 76평(253.54), 78평(259.42), 81평(268.51)",
            "last_sales":"2021-05-04,375000.0,78평(259.42)"
        },
        {
            "index":218,
            "아파트명":"대림현대",
            "투자타입":"일반",
            "전용면적(m2)":"78.61",
            "전용면적(평)":"23평",
            "법정동주소":"서울시 영등포구 대림동 946-1",
            "도로명주소":"서울시 영등포구 시흥대로187길 12",
            "세대수":0,
            "입주년차":20,
            "용적률점수":"--",
            "건폐율점수":"--",
            "세대당주차수":30,
            "난방방식":30,
            "공급면적":"--",
            "전용률":"--",
            "욕실수":50,
            "현관타입":10,
            "주거총점":17.5,
            "지역구공급총점":100.0,
            "역세권":50,
            "30분내 이동가능 거점":60,
            "1시간내 이동가능 거점":100,
            "교통총점":63.0,
            "백화점":100,
            "아울렛몰":100,
            "대형마트":0,
            "은행":70,
            "병원":60,
            "종합병원":100,
            "공원":80,
            "혐오시설":0,
            "인프라총점":75.4,
            "초등학군":100.0,
            "중학군":36.18,
            "학군총점":48.944,
            "인구수":42.36,
            "인구증감":9.01,
            "인구총점":32.355,
            "일자리":52.7,
            "소득수준":88.01,
            "일자리총점":63.293,
            "가치 총점":55.5116,
            "매매실거래년":20210729.0,
            "매매실거래가":82000.0,
            "전세실거래년":20210422.0,
            "전세실거래가":35000.0,
            "전세가율":50.0,
            "장기전세가율평균":64.5,
            "전세가율거품지수":14.5,
            "검색코드":8150,
            "세대수":217.0,
            "준공년월":"1999-02-03",
            "준공년차":24.0,
            "가까운역이름":"신대방",
            "가까운역거리":777.29,
            "역세권여부":"준역세권",
            "30분이내주요거점역":3,
            "1시간이내주요거점역":14,
            "3km이내백화점수":4,
            "5km이내아울렛몰수":2,
            "1km이내대형먀트수":0,
            "500m이내은행수":4,
            "500m이내병원수":21,
            "5km이내대형병원수":14,
            "500m이내공원수":1,
            "3km이내혐오시설수":0,
            "초등학교학업성취도":100.0,
            "중학교학업성취도":60.3,
            "용적률":0,
            "건폐율":0,
            "Y":37.49323,
            "X":126.908172,
            "rank":166.0,
            "area_info":"23평(78.61), 29평(97.7), 30평(99.63)",
            "last_sales":"2021-07-29,82000.0,30평(99.63)"
        },
        {
            "index":569,
            "아파트명":"오목교벽산블루밍",
            "투자타입":"일반",
            "전용면적(m2)":"53.94",
            "전용면적(평)":"16평",
            "법정동주소":"서울시 영등포구 양평동2가 39-1",
            "도로명주소":"서울시 영등포구 선유서로21길 30",
            "세대수":0,
            "입주년차":0,
            "용적률점수":"--",
            "건폐율점수":"--",
            "세대당주차수":30,
            "난방방식":100,
            "공급면적":"--",
            "전용률":"--",
            "욕실수":50,
            "현관타입":10,
            "주거총점":20.5,
            "지역구공급총점":100.0,
            "역세권":80,
            "30분내 이동가능 거점":20,
            "1시간내 이동가능 거점":50,
            "교통총점":56.0,
            "백화점":100,
            "아울렛몰":80,
            "대형마트":100,
            "은행":0,
            "병원":30,
            "종합병원":100,
            "공원":0,
            "혐오시설":0,
            "인프라총점":76.0,
            "초등학군":90.47,
            "중학군":49.52,
            "학군총점":57.71,
            "인구수":42.36,
            "인구증감":9.01,
            "인구총점":32.355,
            "일자리":52.7,
            "소득수준":88.01,
            "일자리총점":63.293,
            "가치 총점":55.1565,
            "매매실거래년":20210119.0,
            "매매실거래가":69700.0,
            "전세실거래년":20191213.0,
            "전세실거래가":23000.0,
            "전세가율":46.0,
            "장기전세가율평균":64.5,
            "전세가율거품지수":18.5,
            "검색코드":734,
            "세대수":114.0,
            "준공년월":"1996-12-07",
            "준공년차":27.0,
            "가까운역이름":"양평",
            "가까운역거리":430.21,
            "역세권여부":"역세권",
            "30분이내주요거점역":1,
            "1시간이내주요거점역":5,
            "3km이내백화점수":4,
            "5km이내아울렛몰수":1,
            "1km이내대형먀트수":2,
            "500m이내은행수":1,
            "500m이내병원수":9,
            "5km이내대형병원수":14,
            "500m이내공원수":0,
            "3km이내혐오시설수":0,
            "초등학교학업성취도":90.47,
            "중학교학업성취도":81.6,
            "용적률":365,
            "건폐율":22,
            "Y":37.523073,
            "X":126.882137,
            "rank":167.0,
            "area_info":"16평(53.94), 24평(79.98), 34평(113.55)",
            "last_sales":"2021-01-19,69700.0,24평(79.98)"
        },
        {
            "index":467,
            "아파트명":"신길대성유니드",
            "투자타입":"일반",
            "전용면적(m2)":"72.99",
            "전용면적(평)":"22평",
            "법정동주소":"서울시 영등포구 신길동 389",
            "도로명주소":"서울시 영등포구 가마산로50길 27",
            "세대수":0,
            "입주년차":20,
            "용적률점수":"--",
            "건폐율점수":"--",
            "세대당주차수":30,
            "난방방식":30,
            "공급면적":"--",
            "전용률":"--",
            "욕실수":100,
            "현관타입":100,
            "주거총점":31.5,
            "지역구공급총점":100.0,
            "역세권":50,
            "30분내 이동가능 거점":40,
            "1시간내 이동가능 거점":80,
            "교통총점":53.0,
            "백화점":100,
            "아울렛몰":100,
            "대형마트":0,
            "은행":100,
            "병원":30,
            "종합병원":100,
            "공원":100,
            "혐오시설":0,
            "인프라총점":76.0,
            "초등학군":100.0,
            "중학군":35.74,
            "학군총점":48.592,
            "인구수":42.36,
            "인구증감":9.01,
            "인구총점":32.355,
            "일자리":52.7,
            "소득수준":88.01,
            "일자리총점":63.293,
            "가치 총점":54.9388,
            "매매실거래년":20211106.0,
            "매매실거래가":87000.0,
            "전세실거래년":20200925.0,
            "전세실거래가":30000.0,
            "전세가율":63.83,
            "장기전세가율평균":64.5,
            "전세가율거품지수":0.67,
            "검색코드":9962,
            "세대수":134.0,
            "준공년월":"2003-06-28",
            "준공년차":20.0,
            "가까운역이름":"신풍",
            "가까운역거리":641.73,
            "역세권여부":"준역세권",
            "30분이내주요거점역":2,
            "1시간이내주요거점역":8,
            "3km이내백화점수":4,
            "5km이내아울렛몰수":2,
            "1km이내대형먀트수":0,
            "500m이내은행수":5,
            "500m이내병원수":9,
            "5km이내대형병원수":14,
            "500m이내공원수":3,
            "3km이내혐오시설수":0,
            "초등학교학업성취도":100.0,
            "중학교학업성취도":59.3,
            "용적률":306,
            "건폐율":26,
            "Y":37.50181,
            "X":126.90299,
            "rank":168.0,
            "area_info":"22평(72.99), 31평(103.3), 31평(103.86), 31평(103.92), 31평(104.85)",
            "last_sales":"2021-11-06,87000.0,31평(104.85)"
        },
        {
            "index":628,
            "아파트명":"한솔",
            "투자타입":"일반",
            "전용면적(m2)":"85.85",
            "전용면적(평)":"25평",
            "법정동주소":"서울시 영등포구 양평동6가 99",
            "도로명주소":"서울시 영등포구 양평로30길 51",
            "세대수":0,
            "입주년차":20,
            "용적률점수":"--",
            "건폐율점수":"--",
            "세대당주차수":30,
            "난방방식":30,
            "공급면적":"--",
            "전용률":"--",
            "욕실수":50,
            "현관타입":10,
            "주거총점":17.5,
            "지역구공급총점":100.0,
            "역세권":80,
            "30분내 이동가능 거점":60,
            "1시간내 이동가능 거점":90,
            "교통총점":76.0,
            "백화점":100,
            "아울렛몰":0,
            "대형마트":0,
            "은행":0,
            "병원":0,
            "종합병원":100,
            "공원":0,
            "혐오시설":-50,
            "인프라총점":49.0,
            "초등학군":100.0,
            "중학군":58.8,
            "학군총점":67.04,
            "인구수":42.36,
            "인구증감":9.01,
            "인구총점":32.355,
            "일자리":52.7,
            "소득수준":88.01,
            "일자리총점":63.293,
            "가치 총점":54.856,
            "매매실거래년":20211230.0,
            "매매실거래가":95000.0,
            "전세실거래년":20220104.0,
            "전세실거래가":45000.0,
            "전세가율":55.56,
            "장기전세가율평균":64.5,
            "전세가율거품지수":8.94,
            "검색코드":1220,
            "세대수":219.0,
            "준공년월":"1999-09-01",
            "준공년차":24.0,
            "가까운역이름":"신목동",
            "가까운역거리":423.74,
            "역세권여부":"역세권",
            "30분이내주요거점역":3,
            "1시간이내주요거점역":9,
            "3km이내백화점수":1,
            "5km이내아울렛몰수":0,
            "1km이내대형먀트수":0,
            "500m이내은행수":0,
            "500m이내병원수":0,
            "5km이내대형병원수":8,
            "500m이내공원수":0,
            "3km이내혐오시설수":1,
            "초등학교학업성취도":100.0,
            "중학교학업성취도":95.8,
            "용적률":382,
            "건폐율":29,
            "Y":37.544697,
            "X":126.887857,
            "rank":169.0,
            "area_info":"25평(85.85), 30평(99.97), 33평(111.24), 42평(140.91)",
            "last_sales":"2021-12-30,95000.0,42평(140.91)"
        },
        {
            "index":501,
            "아파트명":"신길자이",
            "투자타입":"일반",
            "전용면적(m2)":"84.26",
            "전용면적(평)":"25평",
            "법정동주소":"서울시 영등포구 신길동 4938",
            "도로명주소":"서울시 영등포구 가마산로79길 19",
            "세대수":0,
            "입주년차":60,
            "용적률점수":"--",
            "건폐율점수":"--",
            "세대당주차수":30,
            "난방방식":30,
            "공급면적":"--",
            "전용률":"--",
            "욕실수":100,
            "현관타입":100,
            "주거총점":39.5,
            "지역구공급총점":100.0,
            "역세권":50,
            "30분내 이동가능 거점":40,
            "1시간내 이동가능 거점":90,
            "교통총점":55.0,
            "백화점":100,
            "아울렛몰":100,
            "대형마트":0,
            "은행":0,
            "병원":30,
            "종합병원":100,
            "공원":100,
            "혐오시설":0,
            "인프라총점":66.0,
            "초등학군":81.82,
            "중학군":42.56,
            "학군총점":50.412,
            "인구수":42.36,
            "인구증감":9.01,
            "인구총점":32.355,
            "일자리":52.7,
            "소득수준":88.01,
            "일자리총점":63.293,
            "가치 총점":54.5118,
            "매매실거래년":20210817.0,
            "매매실거래가":95000.0,
            "전세실거래년":20211201.0,
            "전세실거래가":41900.0,
            "전세가율":44.11,
            "장기전세가율평균":64.5,
            "전세가율거품지수":20.39,
            "검색코드":27465,
            "세대수":198.0,
            "준공년월":"2011-06-30",
            "준공년차":12.0,
            "가까운역이름":"보라매",
            "가까운역거리":795.07,
            "역세권여부":"준역세권",
            "30분이내주요거점역":2,
            "1시간이내주요거점역":9,
            "3km이내백화점수":5,
            "5km이내아울렛몰수":2,
            "1km이내대형먀트수":0,
            "500m이내은행수":0,
            "500m이내병원수":9,
            "5km이내대형병원수":13,
            "500m이내공원수":3,
            "3km이내혐오시설수":0,
            "초등학교학업성취도":81.82,
            "중학교학업성취도":69.8,
            "용적률":233,
            "건폐율":21,
            "Y":37.506272,
            "X":126.916409,
            "rank":170.0,
            "area_info":"25평(84.26), 33평(109.84), 43평(145.16)",
            "last_sales":"2021-08-17,95000.0,25평(84.26)"
        },
        {
            "index":384,
            "아파트명":"현대2차",
            "투자타입":"재건축",
            "전용면적(m2)":"59.49",
            "전용면적(평)":"17평",
            "법정동주소":"서울시 영등포구 문래동6가 45",
            "도로명주소":"서울시 영등포구 문래로4길 6",
            "세대수":30,
            "입주년차":"--",
            "용적률점수":20,
            "건폐율점수":80,
            "세대당주차수":"--",
            "난방방식":"--",
            "공급면적":50,
            "전용률":40,
            "욕실수":"--",
            "현관타입":"--",
            "주거총점":37.5,
            "지역구공급총점":100.0,
            "역세권":50,
            "30분내 이동가능 거점":40,
            "1시간내 이동가능 거점":70,
            "교통총점":51.0,
            "백화점":100,
            "아울렛몰":100,
            "대형마트":0,
            "은행":20,
            "병원":30,
            "종합병원":100,
            "공원":80,
            "혐오시설":0,
            "인프라총점":67.4,
            "초등학군":90.47,
            "중학군":49.52,
            "학군총점":57.71,
            "인구수":42.36,
            "인구증감":9.01,
            "인구총점":32.355,
            "일자리":52.7,
            "소득수준":88.01,
            "일자리총점":63.293,
            "가치 총점":54.2265,
            "매매실거래년":20201214.0,
            "매매실거래가":54800.0,
            "전세실거래년":20201215.0,
            "전세실거래가":23000.0,
            "전세가율":41.97,
            "장기전세가율평균":64.5,
            "전세가율거품지수":22.53,
            "검색코드":711,
            "세대수":390.0,
            "준공년월":"1987-10-29",
            "준공년차":36.0,
            "가까운역이름":"양평",
            "가까운역거리":626.99,
            "역세권여부":"준역세권",
            "30분이내주요거점역":2,
            "1시간이내주요거점역":7,
            "3km이내백화점수":4,
            "5km이내아울렛몰수":2,
            "1km이내대형먀트수":0,
            "500m이내은행수":2,
            "500m이내병원수":9,
            "5km이내대형병원수":14,
            "500m이내공원수":1,
            "3km이내혐오시설수":0,
            "초등학교학업성취도":90.47,
            "중학교학업성취도":81.6,
            "용적률":251,
            "건폐율":21,
            "Y":37.520529,
            "X":126.882797,
            "rank":171.0,
            "area_info":"17평(59.49), 22평(74.24), 24평(82.21), 28평(95.59)",
            "last_sales":"2020-12-14,54800.0,17평(59.49)"
        },
        {
            "index":613,
            "아파트명":"삼호한숲",
            "투자타입":"일반",
            "전용면적(m2)":"86.17",
            "전용면적(평)":"26평",
            "법정동주소":"서울시 영등포구 양평동4가 94",
            "도로명주소":"서울시 영등포구 선유로47길 34",
            "세대수":0,
            "입주년차":20,
            "용적률점수":"--",
            "건폐율점수":"--",
            "세대당주차수":30,
            "난방방식":30,
            "공급면적":"--",
            "전용률":"--",
            "욕실수":100,
            "현관타입":10,
            "주거총점":22.5,
            "지역구공급총점":100.0,
            "역세권":80,
            "30분내 이동가능 거점":40,
            "1시간내 이동가능 거점":40,
            "교통총점":60.0,
            "백화점":100,
            "아울렛몰":0,
            "대형마트":0,
            "은행":100,
            "병원":60,
            "종합병원":100,
            "공원":80,
            "혐오시설":-50,
            "인프라총점":67.4,
            "초등학군":80.39,
            "중학군":49.84,
            "학군총점":55.95,
            "인구수":42.36,
            "인구증감":9.01,
            "인구총점":32.355,
            "일자리":52.7,
            "소득수준":88.01,
            "일자리총점":63.293,
            "가치 총점":54.1125,
            "매매실거래년":20211113.0,
            "매매실거래가":92000.0,
            "전세실거래년":20211108.0,
            "전세실거래가":38000.0,
            "전세가율":41.3,
            "장기전세가율평균":64.5,
            "전세가율거품지수":23.2,
            "검색코드":1218,
            "세대수":216.0,
            "준공년월":"2000-02-29",
            "준공년차":23.0,
            "가까운역이름":"선유도",
            "가까운역거리":131.61,
            "역세권여부":"역세권",
            "30분이내주요거점역":2,
            "1시간이내주요거점역":4,
            "3km이내백화점수":3,
            "5km이내아울렛몰수":0,
            "1km이내대형먀트수":0,
            "500m이내은행수":5,
            "500m이내병원수":18,
            "5km이내대형병원수":10,
            "500m이내공원수":1,
            "3km이내혐오시설수":1,
            "초등학교학업성취도":80.39,
            "중학교학업성취도":81.4,
            "용적률":376,
            "건폐율":29,
            "Y":37.536839,
            "X":126.893427,
            "rank":172.0,
            "area_info":"26평(86.17), 26평(86.25), 28평(95.46), 33평(109.18), 43평(144.85)",
            "last_sales":"2021-11-13,92000.0,26평(86.17)"
        },
        {
            "index":513,
            "아파트명":"신미",
            "투자타입":"재건축",
            "전용면적(m2)":"54.41",
            "전용면적(평)":"16평",
            "법정동주소":"서울시 영등포구 신길동 340-1",
            "도로명주소":"서울시 영등포구 신길로23길 20",
            "세대수":0,
            "입주년차":"--",
            "용적률점수":0,
            "건폐율점수":0,
            "세대당주차수":"--",
            "난방방식":"--",
            "공급면적":50,
            "전용률":80,
            "욕실수":"--",
            "현관타입":"--",
            "주거총점":6.5,
            "지역구공급총점":100.0,
            "역세권":80,
            "30분내 이동가능 거점":40,
            "1시간내 이동가능 거점":90,
            "교통총점":70.0,
            "백화점":100,
            "아울렛몰":100,
            "대형마트":0,
            "은행":0,
            "병원":60,
            "종합병원":100,
            "공원":100,
            "혐오시설":0,
            "인프라총점":69.0,
            "초등학군":100.0,
            "중학군":35.74,
            "학군총점":48.592,
            "인구수":42.36,
            "인구증감":9.01,
            "인구총점":32.355,
            "일자리":52.7,
            "소득수준":88.01,
            "일자리총점":63.293,
            "가치 총점":53.7888,
            "매매실거래년":20210109.0,
            "매매실거래가":95000.0,
            "전세실거래년":20210913.0,
            "전세실거래가":13000.0,
            "전세가율":24.53,
            "장기전세가율평균":64.5,
            "전세가율거품지수":39.97,
            "검색코드":3794,
            "세대수":130.0,
            "준공년월":"1981-06-27",
            "준공년차":42.0,
            "가까운역이름":"신풍",
            "가까운역거리":284.19,
            "역세권여부":"역세권",
            "30분이내주요거점역":2,
            "1시간이내주요거점역":9,
            "3km이내백화점수":4,
            "5km이내아울렛몰수":2,
            "1km이내대형먀트수":0,
            "500m이내은행수":1,
            "500m이내병원수":16,
            "5km이내대형병원수":15,
            "500m이내공원수":4,
            "3km이내혐오시설수":0,
            "초등학교학업성취도":100.0,
            "중학교학업성취도":59.3,
            "용적률":0,
            "건폐율":0,
            "Y":37.501457,
            "X":126.907216,
            "rank":173.0,
            "area_info":"16평(54.41), 20평(69.06), 27평(89.26), 31평(103.11)",
            "last_sales":"2021-01-09,95000.0,31평(103.11)"
        },
        {
            "index":122,
            "아파트명":"유원제일",
            "투자타입":"재건축",
            "전용면적(m2)":"72.33",
            "전용면적(평)":"21평",
            "법정동주소":"서울시 영등포구 당산동4가 91",
            "도로명주소":"서울시 영등포구 국회대로29길 13",
            "세대수":30,
            "입주년차":"--",
            "용적률점수":0,
            "건폐율점수":0,
            "세대당주차수":"--",
            "난방방식":"--",
            "공급면적":50,
            "전용률":60,
            "욕실수":"--",
            "현관타입":"--",
            "주거총점":14.5,
            "지역구공급총점":100.0,
            "역세권":50,
            "30분내 이동가능 거점":40,
            "1시간내 이동가능 거점":60,
            "교통총점":49.0,
            "백화점":100,
            "아울렛몰":0,
            "대형마트":80,
            "은행":70,
            "병원":80,
            "종합병원":100,
            "공원":100,
            "혐오시설":0,
            "인프라총점":80.0,
            "초등학군":88.88,
            "중학군":53.46,
            "학군총점":60.544,
            "인구수":42.36,
            "인구증감":9.01,
            "인구총점":32.355,
            "일자리":52.7,
            "소득수준":88.01,
            "일자리총점":63.293,
            "가치 총점":53.1316,
            "매매실거래년":20210908.0,
            "매매실거래가":121000.0,
            "전세실거래년":20211004.0,
            "전세실거래가":27000.0,
            "전세가율":31.76,
            "장기전세가율평균":64.5,
            "전세가율거품지수":32.74,
            "검색코드":682,
            "세대수":360.0,
            "준공년월":"1983-12-15",
            "준공년차":40.0,
            "가까운역이름":"영등포구청",
            "가까운역거리":554.87,
            "역세권여부":"준역세권",
            "30분이내주요거점역":2,
            "1시간이내주요거점역":6,
            "3km이내백화점수":5,
            "5km이내아울렛몰수":0,
            "1km이내대형먀트수":1,
            "500m이내은행수":4,
            "500m이내병원수":32,
            "5km이내대형병원수":13,
            "500m이내공원수":3,
            "3km이내혐오시설수":0,
            "초등학교학업성취도":88.88,
            "중학교학업성취도":88.1,
            "용적률":0,
            "건폐율":0,
            "Y":37.52996,
            "X":126.895927,
            "rank":174.0,
            "area_info":"21평(72.33), 27평(90.01), 30평(101.15), 34평(114.37)",
            "last_sales":"2021-09-08,121000.0,34평(114.37)"
        },
        {
            "index":126,
            "아파트명":"한강",
            "투자타입":"일반",
            "전용면적(m2)":"83.18",
            "전용면적(평)":"25평",
            "법정동주소":"서울시 영등포구 당산동4가 29",
            "도로명주소":"서울시 영등포구 영신로57길 5",
            "세대수":0,
            "입주년차":20,
            "용적률점수":"--",
            "건폐율점수":"--",
            "세대당주차수":30,
            "난방방식":30,
            "공급면적":"--",
            "전용률":"--",
            "욕실수":50,
            "현관타입":10,
            "주거총점":17.5,
            "지역구공급총점":100.0,
            "역세권":50,
            "30분내 이동가능 거점":40,
            "1시간내 이동가능 거점":100,
            "교통총점":57.0,
            "백화점":100,
            "아울렛몰":0,
            "대형마트":0,
            "은행":70,
            "병원":80,
            "종합병원":100,
            "공원":100,
            "혐오시설":0,
            "인프라총점":68.0,
            "초등학군":89.06,
            "중학군":53.46,
            "학군총점":60.58,
            "인구수":42.36,
            "인구증감":9.01,
            "인구총점":32.355,
            "일자리":52.7,
            "소득수준":88.01,
            "일자리총점":63.293,
            "가치 총점":52.937,
            "매매실거래년":20210901.0,
            "매매실거래가":65000.0,
            "전세실거래년":20211126.0,
            "전세실거래가":39900.0,
            "전세가율":42.09,
            "장기전세가율평균":64.5,
            "전세가율거품지수":22.41,
            "검색코드":964,
            "세대수":265.0,
            "준공년월":"1999-09-02",
            "준공년차":24.0,
            "가까운역이름":"영등포시장",
            "가까운역거리":630.48,
            "역세권여부":"준역세권",
            "30분이내주요거점역":2,
            "1시간이내주요거점역":12,
            "3km이내백화점수":5,
            "5km이내아울렛몰수":0,
            "1km이내대형먀트수":0,
            "500m이내은행수":3,
            "500m이내병원수":36,
            "5km이내대형병원수":12,
            "500m이내공원수":4,
            "3km이내혐오시설수":0,
            "초등학교학업성취도":89.06,
            "중학교학업성취도":88.1,
            "용적률":338,
            "건폐율":24,
            "Y":37.528024,
            "X":126.902789,
            "rank":175.0,
            "area_info":"25평(83.18), 29평(99.03)",
            "last_sales":"2021-09-01,65000.0,29평(99.03)"
        },
        {
            "index":422,
            "아파트명":"레전드힐스(도시형)",
            "투자타입":"일반",
            "전용면적(m2)":"22.51",
            "전용면적(평)":"6평",
            "법정동주소":"서울시 영등포구 신길동 261-22",
            "도로명주소":"서울시 영등포구 가마산로 468",
            "세대수":0,
            "입주년차":60,
            "용적률점수":"--",
            "건폐율점수":"--",
            "세대당주차수":0,
            "난방방식":30,
            "공급면적":"--",
            "전용률":"--",
            "욕실수":50,
            "현관타입":10,
            "주거총점":21.0,
            "지역구공급총점":100.0,
            "역세권":50,
            "30분내 이동가능 거점":40,
            "1시간내 이동가능 거점":100,
            "교통총점":57.0,
            "백화점":100,
            "아울렛몰":100,
            "대형마트":0,
            "은행":20,
            "병원":80,
            "종합병원":100,
            "공원":100,
            "혐오시설":0,
            "인프라총점":73.0,
            "초등학군":82.04,
            "중학군":35.74,
            "학군총점":45.0,
            "인구수":42.36,
            "인구증감":9.01,
            "인구총점":32.355,
            "일자리":52.7,
            "소득수준":88.01,
            "일자리총점":63.293,
            "가치 총점":52.8,
            "매매실거래년":20211123.0,
            "매매실거래가":10000.0,
            "전세실거래년":20211218.0,
            "전세실거래가":10000.0,
            "전세가율":100.0,
            "장기전세가율평균":64.5,
            "전세가율거품지수":-35.5,
            "검색코드":105944,
            "세대수":216.0,
            "준공년월":"2013-07-26",
            "준공년차":10.0,
            "가까운역이름":"신풍",
            "가까운역거리":640.33,
            "역세권여부":"준역세권",
            "30분이내주요거점역":2,
            "1시간이내주요거점역":10,
            "3km이내백화점수":5,
            "5km이내아울렛몰수":2,
            "1km이내대형먀트수":0,
            "500m이내은행수":2,
            "500m이내병원수":35,
            "5km이내대형병원수":15,
            "500m이내공원수":3,
            "3km이내혐오시설수":0,
            "초등학교학업성취도":82.04,
            "중학교학업성취도":59.3,
            "용적률":483,
            "건폐율":55,
            "Y":37.505693,
            "X":126.908308,
            "rank":176.0,
            "area_info":"6평(22.51), 6평(22.51), 6평(22.47), 6평(22.36)",
            "last_sales":"2021-11-23,10000.0,6평(22.51)"
        },
        {
            "index":601,
            "아파트명":"양평현대6차",
            "투자타입":"일반",
            "전용면적(m2)":"72.64",
            "전용면적(평)":"21평",
            "법정동주소":"서울시 영등포구 양평동3가 101",
            "도로명주소":"서울시 영등포구 선유로 207",
            "세대수":80,
            "입주년차":20,
            "용적률점수":"--",
            "건폐율점수":"--",
            "세대당주차수":30,
            "난방방식":30,
            "공급면적":"--",
            "전용률":"--",
            "욕실수":50,
            "현관타입":100,
            "주거총점":54.5,
            "지역구공급총점":100.0,
            "역세권":50,
            "30분내 이동가능 거점":20,
            "1시간내 이동가능 거점":40,
            "교통총점":39.0,
            "백화점":100,
            "아울렛몰":0,
            "대형마트":80,
            "은행":0,
            "병원":30,
            "종합병원":100,
            "공원":0,
            "혐오시설":0,
            "인프라총점":65.0,
            "초등학군":85.16,
            "중학군":49.84,
            "학군총점":56.904,
            "인구수":42.36,
            "인구증감":9.01,
            "인구총점":32.355,
            "일자리":52.7,
            "소득수준":88.01,
            "일자리총점":63.293,
            "가치 총점":52.5856,
            "매매실거래년":20211119.0,
            "매매실거래가":97500.0,
            "전세실거래년":20211222.0,
            "전세실거래가":39900.0,
            "전세가율":40.92,
            "장기전세가율평균":64.5,
            "전세가율거품지수":23.58,
            "검색코드":3801,
            "세대수":770.0,
            "준공년월":"2000-12-15",
            "준공년차":23.0,
            "가까운역이름":"선유도",
            "가까운역거리":673.44,
            "역세권여부":"준역세권",
            "30분이내주요거점역":1,
            "1시간이내주요거점역":4,
            "3km이내백화점수":4,
            "5km이내아울렛몰수":0,
            "1km이내대형먀트수":1,
            "500m이내은행수":1,
            "500m이내병원수":7,
            "5km이내대형병원수":12,
            "500m이내공원수":0,
            "3km이내혐오시설수":0,
            "초등학교학업성취도":85.16,
            "중학교학업성취도":81.4,
            "용적률":371,
            "건폐율":23,
            "Y":37.531968,
            "X":126.893816,
            "rank":177.0,
            "area_info":"21평(72.64), 31평(102.87), 31평(102.85)",
            "last_sales":"2021-11-19,97500.0,21평(72.64)"
        },
        {
            "index":605,
            "아파트명":"현대3차",
            "투자타입":"재건축",
            "전용면적(m2)":"90.88",
            "전용면적(평)":"27평",
            "법정동주소":"서울시 영등포구 양평동3가 79",
            "도로명주소":"서울시 영등포구 선유동2로 23",
            "세대수":0,
            "입주년차":"--",
            "용적률점수":60,
            "건폐율점수":0,
            "세대당주차수":"--",
            "난방방식":"--",
            "공급면적":70,
            "전용률":60,
            "욕실수":"--",
            "현관타입":"--",
            "주거총점":30.5,
            "지역구공급총점":100.0,
            "역세권":50,
            "30분내 이동가능 거점":40,
            "1시간내 이동가능 거점":50,
            "교통총점":47.0,
            "백화점":100,
            "아울렛몰":0,
            "대형마트":80,
            "은행":0,
            "병원":60,
            "종합병원":100,
            "공원":100,
            "혐오시설":0,
            "인프라총점":71.0,
            "초등학군":85.16,
            "중학군":49.84,
            "학군총점":56.904,
            "인구수":42.36,
            "인구증감":9.01,
            "인구총점":32.355,
            "일자리":52.7,
            "소득수준":88.01,
            "일자리총점":63.293,
            "가치 총점":52.3856,
            "매매실거래년":20211211.0,
            "매매실거래가":93900.0,
            "전세실거래년":20210901.0,
            "전세실거래가":37800.0,
            "전세가율":40.21,
            "장기전세가율평균":64.5,
            "전세가율거품지수":24.29,
            "검색코드":738,
            "세대수":145.0,
            "준공년월":"1991-04-24",
            "준공년차":32.0,
            "가까운역이름":"당산",
            "가까운역거리":708.47,
            "역세권여부":"준역세권",
            "30분이내주요거점역":2,
            "1시간이내주요거점역":5,
            "3km이내백화점수":4,
            "5km이내아울렛몰수":0,
            "1km이내대형먀트수":1,
            "500m이내은행수":1,
            "500m이내병원수":18,
            "5km이내대형병원수":13,
            "500m이내공원수":2,
            "3km이내혐오시설수":0,
            "초등학교학업성취도":85.16,
            "중학교학업성취도":81.4,
            "용적률":248,
            "건폐율":0,
            "Y":37.531466,
            "X":126.895136,
            "rank":178.0,
            "area_info":"27평(90.88), 32평(107.55), 32평(107.56), 32평(107.66), 32평(107.46)",
            "last_sales":"2021-12-11,93900.0,32평(107.66)"
        },
        {
            "index":572,
            "아파트명":"거성파스텔",
            "투자타입":"일반",
            "전용면적(m2)":"80.54",
            "전용면적(평)":"24평",
            "법정동주소":"서울시 영등포구 양평동3가 90-1",
            "도로명주소":"서울시 영등포구 선유로43가길 24",
            "세대수":50,
            "입주년차":20,
            "용적률점수":"--",
            "건폐율점수":"--",
            "세대당주차수":30,
            "난방방식":30,
            "공급면적":"--",
            "전용률":"--",
            "욕실수":100,
            "현관타입":100,
            "주거총점":49.0,
            "지역구공급총점":100.0,
            "역세권":50,
            "30분내 이동가능 거점":20,
            "1시간내 이동가능 거점":50,
            "교통총점":41.0,
            "백화점":100,
            "아울렛몰":0,
            "대형마트":80,
            "은행":0,
            "병원":0,
            "종합병원":100,
            "공원":0,
            "혐오시설":0,
            "인프라총점":62.0,
            "초등학군":85.16,
            "중학군":49.84,
            "학군총점":56.904,
            "인구수":42.36,
            "인구증감":9.01,
            "인구총점":32.355,
            "일자리":52.7,
            "소득수준":88.01,
            "일자리총점":63.293,
            "가치 총점":51.2856,
            "매매실거래년":20210819.0,
            "매매실거래가":120000.0,
            "전세실거래년":20211120.0,
            "전세실거래가":38850.0,
            "전세가율":42.93,
            "장기전세가율평균":64.5,
            "전세가율거품지수":21.57,
            "검색코드":1216,
            "세대수":532.0,
            "준공년월":"1999-05-24",
            "준공년차":24.0,
            "가까운역이름":"선유도",
            "가까운역거리":733.96,
            "역세권여부":"준역세권",
            "30분이내주요거점역":1,
            "1시간이내주요거점역":5,
            "3km이내백화점수":4,
            "5km이내아울렛몰수":0,
            "1km이내대형먀트수":1,
            "500m이내은행수":1,
            "500m이내병원수":1,
            "5km이내대형병원수":12,
            "500m이내공원수":0,
            "3km이내혐오시설수":0,
            "초등학교학업성취도":85.16,
            "중학교학업성취도":81.4,
            "용적률":365,
            "건폐율":24,
            "Y":37.531536,
            "X":126.891967,
            "rank":179.0,
            "area_info":"24평(80.54), 28평(92.74), 32평(107.99), 48평(158.82)",
            "last_sales":"2021-08-19,120000.0,32평(107.99)"
        },
        {
            "index":624,
            "아파트명":"동양",
            "투자타입":"일반",
            "전용면적(m2)":"83.43",
            "전용면적(평)":"25평",
            "법정동주소":"서울시 영등포구 양평동6가 100",
            "도로명주소":"서울시 영등포구 양평로30가길 15",
            "세대수":0,
            "입주년차":20,
            "용적률점수":"--",
            "건폐율점수":"--",
            "세대당주차수":30,
            "난방방식":30,
            "공급면적":"--",
            "전용률":"--",
            "욕실수":50,
            "현관타입":10,
            "주거총점":17.5,
            "지역구공급총점":100.0,
            "역세권":50,
            "30분내 이동가능 거점":60,
            "1시간내 이동가능 거점":90,
            "교통총점":61.0,
            "백화점":100,
            "아울렛몰":0,
            "대형마트":0,
            "은행":0,
            "병원":0,
            "종합병원":100,
            "공원":0,
            "혐오시설":-50,
            "인프라총점":49.0,
            "초등학군":100.0,
            "중학군":58.8,
            "학군총점":67.04,
            "인구수":42.36,
            "인구증감":9.01,
            "인구총점":32.355,
            "일자리":52.7,
            "소득수준":88.01,
            "일자리총점":63.293,
            "가치 총점":49.606,
            "매매실거래년":20210915.0,
            "매매실거래가":82500.0,
            "전세실거래년":20220112.0,
            "전세실거래가":29400.0,
            "전세가율":35.64,
            "장기전세가율평균":64.5,
            "전세가율거품지수":28.86,
            "검색코드":3797,
            "세대수":263.0,
            "준공년월":"2000-08-05",
            "준공년차":23.0,
            "가까운역이름":"선유도",
            "가까운역거리":594.27,
            "역세권여부":"준역세권",
            "30분이내주요거점역":3,
            "1시간이내주요거점역":9,
            "3km이내백화점수":1,
            "5km이내아울렛몰수":0,
            "1km이내대형먀트수":0,
            "500m이내은행수":1,
            "500m이내병원수":1,
            "5km이내대형병원수":9,
            "500m이내공원수":0,
            "3km이내혐오시설수":1,
            "초등학교학업성취도":100.0,
            "중학교학업성취도":95.8,
            "용적률":269,
            "건폐율":27,
            "Y":37.542463,
            "X":126.889779,
            "rank":180.0,
            "area_info":"25평(83.43), 32평(108.28), 42평(141.39), 42평(141.48)",
            "last_sales":"2021-09-15,82500.0,25평(83.43)"
        },
        {
            "index":458,
            "아파트명":"신기목련",
            "투자타입":"일반",
            "전용면적(m2)":"83.61",
            "전용면적(평)":"25평",
            "법정동주소":"서울시 영등포구 신길동 4935",
            "도로명주소":"서울시 영등포구 신길로42가길 34",
            "세대수":0,
            "입주년차":20,
            "용적률점수":"--",
            "건폐율점수":"--",
            "세대당주차수":0,
            "난방방식":30,
            "공급면적":"--",
            "전용률":"--",
            "욕실수":50,
            "현관타입":100,
            "주거총점":22.0,
            "지역구공급총점":100.0,
            "역세권":0,
            "30분내 이동가능 거점":40,
            "1시간내 이동가능 거점":90,
            "교통총점":30.0,
            "백화점":100,
            "아울렛몰":100,
            "대형마트":0,
            "은행":20,
            "병원":60,
            "종합병원":100,
            "공원":80,
            "혐오시설":0,
            "인프라총점":70.4,
            "초등학군":81.82,
            "중학군":44.96,
            "학군총점":52.332,
            "인구수":42.36,
            "인구증감":9.01,
            "인구총점":32.355,
            "일자리":52.7,
            "소득수준":88.01,
            "일자리총점":63.293,
            "가치 총점":43.8698,
            "매매실거래년":20211127.0,
            "매매실거래가":70000.0,
            "전세실거래년":20190305.0,
            "전세실거래가":25000.0,
            "전세가율":67.75,
            "장기전세가율평균":64.5,
            "전세가율거품지수":-3.25,
            "검색코드":8285,
            "세대수":213.0,
            "준공년월":"2000-07-11",
            "준공년차":23.0,
            "가까운역이름":"신길",
            "가까운역거리":1001.8,
            "역세권여부":"비역세권",
            "30분이내주요거점역":2,
            "1시간이내주요거점역":9,
            "3km이내백화점수":5,
            "5km이내아울렛몰수":2,
            "1km이내대형먀트수":0,
            "500m이내은행수":2,
            "500m이내병원수":25,
            "5km이내대형병원수":13,
            "500m이내공원수":1,
            "3km이내혐오시설수":0,
            "초등학교학업성취도":81.82,
            "중학교학업성취도":74.2,
            "용적률":207,
            "건폐율":15,
            "Y":37.50828,
            "X":126.91499,
            "rank":181.0,
            "area_info":"25평(83.61), 25평(84.11)",
            "last_sales":"2021-11-27,70000.0,25평(84.11)"
        }
    ]
}