{
    "schema":{
        "fields":[
            {
                "name":"index",
                "type":"integer"
            },
            {
                "name":"아파트명",
                "type":"string"
            },
            {
                "name":"투자타입",
                "type":"string"
            },
            {
                "name":"전용면적(m2)",
                "type":"string"
            },
            {
                "name":"전용면적(평)",
                "type":"string"
            },
            {
                "name":"법정동주소",
                "type":"string"
            },
            {
                "name":"도로명주소",
                "type":"string"
            },
            {
                "name":"세대수",
                "type":"integer"
            },
            {
                "name":"입주년차",
                "type":"string"
            },
            {
                "name":"용적률점수",
                "type":"string"
            },
            {
                "name":"건폐율점수",
                "type":"string"
            },
            {
                "name":"세대당주차수",
                "type":"string"
            },
            {
                "name":"난방방식",
                "type":"string"
            },
            {
                "name":"공급면적",
                "type":"string"
            },
            {
                "name":"전용률",
                "type":"string"
            },
            {
                "name":"욕실수",
                "type":"string"
            },
            {
                "name":"현관타입",
                "type":"string"
            },
            {
                "name":"주거총점",
                "type":"number"
            },
            {
                "name":"지역구공급총점",
                "type":"number"
            },
            {
                "name":"역세권",
                "type":"integer"
            },
            {
                "name":"30분내 이동가능 거점",
                "type":"integer"
            },
            {
                "name":"1시간내 이동가능 거점",
                "type":"integer"
            },
            {
                "name":"교통총점",
                "type":"number"
            },
            {
                "name":"백화점",
                "type":"integer"
            },
            {
                "name":"아울렛몰",
                "type":"integer"
            },
            {
                "name":"대형마트",
                "type":"integer"
            },
            {
                "name":"은행",
                "type":"integer"
            },
            {
                "name":"병원",
                "type":"integer"
            },
            {
                "name":"종합병원",
                "type":"integer"
            },
            {
                "name":"공원",
                "type":"integer"
            },
            {
                "name":"혐오시설",
                "type":"integer"
            },
            {
                "name":"인프라총점",
                "type":"number"
            },
            {
                "name":"초등학군",
                "type":"number"
            },
            {
                "name":"중학군",
                "type":"number"
            },
            {
                "name":"학군총점",
                "type":"number"
            },
            {
                "name":"인구수",
                "type":"number"
            },
            {
                "name":"인구증감",
                "type":"number"
            },
            {
                "name":"인구총점",
                "type":"number"
            },
            {
                "name":"일자리",
                "type":"number"
            },
            {
                "name":"소득수준",
                "type":"number"
            },
            {
                "name":"일자리총점",
                "type":"number"
            },
            {
                "name":"가치 총점",
                "type":"number"
            },
            {
                "name":"매매실거래년",
                "type":"string"
            },
            {
                "name":"매매실거래가",
                "type":"number"
            },
            {
                "name":"전세실거래년",
                "type":"number"
            },
            {
                "name":"전세실거래가",
                "type":"number"
            },
            {
                "name":"전세가율",
                "type":"number"
            },
            {
                "name":"장기전세가율평균",
                "type":"number"
            },
            {
                "name":"전세가율거품지수",
                "type":"number"
            },
            {
                "name":"검색코드",
                "type":"integer"
            },
            {
                "name":"세대수",
                "type":"number"
            },
            {
                "name":"준공년월",
                "type":"string"
            },
            {
                "name":"준공년차",
                "type":"number"
            },
            {
                "name":"가까운역이름",
                "type":"string"
            },
            {
                "name":"가까운역거리",
                "type":"number"
            },
            {
                "name":"역세권여부",
                "type":"string"
            },
            {
                "name":"30분이내주요거점역",
                "type":"integer"
            },
            {
                "name":"1시간이내주요거점역",
                "type":"integer"
            },
            {
                "name":"3km이내백화점수",
                "type":"integer"
            },
            {
                "name":"5km이내아울렛몰수",
                "type":"integer"
            },
            {
                "name":"1km이내대형먀트수",
                "type":"integer"
            },
            {
                "name":"500m이내은행수",
                "type":"integer"
            },
            {
                "name":"500m이내병원수",
                "type":"integer"
            },
            {
                "name":"5km이내대형병원수",
                "type":"integer"
            },
            {
                "name":"500m이내공원수",
                "type":"integer"
            },
            {
                "name":"3km이내혐오시설수",
                "type":"integer"
            },
            {
                "name":"초등학교학업성취도",
                "type":"number"
            },
            {
                "name":"중학교학업성취도",
                "type":"number"
            },
            {
                "name":"용적률",
                "type":"integer"
            },
            {
                "name":"건폐율",
                "type":"integer"
            },
            {
                "name":"Y",
                "type":"number"
            },
            {
                "name":"X",
                "type":"number"
            },
            {
                "name":"rank",
                "type":"number"
            },
            {
                "name":"area_info",
                "type":"string"
            },
            {
                "name":"last_sales",
                "type":"string"
            }
        ],
        "primaryKey":[
            "index"
        ],
        "pandas_version":"1.4.0"
    },
    "data":[
        {
            "index":29,
            "아파트명":"e편한세상서울대입구2차",
            "투자타입":"일반",
            "전용면적(m2)":"77.88",
            "전용면적(평)":"23평",
            "법정동주소":"서울시 관악구 봉천동 1733",
            "도로명주소":"서울시 관악구 참숯1길 19",
            "세대수":50,
            "입주년차":100,
            "용적률점수":"--",
            "건폐율점수":"--",
            "세대당주차수":60,
            "난방방식":30,
            "공급면적":"--",
            "전용률":"--",
            "욕실수":100,
            "현관타입":100,
            "주거총점":69.5,
            "지역구공급총점":100.0,
            "역세권":80,
            "30분내 이동가능 거점":100,
            "1시간내 이동가능 거점":100,
            "교통총점":90.0,
            "백화점":100,
            "아울렛몰":80,
            "대형마트":0,
            "은행":70,
            "병원":60,
            "종합병원":100,
            "공원":100,
            "혐오시설":0,
            "인프라총점":74.0,
            "초등학군":89.49,
            "중학군":39.54,
            "학군총점":49.53,
            "인구수":58.35,
            "인구증감":-12.5,
            "인구총점":37.095,
            "일자리":13.4,
            "소득수준":55.65,
            "일자리총점":26.075,
            "가치 총점":75.0295,
            "매매실거래년":20210314.0,
            "매매실거래가":130000.0,
            "전세실거래년":20210521.0,
            "전세실거래가":63000.0,
            "전세가율":57.27,
            "장기전세가율평균":70.59,
            "전세가율거품지수":13.32,
            "검색코드":108126,
            "세대수":519.0,
            "준공년월":"2020-04-29",
            "준공년차":3.0,
            "가까운역이름":"봉천",
            "가까운역거리":476.42,
            "역세권여부":"역세권",
            "30분이내주요거점역":5,
            "1시간이내주요거점역":17,
            "3km이내백화점수":1,
            "5km이내아울렛몰수":1,
            "1km이내대형먀트수":0,
            "500m이내은행수":3,
            "500m이내병원수":24,
            "5km이내대형병원수":9,
            "500m이내공원수":9,
            "3km이내혐오시설수":0,
            "초등학교학업성취도":89.49,
            "중학교학업성취도":65.5,
            "용적률":220,
            "건폐율":26,
            "Y":37.478085,
            "X":126.941571,
            "rank":1.0,
            "area_info":"23평(77.88), 23평(78.06), 23평(78.14), 32평(108.91), 32평(108.91), 45평(149.57)",
            "last_sales":"2021-03-14,130000.0,32평(108.91)"
        },
        {
            "index":291,
            "아파트명":"미성",
            "투자타입":"재건축",
            "전용면적(m2)":"77.23",
            "전용면적(평)":"23평",
            "법정동주소":"서울시 관악구 신림동 1656",
            "도로명주소":"서울시 관악구 조원로2길 13",
            "세대수":0,
            "입주년차":"--",
            "용적률점수":80,
            "건폐율점수":0,
            "세대당주차수":"--",
            "난방방식":"--",
            "공급면적":50,
            "전용률":100,
            "욕실수":"--",
            "현관타입":"--",
            "주거총점":39.5,
            "지역구공급총점":100.0,
            "역세권":80,
            "30분내 이동가능 거점":100,
            "1시간내 이동가능 거점":100,
            "교통총점":90.0,
            "백화점":100,
            "아울렛몰":100,
            "대형마트":100,
            "은행":100,
            "병원":60,
            "종합병원":100,
            "공원":80,
            "혐오시설":0,
            "인프라총점":93.4,
            "초등학군":79.45,
            "중학군":37.68,
            "학군총점":46.034,
            "인구수":58.35,
            "인구증감":-12.5,
            "인구총점":37.095,
            "일자리":13.4,
            "소득수준":55.65,
            "일자리총점":26.075,
            "가치 총점":74.3251,
            "매매실거래년":20201117.0,
            "매매실거래가":82000.0,
            "전세실거래년":20210616.0,
            "전세실거래가":23000.0,
            "전세가율":32.28,
            "장기전세가율평균":70.59,
            "전세가율거품지수":38.31,
            "검색코드":1054,
            "세대수":280.0,
            "준공년월":"1982-10-23",
            "준공년차":41.0,
            "가까운역이름":"구로디지털단지",
            "가까운역거리":352.16,
            "역세권여부":"역세권",
            "30분이내주요거점역":5,
            "1시간이내주요거점역":18,
            "3km이내백화점수":1,
            "5km이내아울렛몰수":2,
            "1km이내대형먀트수":3,
            "500m이내은행수":5,
            "500m이내병원수":13,
            "5km이내대형병원수":13,
            "500m이내공원수":1,
            "3km이내혐오시설수":0,
            "초등학교학업성취도":79.45,
            "중학교학업성취도":61.6,
            "용적률":155,
            "건폐율":0,
            "Y":37.482509,
            "X":126.903365,
            "rank":2.0,
            "area_info":"23평(77.23), 23평(79.21), 25평(83.77), 25평(85.79), 29평(98.81), 30평(101.36)",
            "last_sales":"2020-11-17,82000.0,29평(98.81)"
        },
        {
            "index":107,
            "아파트명":"두산",
            "투자타입":"일반",
            "전용면적(m2)":"82.27",
            "전용면적(평)":"24평",
            "법정동주소":"서울시 관악구 봉천동 1708",
            "도로명주소":"서울시 관악구 봉천로 387",
            "세대수":100,
            "입주년차":20,
            "용적률점수":"--",
            "건폐율점수":"--",
            "세대당주차수":60,
            "난방방식":30,
            "공급면적":"--",
            "전용률":"--",
            "욕실수":50,
            "현관타입":100,
            "주거총점":66.0,
            "지역구공급총점":100.0,
            "역세권":80,
            "30분내 이동가능 거점":100,
            "1시간내 이동가능 거점":100,
            "교통총점":90.0,
            "백화점":100,
            "아울렛몰":80,
            "대형마트":0,
            "은행":20,
            "병원":100,
            "종합병원":100,
            "공원":100,
            "혐오시설":0,
            "인프라총점":73.0,
            "초등학군":86.74,
            "중학군":39.54,
            "학군총점":48.98,
            "인구수":58.35,
            "인구증감":-12.5,
            "인구총점":37.095,
            "일자리":13.4,
            "소득수준":55.65,
            "일자리총점":26.075,
            "가치 총점":73.947,
            "매매실거래년":20211218.0,
            "매매실거래가":133000.0,
            "전세실거래년":20220115.0,
            "전세실거래가":44100.0,
            "전세가율":45.0,
            "장기전세가율평균":70.59,
            "전세가율거품지수":25.59,
            "검색코드":3034,
            "세대수":2001.0,
            "준공년월":"2000-12-28",
            "준공년차":23.0,
            "가까운역이름":"봉천",
            "가까운역거리":303.28,
            "역세권여부":"역세권",
            "30분이내주요거점역":6,
            "1시간이내주요거점역":18,
            "3km이내백화점수":1,
            "5km이내아울렛몰수":1,
            "1km이내대형먀트수":0,
            "500m이내은행수":2,
            "500m이내병원수":66,
            "5km이내대형병원수":9,
            "500m이내공원수":4,
            "3km이내혐오시설수":0,
            "초등학교학업성취도":86.74,
            "중학교학업성취도":65.5,
            "용적률":324,
            "건폐율":22,
            "Y":37.484899,
            "X":126.943154,
            "rank":3.0,
            "area_info":"24평(82.27), 24평(82.27), 33평(110.17), 33평(111.06), 34평(112.78), 43평(143.41), 48평(159.02)",
            "last_sales":"2021-12-18,133000.0,33평(110.17)"
        },
        {
            "index":337,
            "아파트명":"신림신도브래뉴",
            "투자타입":"일반",
            "전용면적(m2)":"103.05",
            "전용면적(평)":"31평",
            "법정동주소":"서울시 관악구 신림동 1723",
            "도로명주소":"서울시 관악구 조원로16길 7",
            "세대수":30,
            "입주년차":20,
            "용적률점수":"--",
            "건폐율점수":"--",
            "세대당주차수":30,
            "난방방식":30,
            "공급면적":"--",
            "전용률":"--",
            "욕실수":100,
            "현관타입":100,
            "주거총점":42.0,
            "지역구공급총점":100.0,
            "역세권":80,
            "30분내 이동가능 거점":100,
            "1시간내 이동가능 거점":100,
            "교통총점":90.0,
            "백화점":100,
            "아울렛몰":100,
            "대형마트":100,
            "은행":20,
            "병원":80,
            "종합병원":100,
            "공원":100,
            "혐오시설":0,
            "인프라총점":88.0,
            "초등학군":82.9,
            "중학군":38.2,
            "학군총점":47.14,
            "인구수":58.35,
            "인구증감":-12.5,
            "인구총점":37.095,
            "일자리":13.4,
            "소득수준":55.65,
            "일자리총점":26.075,
            "가치 총점":73.371,
            "매매실거래년":20210730.0,
            "매매실거래가":89000.0,
            "전세실거래년":20210109.0,
            "전세실거래가":50000.0,
            "전세가율":56.18,
            "장기전세가율평균":70.59,
            "전세가율거품지수":14.41,
            "검색코드":3333,
            "세대수":304.0,
            "준공년월":"2003-04-01",
            "준공년차":20.0,
            "가까운역이름":"신대방",
            "가까운역거리":443.71,
            "역세권여부":"역세권",
            "30분이내주요거점역":6,
            "1시간이내주요거점역":18,
            "3km이내백화점수":1,
            "5km이내아울렛몰수":2,
            "1km이내대형먀트수":2,
            "500m이내은행수":2,
            "500m이내병원수":37,
            "5km이내대형병원수":13,
            "500m이내공원수":3,
            "3km이내혐오시설수":0,
            "초등학교학업성취도":82.9,
            "중학교학업성취도":62.8,
            "용적률":0,
            "건폐율":0,
            "Y":37.483885,
            "X":126.91092,
            "rank":4.0,
            "area_info":"31평(103.05), 32평(106.07), 32평(108.69), 42평(139.9), 42평(140.26)",
            "last_sales":"2021-07-30,89000.0,31평(103.05)"
        },
        {
            "index":19,
            "아파트명":"e편한세상서울대입구",
            "투자타입":"일반",
            "전용면적(m2)":"80.84",
            "전용면적(평)":"24평",
            "법정동주소":"서울시 관악구 봉천동 1730",
            "도로명주소":"서울시 관악구 청룡10길 45",
            "세대수":100,
            "입주년차":100,
            "용적률점수":"--",
            "건폐율점수":"--",
            "세대당주차수":30,
            "난방방식":30,
            "공급면적":"--",
            "전용률":"--",
            "욕실수":100,
            "현관타입":100,
            "주거총점":82.5,
            "지역구공급총점":100.0,
            "역세권":50,
            "30분내 이동가능 거점":100,
            "1시간내 이동가능 거점":100,
            "교통총점":75.0,
            "백화점":100,
            "아울렛몰":80,
            "대형마트":0,
            "은행":70,
            "병원":60,
            "종합병원":100,
            "공원":100,
            "혐오시설":0,
            "인프라총점":74.0,
            "초등학군":89.49,
            "중학군":39.54,
            "학군총점":49.53,
            "인구수":58.35,
            "인구증감":-12.5,
            "인구총점":37.095,
            "일자리":13.4,
            "소득수준":55.65,
            "일자리총점":26.075,
            "가치 총점":72.3795,
            "매매실거래년":20210209.0,
            "매매실거래가":149900.0,
            "전세실거래년":null,
            "전세실거래가":null,
            "전세가율":null,
            "장기전세가율평균":70.59,
            "전세가율거품지수":null,
            "검색코드":114809,
            "세대수":1531.0,
            "준공년월":"2019-06-01",
            "준공년차":4.0,
            "가까운역이름":"봉천",
            "가까운역거리":505.23,
            "역세권여부":"준역세권",
            "30분이내주요거점역":5,
            "1시간이내주요거점역":17,
            "3km이내백화점수":1,
            "5km이내아울렛몰수":1,
            "1km이내대형먀트수":0,
            "500m이내은행수":3,
            "500m이내병원수":24,
            "5km이내대형병원수":9,
            "500m이내공원수":9,
            "3km이내혐오시설수":0,
            "초등학교학업성취도":89.49,
            "중학교학업성취도":65.5,
            "용적률":230,
            "건폐율":23,
            "Y":37.47799,
            "X":126.943451,
            "rank":5.0,
            "area_info":"24평(80.84), 24평(81.98), 24평(82.08), 24평(82.59), 33평(109.78), 33평(110.22), 33평(110.56), 33평(112.1), 34평(113.53), 44평(148.74)",
            "last_sales":"2021-02-09,149900.0,44평(148.74)"
        },
        {
            "index":235,
            "아파트명":"가야위드안",
            "투자타입":"일반",
            "전용면적(m2)":"38.15",
            "전용면적(평)":"11평",
            "법정동주소":"서울시 관악구 신림동 1426-7",
            "도로명주소":"서울시 관악구 봉천로12길 39",
            "세대수":0,
            "입주년차":100,
            "용적률점수":"--",
            "건폐율점수":"--",
            "세대당주차수":0,
            "난방방식":30,
            "공급면적":"--",
            "전용률":"--",
            "욕실수":50,
            "현관타입":100,
            "주거총점":38.0,
            "지역구공급총점":100.0,
            "역세권":80,
            "30분내 이동가능 거점":100,
            "1시간내 이동가능 거점":100,
            "교통총점":90.0,
            "백화점":100,
            "아울렛몰":100,
            "대형마트":0,
            "은행":70,
            "병원":100,
            "종합병원":100,
            "공원":100,
            "혐오시설":-100,
            "인프라총점":78.0,
            "초등학군":86.25,
            "중학군":46.72,
            "학군총점":54.626,
            "인구수":58.35,
            "인구증감":-12.5,
            "인구총점":37.095,
            "일자리":13.4,
            "소득수준":55.65,
            "일자리총점":26.075,
            "가치 총점":70.6939,
            "매매실거래년":"18000101",
            "매매실거래가":null,
            "전세실거래년":null,
            "전세실거래가":null,
            "전세가율":null,
            "장기전세가율평균":70.59,
            "전세가율거품지수":null,
            "검색코드":27125,
            "세대수":165.0,
            "준공년월":"2020-07-02",
            "준공년차":3.0,
            "가까운역이름":"신림",
            "가까운역거리":306.49,
            "역세권여부":"역세권",
            "30분이내주요거점역":6,
            "1시간이내주요거점역":17,
            "3km이내백화점수":1,
            "5km이내아울렛몰수":2,
            "1km이내대형먀트수":0,
            "500m이내은행수":3,
            "500m이내병원수":77,
            "5km이내대형병원수":12,
            "500m이내공원수":5,
            "3km이내혐오시설수":2,
            "초등학교학업성취도":86.25,
            "중학교학업성취도":77.4,
            "용적률":440,
            "건폐율":55,
            "Y":37.486931,
            "X":126.930194,
            "rank":6.0,
            "area_info":"11평(38.15), 16평(55.94), 19평(63.89), 25평(85.18), 26평(87.49), 38평(126.02), 38평(127.12)",
            "last_sales":"1800-01-01,nan,11평(38.15)"
        },
        {
            "index":61,
            "아파트명":"관악위버폴리스",
            "투자타입":"일반",
            "전용면적(m2)":"109.5",
            "전용면적(평)":"33평",
            "법정동주소":"서울시 관악구 봉천동 859-17",
            "도로명주소":"서울시 관악구 관악로 195",
            "세대수":0,
            "입주년차":60,
            "용적률점수":"--",
            "건폐율점수":"--",
            "세대당주차수":80,
            "난방방식":30,
            "공급면적":"--",
            "전용률":"--",
            "욕실수":100,
            "현관타입":50,
            "주거총점":42.0,
            "지역구공급총점":100.0,
            "역세권":80,
            "30분내 이동가능 거점":100,
            "1시간내 이동가능 거점":100,
            "교통총점":90.0,
            "백화점":100,
            "아울렛몰":0,
            "대형마트":0,
            "은행":100,
            "병원":100,
            "종합병원":100,
            "공원":100,
            "혐오시설":0,
            "인프라총점":73.0,
            "초등학군":90.5,
            "중학군":46.64,
            "학군총점":55.412,
            "인구수":58.35,
            "인구증감":-12.5,
            "인구총점":37.095,
            "일자리":13.4,
            "소득수준":55.65,
            "일자리총점":26.075,
            "가치 총점":70.1118,
            "매매실거래년":20190818.0,
            "매매실거래가":71000.0,
            "전세실거래년":20150223.0,
            "전세실거래가":38000.0,
            "전세가율":69.09,
            "장기전세가율평균":70.59,
            "전세가율거품지수":1.5,
            "검색코드":25997,
            "세대수":108.0,
            "준공년월":"2010-02-22",
            "준공년차":13.0,
            "가까운역이름":"서울대입구",
            "가까운역거리":149.8,
            "역세권여부":"역세권",
            "30분이내주요거점역":9,
            "1시간이내주요거점역":19,
            "3km이내백화점수":1,
            "5km이내아울렛몰수":0,
            "1km이내대형먀트수":0,
            "500m이내은행수":9,
            "500m이내병원수":115,
            "5km이내대형병원수":8,
            "500m이내공원수":3,
            "3km이내혐오시설수":0,
            "초등학교학업성취도":90.5,
            "중학교학업성취도":77.4,
            "용적률":699,
            "건폐율":58,
            "Y":37.482563,
            "X":126.953102,
            "rank":7.0,
            "area_info":"33평(109.5), 35평(117.85), 36평(120.11), 42평(138.9), 42평(140.79), 43평(144.36), 72평(238.91)",
            "last_sales":"2019-08-18,71000.0,43평(144.36)"
        },
        {
            "index":349,
            "아파트명":"신림푸르지오1차",
            "투자타입":"일반",
            "전용면적(m2)":"79.41",
            "전용면적(평)":"24평",
            "법정동주소":"서울시 관악구 신림동 1730",
            "도로명주소":"서울시 관악구 남부순환로 1430",
            "세대수":90,
            "입주년차":40,
            "용적률점수":"--",
            "건폐율점수":"--",
            "세대당주차수":60,
            "난방방식":30,
            "공급면적":"--",
            "전용률":"--",
            "욕실수":50,
            "현관타입":100,
            "주거총점":66.5,
            "지역구공급총점":100.0,
            "역세권":50,
            "30분내 이동가능 거점":60,
            "1시간내 이동가능 거점":100,
            "교통총점":63.0,
            "백화점":100,
            "아울렛몰":100,
            "대형마트":100,
            "은행":70,
            "병원":60,
            "종합병원":100,
            "공원":100,
            "혐오시설":0,
            "인프라총점":91.0,
            "초등학군":83.96,
            "중학군":38.2,
            "학군총점":47.352,
            "인구수":58.35,
            "인구증감":-12.5,
            "인구총점":37.095,
            "일자리":13.4,
            "소득수준":55.65,
            "일자리총점":26.075,
            "가치 총점":69.7528,
            "매매실거래년":20211009.0,
            "매매실거래가":146000.0,
            "전세실거래년":20211213.0,
            "전세실거래가":47000.0,
            "전세가율":52.46,
            "장기전세가율평균":70.59,
            "전세가율거품지수":18.13,
            "검색코드":8877,
            "세대수":1456.0,
            "준공년월":"2005-06-21",
            "준공년차":18.0,
            "가까운역이름":"신대방",
            "가까운역거리":926.43,
            "역세권여부":"준역세권",
            "30분이내주요거점역":3,
            "1시간이내주요거점역":16,
            "3km이내백화점수":1,
            "5km이내아울렛몰수":2,
            "1km이내대형먀트수":2,
            "500m이내은행수":3,
            "500m이내병원수":27,
            "5km이내대형병원수":13,
            "500m이내공원수":3,
            "3km이내혐오시설수":0,
            "초등학교학업성취도":83.96,
            "중학교학업성취도":62.8,
            "용적률":297,
            "건폐율":18,
            "Y":37.479351,
            "X":126.910749,
            "rank":8.0,
            "area_info":"24평(79.41), 31평(104.97), 31평(105.61), 41평(136.55), 48평(160.53), 48평(161.64)",
            "last_sales":"2021-10-09,146000.0,48평(161.64)"
        },
        {
            "index":376,
            "아파트명":"신안",
            "투자타입":"재건축",
            "전용면적(m2)":"64.46",
            "전용면적(평)":"19평",
            "법정동주소":"서울시 관악구 신림동 10-10",
            "도로명주소":"서울시 관악구 신림로58길 62-5",
            "세대수":0,
            "입주년차":"--",
            "용적률점수":100,
            "건폐율점수":0,
            "세대당주차수":"--",
            "난방방식":"--",
            "공급면적":50,
            "전용률":80,
            "욕실수":"--",
            "현관타입":"--",
            "주거총점":46.5,
            "지역구공급총점":100.0,
            "역세권":80,
            "30분내 이동가능 거점":100,
            "1시간내 이동가능 거점":100,
            "교통총점":90.0,
            "백화점":100,
            "아울렛몰":100,
            "대형마트":0,
            "은행":0,
            "병원":80,
            "종합병원":100,
            "공원":100,
            "혐오시설":0,
            "인프라총점":71.0,
            "초등학군":84.18,
            "중학군":38.54,
            "학군총점":47.668,
            "인구수":58.35,
            "인구증감":-12.5,
            "인구총점":37.095,
            "일자리":13.4,
            "소득수준":55.65,
            "일자리총점":26.075,
            "가치 총점":69.2502,
            "매매실거래년":20211124.0,
            "매매실거래가":53000.0,
            "전세실거래년":20210821.0,
            "전세실거래가":17000.0,
            "전세가율":32.82,
            "장기전세가율평균":70.59,
            "전세가율거품지수":37.77,
            "검색코드":3172,
            "세대수":120.0,
            "준공년월":"1978-10-18",
            "준공년차":45.0,
            "가까운역이름":"신림",
            "가까운역거리":428.29,
            "역세권여부":"역세권",
            "30분이내주요거점역":5,
            "1시간이내주요거점역":18,
            "3km이내백화점수":1,
            "5km이내아울렛몰수":2,
            "1km이내대형먀트수":0,
            "500m이내은행수":1,
            "500m이내병원수":52,
            "5km이내대형병원수":11,
            "500m이내공원수":2,
            "3km이내혐오시설수":0,
            "초등학교학업성취도":84.18,
            "중학교학업성취도":63.3,
            "용적률":145,
            "건폐율":0,
            "Y":37.48184,
            "X":126.93355,
            "rank":9.0,
            "area_info":"19평(64.46), 19평(64.46)",
            "last_sales":"2021-11-24,53000.0,19평(64.46)"
        },
        {
            "index":193,
            "아파트명":"프라비다2(도시형)",
            "투자타입":"일반",
            "전용면적(m2)":"18.58",
            "전용면적(평)":"5평",
            "법정동주소":"서울시 관악구 봉천동 867-12",
            "도로명주소":"서울시 관악구 남부순환로218길 37",
            "세대수":0,
            "입주년차":60,
            "용적률점수":"--",
            "건폐율점수":"--",
            "세대당주차수":0,
            "난방방식":30,
            "공급면적":"--",
            "전용률":"--",
            "욕실수":50,
            "현관타입":100,
            "주거총점":30.0,
            "지역구공급총점":100.0,
            "역세권":80,
            "30분내 이동가능 거점":100,
            "1시간내 이동가능 거점":100,
            "교통총점":90.0,
            "백화점":100,
            "아울렛몰":0,
            "대형마트":0,
            "은행":100,
            "병원":100,
            "종합병원":100,
            "공원":100,
            "혐오시설":0,
            "인프라총점":73.0,
            "초등학군":87.26,
            "중학군":49.72,
            "학군총점":57.228,
            "인구수":58.35,
            "인구증감":-12.5,
            "인구총점":37.095,
            "일자리":13.4,
            "소득수준":55.65,
            "일자리총점":26.075,
            "가치 총점":67.9842,
            "매매실거래년":20150723.0,
            "매매실거래가":26000.0,
            "전세실거래년":null,
            "전세실거래가":null,
            "전세가율":null,
            "장기전세가율평균":70.59,
            "전세가율거품지수":null,
            "검색코드":104829,
            "세대수":208.0,
            "준공년월":"2013-02-27",
            "준공년차":10.0,
            "가까운역이름":"서울대입구",
            "가까운역거리":266.11,
            "역세권여부":"역세권",
            "30분이내주요거점역":6,
            "1시간이내주요거점역":17,
            "3km이내백화점수":1,
            "5km이내아울렛몰수":0,
            "1km이내대형먀트수":0,
            "500m이내은행수":9,
            "500m이내병원수":95,
            "5km이내대형병원수":8,
            "500m이내공원수":4,
            "3km이내혐오시설수":0,
            "초등학교학업성취도":87.26,
            "중학교학업성취도":82.4,
            "용적률":599,
            "건폐율":58,
            "Y":37.479666,
            "X":126.950475,
            "rank":10.0,
            "area_info":"5평(18.58), 6평(22.18), 6평(22.66), 7평(23.18), 8평(26.7), 7평(26.33), 7평(26.19), 7평(26.07), 8평(27.81), 8평(28.16), 8평(29.01), 9평(30.38), 9평(31.17), 10평(34.19), 10평(35.82), 11평(36.86), 11평(37.64), 11평(37.25), 11평(38.41), 12평(40.55), 12평(41.33), 12평(42.9), 12평(42.59), 13평(44.45), 13평(45.25), 14평(49.13), 15평(52.36)",
            "last_sales":"2015-07-23,26000.0,15평(52.36)"
        },
        {
            "index":394,
            "아파트명":"프라비다트라움(도시형)",
            "투자타입":"일반",
            "전용면적(m2)":"21.71",
            "전용면적(평)":"6평",
            "법정동주소":"서울시 관악구 신림동 1433-55",
            "도로명주소":"서울시 관악구 신림로65길 27",
            "세대수":0,
            "입주년차":60,
            "용적률점수":"--",
            "건폐율점수":"--",
            "세대당주차수":0,
            "난방방식":30,
            "공급면적":"--",
            "전용률":"--",
            "욕실수":50,
            "현관타입":10,
            "주거총점":21.0,
            "지역구공급총점":100.0,
            "역세권":80,
            "30분내 이동가능 거점":100,
            "1시간내 이동가능 거점":100,
            "교통총점":90.0,
            "백화점":100,
            "아울렛몰":100,
            "대형마트":0,
            "은행":70,
            "병원":100,
            "종합병원":100,
            "공원":100,
            "혐오시설":-100,
            "인프라총점":78.0,
            "초등학군":85.63,
            "중학군":46.72,
            "학군총점":54.502,
            "인구수":58.35,
            "인구증감":-12.5,
            "인구총점":37.095,
            "일자리":13.4,
            "소득수준":55.65,
            "일자리총점":26.075,
            "가치 총점":67.2753,
            "매매실거래년":20211029.0,
            "매매실거래가":14000.0,
            "전세실거래년":20210818.0,
            "전세실거래가":13000.0,
            "전세가율":92.86,
            "장기전세가율평균":70.59,
            "전세가율거품지수":-22.27,
            "검색코드":107704,
            "세대수":130.0,
            "준공년월":"2013-12-17",
            "준공년차":10.0,
            "가까운역이름":"신림",
            "가까운역거리":160.41,
            "역세권여부":"역세권",
            "30분이내주요거점역":7,
            "1시간이내주요거점역":19,
            "3km이내백화점수":1,
            "5km이내아울렛몰수":2,
            "1km이내대형먀트수":0,
            "500m이내은행수":3,
            "500m이내병원수":78,
            "5km이내대형병원수":12,
            "500m이내공원수":4,
            "3km이내혐오시설수":2,
            "초등학교학업성취도":85.63,
            "중학교학업성취도":77.4,
            "용적률":450,
            "건폐율":59,
            "Y":37.484835,
            "X":126.928082,
            "rank":11.0,
            "area_info":"6평(21.71), 6평(21.69)",
            "last_sales":"2021-10-29,14000.0,6평(21.71)"
        },
        {
            "index":184,
            "아파트명":"청룡금강아미움",
            "투자타입":"일반",
            "전용면적(m2)":"86.88",
            "전용면적(평)":"26평",
            "법정동주소":"서울시 관악구 봉천동 1522-28",
            "도로명주소":"서울시 관악구 장군봉1길 6",
            "세대수":0,
            "입주년차":60,
            "용적률점수":"--",
            "건폐율점수":"--",
            "세대당주차수":0,
            "난방방식":30,
            "공급면적":"--",
            "전용률":"--",
            "욕실수":100,
            "현관타입":100,
            "주거총점":35.0,
            "지역구공급총점":100.0,
            "역세권":80,
            "30분내 이동가능 거점":100,
            "1시간내 이동가능 거점":100,
            "교통총점":90.0,
            "백화점":100,
            "아울렛몰":100,
            "대형마트":0,
            "은행":0,
            "병원":80,
            "종합병원":100,
            "공원":100,
            "혐오시설":0,
            "인프라총점":71.0,
            "초등학군":89.49,
            "중학군":39.54,
            "학군총점":49.53,
            "인구수":58.35,
            "인구증감":-12.5,
            "인구총점":37.095,
            "일자리":13.4,
            "소득수준":55.65,
            "일자리총점":26.075,
            "가치 총점":67.2295,
            "매매실거래년":20211129.0,
            "매매실거래가":78500.0,
            "전세실거래년":20220113.0,
            "전세실거래가":42000.0,
            "전세가율":53.5,
            "장기전세가율평균":70.59,
            "전세가율거품지수":17.09,
            "검색코드":101612,
            "세대수":107.0,
            "준공년월":"2010-04-30",
            "준공년차":13.0,
            "가까운역이름":"봉천",
            "가까운역거리":122.48,
            "역세권여부":"역세권",
            "30분이내주요거점역":7,
            "1시간이내주요거점역":17,
            "3km이내백화점수":1,
            "5km이내아울렛몰수":2,
            "1km이내대형먀트수":0,
            "500m이내은행수":1,
            "500m이내병원수":36,
            "5km이내대형병원수":9,
            "500m이내공원수":6,
            "3km이내혐오시설수":0,
            "초등학교학업성취도":89.49,
            "중학교학업성취도":65.5,
            "용적률":234,
            "건폐율":57,
            "Y":37.481867,
            "X":126.940652,
            "rank":12.0,
            "area_info":"26평(86.88), 26평(86.9), 26평(86.91), 26평(89.07), 27평(89.4), 31평(102.71), 31평(102.73), 31평(102.74), 32평(106.42)",
            "last_sales":"2021-11-29,78500.0,26평(86.88)"
        },
        {
            "index":114,
            "아파트명":"리마크빌관악(민간임대,도시형)",
            "투자타입":"일반",
            "전용면적(m2)":"30.42",
            "전용면적(평)":"9평",
            "법정동주소":"서울시 관악구 봉천동 880-41",
            "도로명주소":"서울시 관악구 남부순환로216길 24",
            "세대수":0,
            "입주년차":80,
            "용적률점수":"--",
            "건폐율점수":"--",
            "세대당주차수":0,
            "난방방식":30,
            "공급면적":"--",
            "전용률":"--",
            "욕실수":50,
            "현관타입":10,
            "주거총점":25.0,
            "지역구공급총점":100.0,
            "역세권":80,
            "30분내 이동가능 거점":100,
            "1시간내 이동가능 거점":100,
            "교통총점":90.0,
            "백화점":100,
            "아울렛몰":0,
            "대형마트":0,
            "은행":100,
            "병원":100,
            "종합병원":100,
            "공원":100,
            "혐오시설":0,
            "인프라총점":73.0,
            "초등학군":89.49,
            "중학군":49.72,
            "학군총점":57.674,
            "인구수":58.35,
            "인구증감":-12.5,
            "인구총점":37.095,
            "일자리":13.4,
            "소득수준":55.65,
            "일자리총점":26.075,
            "가치 총점":67.0511,
            "매매실거래년":"18000101",
            "매매실거래가":null,
            "전세실거래년":null,
            "전세실거래가":null,
            "전세가율":null,
            "장기전세가율평균":70.59,
            "전세가율거품지수":null,
            "검색코드":114623,
            "세대수":128.0,
            "준공년월":"2016-12-22",
            "준공년차":7.0,
            "가까운역이름":"서울대입구",
            "가까운역거리":357.57,
            "역세권여부":"역세권",
            "30분이내주요거점역":6,
            "1시간이내주요거점역":18,
            "3km이내백화점수":1,
            "5km이내아울렛몰수":0,
            "1km이내대형먀트수":0,
            "500m이내은행수":9,
            "500m이내병원수":84,
            "5km이내대형병원수":8,
            "500m이내공원수":5,
            "3km이내혐오시설수":0,
            "초등학교학업성취도":89.49,
            "중학교학업성취도":82.4,
            "용적률":374,
            "건폐율":54,
            "Y":37.480426,
            "X":126.948821,
            "rank":13.0,
            "area_info":"9평(30.42), 9평(31.86), 9평(31.5), 9평(33.02), 11평(38.66), 11평(38.85)",
            "last_sales":"1800-01-01,nan,9평(30.42)"
        },
        {
            "index":153,
            "아파트명":"서울대입구한양아이클래스(도시형)",
            "투자타입":"일반",
            "전용면적(m2)":"27.13",
            "전용면적(평)":"8평",
            "법정동주소":"서울시 관악구 봉천동 1568-1",
            "도로명주소":"서울시 관악구 쑥고개로 123",
            "세대수":0,
            "입주년차":80,
            "용적률점수":"--",
            "건폐율점수":"--",
            "세대당주차수":0,
            "난방방식":30,
            "공급면적":"--",
            "전용률":"--",
            "욕실수":50,
            "현관타입":10,
            "주거총점":25.0,
            "지역구공급총점":100.0,
            "역세권":80,
            "30분내 이동가능 거점":100,
            "1시간내 이동가능 거점":100,
            "교통총점":90.0,
            "백화점":100,
            "아울렛몰":0,
            "대형마트":0,
            "은행":100,
            "병원":100,
            "종합병원":100,
            "공원":100,
            "혐오시설":0,
            "인프라총점":73.0,
            "초등학군":87.26,
            "중학군":49.72,
            "학군총점":57.228,
            "인구수":58.35,
            "인구증감":-12.5,
            "인구총점":37.095,
            "일자리":13.4,
            "소득수준":55.65,
            "일자리총점":26.075,
            "가치 총점":66.9842,
            "매매실거래년":20180809.0,
            "매매실거래가":17100.0,
            "전세실거래년":null,
            "전세실거래가":null,
            "전세가율":null,
            "장기전세가율평균":70.59,
            "전세가율거품지수":null,
            "검색코드":113583,
            "세대수":139.0,
            "준공년월":"2018-08-20",
            "준공년차":5.0,
            "가까운역이름":"서울대입구",
            "가까운역거리":307.58,
            "역세권여부":"역세권",
            "30분이내주요거점역":6,
            "1시간이내주요거점역":18,
            "3km이내백화점수":1,
            "5km이내아울렛몰수":0,
            "1km이내대형먀트수":0,
            "500m이내은행수":9,
            "500m이내병원수":85,
            "5km이내대형병원수":8,
            "500m이내공원수":4,
            "3km이내혐오시설수":0,
            "초등학교학업성취도":87.26,
            "중학교학업성취도":82.4,
            "용적률":699,
            "건폐율":59,
            "Y":37.479215,
            "X":126.950374,
            "rank":14.0,
            "area_info":"8평(27.13), 8평(27.97), 8평(28.15), 8평(28.05), 9평(30.61)",
            "last_sales":"2018-08-09,17100.0,8평(27.13)"
        },
        {
            "index":318,
            "아파트명":"신림동부",
            "투자타입":"일반",
            "전용면적(m2)":"71.5",
            "전용면적(평)":"21평",
            "법정동주소":"서울시 관악구 신림동 1695",
            "도로명주소":"서울시 관악구 신원로 26",
            "세대수":50,
            "입주년차":0,
            "용적률점수":"--",
            "건폐율점수":"--",
            "세대당주차수":30,
            "난방방식":30,
            "공급면적":"--",
            "전용률":"--",
            "욕실수":50,
            "현관타입":10,
            "주거총점":31.0,
            "지역구공급총점":100.0,
            "역세권":80,
            "30분내 이동가능 거점":100,
            "1시간내 이동가능 거점":100,
            "교통총점":90.0,
            "백화점":100,
            "아울렛몰":100,
            "대형마트":0,
            "은행":0,
            "병원":100,
            "종합병원":100,
            "공원":100,
            "혐오시설":0,
            "인프라총점":73.0,
            "초등학군":84.18,
            "중학군":38.54,
            "학군총점":47.668,
            "인구수":58.35,
            "인구증감":-12.5,
            "인구총점":37.095,
            "일자리":13.4,
            "소득수준":55.65,
            "일자리총점":26.075,
            "가치 총점":66.7502,
            "매매실거래년":20210923.0,
            "매매실거래가":85000.0,
            "전세실거래년":20220108.0,
            "전세실거래가":41000.0,
            "전세가율":68.33,
            "장기전세가율평균":70.59,
            "전세가율거품지수":2.26,
            "검색코드":63,
            "세대수":592.0,
            "준공년월":"1993-07-19",
            "준공년차":30.0,
            "가까운역이름":"신림",
            "가까운역거리":388.16,
            "역세권여부":"역세권",
            "30분이내주요거점역":5,
            "1시간이내주요거점역":18,
            "3km이내백화점수":1,
            "5km이내아울렛몰수":2,
            "1km이내대형먀트수":0,
            "500m이내은행수":1,
            "500m이내병원수":67,
            "5km이내대형병원수":11,
            "500m이내공원수":2,
            "3km이내혐오시설수":0,
            "초등학교학업성취도":84.18,
            "중학교학업성취도":63.3,
            "용적률":301,
            "건폐율":24,
            "Y":37.480778,
            "X":126.928852,
            "rank":15.0,
            "area_info":"21평(71.5), 26평(86.47), 29평(97.25), 31평(104.57), 41평(137.15)",
            "last_sales":"2021-09-23,85000.0,26평(86.47)"
        },
        {
            "index":378,
            "아파트명":"아데나534(도시형)",
            "투자타입":"일반",
            "전용면적(m2)":"25.91",
            "전용면적(평)":"7평",
            "법정동주소":"서울시 관악구 신림동 534-1",
            "도로명주소":"서울시 관악구 신사로 82",
            "세대수":0,
            "입주년차":60,
            "용적률점수":"--",
            "건폐율점수":"--",
            "세대당주차수":0,
            "난방방식":30,
            "공급면적":"--",
            "전용률":"--",
            "욕실수":50,
            "현관타입":100,
            "주거총점":30.0,
            "지역구공급총점":100.0,
            "역세권":80,
            "30분내 이동가능 거점":100,
            "1시간내 이동가능 거점":100,
            "교통총점":90.0,
            "백화점":100,
            "아울렛몰":100,
            "대형마트":0,
            "은행":0,
            "병원":60,
            "종합병원":100,
            "공원":100,
            "혐오시설":0,
            "인프라총점":69.0,
            "초등학군":82.9,
            "중학군":36.18,
            "학군총점":45.524,
            "인구수":58.35,
            "인구증감":-12.5,
            "인구총점":37.095,
            "일자리":13.4,
            "소득수준":55.65,
            "일자리총점":26.075,
            "가치 총점":65.0286,
            "매매실거래년":20210725.0,
            "매매실거래가":12000.0,
            "전세실거래년":20210505.0,
            "전세실거래가":11000.0,
            "전세가율":91.67,
            "장기전세가율평균":70.59,
            "전세가율거품지수":-21.08,
            "검색코드":104269,
            "세대수":149.0,
            "준공년월":"2010-08-12",
            "준공년차":13.0,
            "가까운역이름":"신대방",
            "가까운역거리":214.83,
            "역세권여부":"역세권",
            "30분이내주요거점역":6,
            "1시간이내주요거점역":18,
            "3km이내백화점수":1,
            "5km이내아울렛몰수":2,
            "1km이내대형먀트수":0,
            "500m이내은행수":1,
            "500m이내병원수":29,
            "5km이내대형병원수":14,
            "500m이내공원수":2,
            "3km이내혐오시설수":0,
            "초등학교학업성취도":82.9,
            "중학교학업성취도":60.3,
            "용적률":209,
            "건폐율":33,
            "Y":37.485804,
            "X":126.911899,
            "rank":16.0,
            "area_info":"7평(25.91), 7평(26.0), 7평(26.4), 8평(26.48)",
            "last_sales":"2021-07-25,12000.0,7평(25.91)"
        },
        {
            "index":120,
            "아파트명":"마에스트로캠퍼스타운(도시형)",
            "투자타입":"일반",
            "전용면적(m2)":"24.69",
            "전용면적(평)":"7평",
            "법정동주소":"서울시 관악구 봉천동 893-12",
            "도로명주소":"서울시 관악구 남부순환로 1773",
            "세대수":0,
            "입주년차":60,
            "용적률점수":"--",
            "건폐율점수":"--",
            "세대당주차수":0,
            "난방방식":30,
            "공급면적":"--",
            "전용률":"--",
            "욕실수":50,
            "현관타입":10,
            "주거총점":21.0,
            "지역구공급총점":100.0,
            "역세권":80,
            "30분내 이동가능 거점":100,
            "1시간내 이동가능 거점":100,
            "교통총점":90.0,
            "백화점":100,
            "아울렛몰":0,
            "대형마트":0,
            "은행":100,
            "병원":100,
            "종합병원":100,
            "공원":100,
            "혐오시설":0,
            "인프라총점":73.0,
            "초등학군":84.83,
            "중학군":39.54,
            "학군총점":48.598,
            "인구수":58.35,
            "인구증감":-12.5,
            "인구총점":37.095,
            "일자리":13.4,
            "소득수준":55.65,
            "일자리총점":26.075,
            "가치 총점":64.8897,
            "매매실거래년":20211116.0,
            "매매실거래가":13100.0,
            "전세실거래년":20211023.0,
            "전세실거래가":12000.0,
            "전세가율":88.89,
            "장기전세가율평균":70.59,
            "전세가율거품지수":-18.3,
            "검색코드":108915,
            "세대수":117.0,
            "준공년월":"2012-10-19",
            "준공년차":11.0,
            "가까운역이름":"봉천",
            "가까운역거리":482.06,
            "역세권여부":"역세권",
            "30분이내주요거점역":5,
            "1시간이내주요거점역":17,
            "3km이내백화점수":1,
            "5km이내아울렛몰수":0,
            "1km이내대형먀트수":0,
            "500m이내은행수":7,
            "500m이내병원수":76,
            "5km이내대형병원수":8,
            "500m이내공원수":3,
            "3km이내혐오시설수":0,
            "초등학교학업성취도":84.83,
            "중학교학업성취도":65.5,
            "용적률":399,
            "건폐율":36,
            "Y":37.482215,
            "X":126.947352,
            "rank":17.0,
            "area_info":"7평(24.69), 8평(27.2)",
            "last_sales":"2021-11-16,13100.0,8평(27.2)"
        },
        {
            "index":148,
            "아파트명":"서울대입구아이원",
            "투자타입":"일반",
            "전용면적(m2)":"75.89",
            "전용면적(평)":"22평",
            "법정동주소":"서울시 관악구 봉천동 1560-61",
            "도로명주소":"서울시 관악구 청룡길 78",
            "세대수":30,
            "입주년차":40,
            "용적률점수":"--",
            "건폐율점수":"--",
            "세대당주차수":30,
            "난방방식":30,
            "공급면적":"--",
            "전용률":"--",
            "욕실수":50,
            "현관타입":100,
            "주거총점":41.0,
            "지역구공급총점":100.0,
            "역세권":50,
            "30분내 이동가능 거점":100,
            "1시간내 이동가능 거점":100,
            "교통총점":75.0,
            "백화점":100,
            "아울렛몰":80,
            "대형마트":0,
            "은행":70,
            "병원":80,
            "종합병원":100,
            "공원":100,
            "혐오시설":0,
            "인프라총점":76.0,
            "초등학군":89.49,
            "중학군":39.54,
            "학군총점":49.53,
            "인구수":58.35,
            "인구증감":-12.5,
            "인구총점":37.095,
            "일자리":13.4,
            "소득수준":55.65,
            "일자리총점":26.075,
            "가치 총점":64.6795,
            "매매실거래년":20211219.0,
            "매매실거래가":103000.0,
            "전세실거래년":20211008.0,
            "전세실거래가":59000.0,
            "전세가율":57.28,
            "장기전세가율평균":70.59,
            "전세가율거품지수":13.31,
            "검색코드":19370,
            "세대수":374.0,
            "준공년월":"2006-11-30",
            "준공년차":17.0,
            "가까운역이름":"봉천",
            "가까운역거리":517.02,
            "역세권여부":"준역세권",
            "30분이내주요거점역":5,
            "1시간이내주요거점역":17,
            "3km이내백화점수":1,
            "5km이내아울렛몰수":1,
            "1km이내대형먀트수":0,
            "500m이내은행수":3,
            "500m이내병원수":33,
            "5km이내대형병원수":9,
            "500m이내공원수":7,
            "3km이내혐오시설수":0,
            "초등학교학업성취도":89.49,
            "중학교학업성취도":65.5,
            "용적률":0,
            "건폐율":0,
            "Y":37.478721,
            "X":126.945536,
            "rank":18.0,
            "area_info":"22평(75.89), 22평(75.05), 31평(105.48), 33평(111.69), 40평(132.8)",
            "last_sales":"2021-12-19,103000.0,22평(75.89)"
        },
        {
            "index":358,
            "아파트명":"신림하이츠",
            "투자타입":"재건축",
            "전용면적(m2)":"99.31",
            "전용면적(평)":"30평",
            "법정동주소":"서울시 관악구 신림동 10-264",
            "도로명주소":"서울시 관악구 신림로58길 48",
            "세대수":0,
            "입주년차":"--",
            "용적률점수":0,
            "건폐율점수":0,
            "세대당주차수":"--",
            "난방방식":"--",
            "공급면적":90,
            "전용률":80,
            "욕실수":"--",
            "현관타입":"--",
            "주거총점":8.5,
            "지역구공급총점":100.0,
            "역세권":80,
            "30분내 이동가능 거점":100,
            "1시간내 이동가능 거점":100,
            "교통총점":90.0,
            "백화점":100,
            "아울렛몰":100,
            "대형마트":0,
            "은행":70,
            "병원":100,
            "종합병원":100,
            "공원":100,
            "혐오시설":0,
            "인프라총점":80.0,
            "초등학군":84.18,
            "중학군":38.54,
            "학군총점":47.668,
            "인구수":58.35,
            "인구증감":-12.5,
            "인구총점":37.095,
            "일자리":13.4,
            "소득수준":55.65,
            "일자리총점":26.075,
            "가치 총점":64.3502,
            "매매실거래년":"18000101",
            "매매실거래가":null,
            "전세실거래년":null,
            "전세실거래가":null,
            "전세가율":null,
            "장기전세가율평균":70.59,
            "전세가율거품지수":null,
            "검색코드":15715,
            "세대수":126.0,
            "준공년월":"1989-11-01",
            "준공년차":34.0,
            "가까운역이름":"신림",
            "가까운역거리":360.45,
            "역세권여부":"역세권",
            "30분이내주요거점역":6,
            "1시간이내주요거점역":17,
            "3km이내백화점수":1,
            "5km이내아울렛몰수":2,
            "1km이내대형먀트수":0,
            "500m이내은행수":3,
            "500m이내병원수":66,
            "5km이내대형병원수":12,
            "500m이내공원수":3,
            "3km이내혐오시설수":0,
            "초등학교학업성취도":84.18,
            "중학교학업성취도":63.3,
            "용적률":0,
            "건폐율":0,
            "Y":37.482273,
            "X":126.932999,
            "rank":19.0,
            "area_info":"30평(99.31), 30평(100.8), 31평(104.23), 32평(108.25), 33평(109.12), 34평(112.41), 34평(112.57), 34평(113.14), 34평(114.27), 35평(116.57), 35평(117.61), 37평(123.46), 37평(125.21)",
            "last_sales":"1800-01-01,nan,30평(99.31)"
        },
        {
            "index":309,
            "아파트명":"성우",
            "투자타입":"일반",
            "전용면적(m2)":"73.13",
            "전용면적(평)":"22평",
            "법정동주소":"서울시 관악구 신림동 10-622",
            "도로명주소":"서울시 관악구 남부순환로198길 7",
            "세대수":0,
            "입주년차":0,
            "용적률점수":"--",
            "건폐율점수":"--",
            "세대당주차수":30,
            "난방방식":30,
            "공급면적":"--",
            "전용률":"--",
            "욕실수":50,
            "현관타입":100,
            "주거총점":22.5,
            "지역구공급총점":100.0,
            "역세권":80,
            "30분내 이동가능 거점":100,
            "1시간내 이동가능 거점":100,
            "교통총점":90.0,
            "백화점":100,
            "아울렛몰":100,
            "대형마트":0,
            "은행":0,
            "병원":60,
            "종합병원":100,
            "공원":100,
            "혐오시설":0,
            "인프라총점":69.0,
            "초등학군":86.74,
            "중학군":39.54,
            "학군총점":48.98,
            "인구수":58.35,
            "인구증감":-12.5,
            "인구총점":37.095,
            "일자리":13.4,
            "소득수준":55.65,
            "일자리총점":26.075,
            "가치 총점":64.047,
            "매매실거래년":20191101.0,
            "매매실거래가":69250.0,
            "전세실거래년":20210522.0,
            "전세실거래가":45000.0,
            "전세가율":91.84,
            "장기전세가율평균":70.59,
            "전세가율거품지수":-21.25,
            "검색코드":1056,
            "세대수":156.0,
            "준공년월":"1998-10-26",
            "준공년차":25.0,
            "가까운역이름":"봉천",
            "가까운역거리":435.24,
            "역세권여부":"역세권",
            "30분이내주요거점역":5,
            "1시간이내주요거점역":18,
            "3km이내백화점수":1,
            "5km이내아울렛몰수":2,
            "1km이내대형먀트수":0,
            "500m이내은행수":0,
            "500m이내병원수":21,
            "5km이내대형병원수":11,
            "500m이내공원수":4,
            "3km이내혐오시설수":0,
            "초등학교학업성취도":86.74,
            "중학교학업성취도":65.5,
            "용적률":0,
            "건폐율":0,
            "Y":37.483701,
            "X":126.937257,
            "rank":20.0,
            "area_info":"22평(73.13), 24평(79.93), 30평(99.96), 42평(140.14)",
            "last_sales":"2019-11-01,69250.0,42평(140.14)"
        },
        {
            "index":35,
            "아파트명":"건영6차",
            "투자타입":"일반",
            "전용면적(m2)":"68.13",
            "전용면적(평)":"20평",
            "법정동주소":"서울시 관악구 봉천동 1701",
            "도로명주소":"서울시 관악구 관악로 133",
            "세대수":0,
            "입주년차":20,
            "용적률점수":"--",
            "건폐율점수":"--",
            "세대당주차수":0,
            "난방방식":30,
            "공급면적":"--",
            "전용률":"--",
            "욕실수":50,
            "현관타입":10,
            "주거총점":13.0,
            "지역구공급총점":100.0,
            "역세권":80,
            "30분내 이동가능 거점":100,
            "1시간내 이동가능 거점":100,
            "교통총점":90.0,
            "백화점":100,
            "아울렛몰":0,
            "대형마트":0,
            "은행":100,
            "병원":80,
            "종합병원":100,
            "공원":100,
            "혐오시설":0,
            "인프라총점":71.0,
            "초등학군":87.26,
            "중학군":49.72,
            "학군총점":57.228,
            "인구수":58.35,
            "인구증감":-12.5,
            "인구총점":37.095,
            "일자리":13.4,
            "소득수준":55.65,
            "일자리총점":26.075,
            "가치 총점":63.9842,
            "매매실거래년":20210719.0,
            "매매실거래가":110000.0,
            "전세실거래년":20211126.0,
            "전세실거래가":52000.0,
            "전세가율":130.0,
            "장기전세가율평균":70.59,
            "전세가율거품지수":-59.41,
            "검색코드":1044,
            "세대수":184.0,
            "준공년월":"1999-05-17",
            "준공년차":24.0,
            "가까운역이름":"서울대입구",
            "가까운역거리":456.64,
            "역세권여부":"역세권",
            "30분이내주요거점역":5,
            "1시간이내주요거점역":17,
            "3km이내백화점수":1,
            "5km이내아울렛몰수":0,
            "1km이내대형먀트수":0,
            "500m이내은행수":5,
            "500m이내병원수":52,
            "5km이내대형병원수":8,
            "500m이내공원수":4,
            "3km이내혐오시설수":0,
            "초등학교학업성취도":87.26,
            "중학교학업성취도":82.4,
            "용적률":394,
            "건폐율":28,
            "Y":37.4772,
            "X":126.95186,
            "rank":21.0,
            "area_info":"20평(68.13), 23평(76.43), 25평(82.93), 31평(105.58), 41평(137.41)",
            "last_sales":"2021-07-19,110000.0,41평(137.41)"
        },
        {
            "index":220,
            "아파트명":"프라비다M(도시형)",
            "투자타입":"일반",
            "전용면적(m2)":"21.03",
            "전용면적(평)":"6평",
            "법정동주소":"서울시 관악구 봉천동 893-1",
            "도로명주소":"서울시 관악구 남부순환로 1777-7",
            "세대수":0,
            "입주년차":80,
            "용적률점수":"--",
            "건폐율점수":"--",
            "세대당주차수":0,
            "난방방식":30,
            "공급면적":"--",
            "전용률":"--",
            "욕실수":50,
            "현관타입":10,
            "주거총점":25.0,
            "지역구공급총점":100.0,
            "역세권":80,
            "30분내 이동가능 거점":80,
            "1시간내 이동가능 거점":100,
            "교통총점":84.0,
            "백화점":100,
            "아울렛몰":0,
            "대형마트":0,
            "은행":100,
            "병원":100,
            "종합병원":100,
            "공원":100,
            "혐오시설":0,
            "인프라총점":73.0,
            "초등학군":84.83,
            "중학군":39.54,
            "학군총점":48.598,
            "인구수":58.35,
            "인구증감":-12.5,
            "인구총점":37.095,
            "일자리":13.4,
            "소득수준":55.65,
            "일자리총점":26.075,
            "가치 총점":63.5897,
            "매매실거래년":20210520.0,
            "매매실거래가":20000.0,
            "전세실거래년":20201223.0,
            "전세실거래가":15000.0,
            "전세가율":75.0,
            "장기전세가율평균":70.59,
            "전세가율거품지수":-4.41,
            "검색코드":109047,
            "세대수":114.0,
            "준공년월":"2014-11-07",
            "준공년차":9.0,
            "가까운역이름":"서울대입구",
            "가까운역거리":466.23,
            "역세권여부":"역세권",
            "30분이내주요거점역":4,
            "1시간이내주요거점역":17,
            "3km이내백화점수":1,
            "5km이내아울렛몰수":0,
            "1km이내대형먀트수":0,
            "500m이내은행수":7,
            "500m이내병원수":86,
            "5km이내대형병원수":8,
            "500m이내공원수":3,
            "3km이내혐오시설수":0,
            "초등학교학업성취도":84.83,
            "중학교학업성취도":65.5,
            "용적률":399,
            "건폐율":29,
            "Y":37.482389,
            "X":126.947655,
            "rank":22.0,
            "area_info":"6평(21.03), 12평(40.47), 12평(40.47), 12평(40.32)",
            "last_sales":"2021-05-20,20000.0,6평(21.03)"
        },
        {
            "index":68,
            "아파트명":"관악캠퍼스타워",
            "투자타입":"일반",
            "전용면적(m2)":"40.8",
            "전용면적(평)":"12평",
            "법정동주소":"서울시 관악구 봉천동 875-1",
            "도로명주소":"서울시 관악구 남부순환로 1802",
            "세대수":0,
            "입주년차":0,
            "용적률점수":"--",
            "건폐율점수":"--",
            "세대당주차수":0,
            "난방방식":30,
            "공급면적":"--",
            "전용률":"--",
            "욕실수":50,
            "현관타입":10,
            "주거총점":9.0,
            "지역구공급총점":100.0,
            "역세권":80,
            "30분내 이동가능 거점":100,
            "1시간내 이동가능 거점":100,
            "교통총점":90.0,
            "백화점":100,
            "아울렛몰":0,
            "대형마트":0,
            "은행":100,
            "병원":100,
            "종합병원":100,
            "공원":100,
            "혐오시설":0,
            "인프라총점":73.0,
            "초등학군":84.83,
            "중학군":46.64,
            "학군총점":54.278,
            "인구수":58.35,
            "인구증감":-12.5,
            "인구총점":37.095,
            "일자리":13.4,
            "소득수준":55.65,
            "일자리총점":26.075,
            "가치 총점":63.3417,
            "매매실거래년":20211106.0,
            "매매실거래가":22000.0,
            "전세실거래년":20200929.0,
            "전세실거래가":13000.0,
            "전세가율":89.66,
            "장기전세가율평균":70.59,
            "전세가율거품지수":-19.07,
            "검색코드":15676,
            "세대수":129.0,
            "준공년월":"1998-01-24",
            "준공년차":25.0,
            "가까운역이름":"서울대입구",
            "가까운역거리":214.7,
            "역세권여부":"역세권",
            "30분이내주요거점역":7,
            "1시간이내주요거점역":19,
            "3km이내백화점수":1,
            "5km이내아울렛몰수":0,
            "1km이내대형먀트수":0,
            "500m이내은행수":9,
            "500m이내병원수":101,
            "5km이내대형병원수":8,
            "500m이내공원수":4,
            "3km이내혐오시설수":0,
            "초등학교학업성취도":84.83,
            "중학교학업성취도":77.4,
            "용적률":696,
            "건폐율":54,
            "Y":37.481223,
            "X":126.950306,
            "rank":23.0,
            "area_info":"12평(40.8), 12평(42.31), 13평(43.74), 14평(46.68), 17평(58.45), 20평(66.3), 20평(67.18)",
            "last_sales":"2021-11-06,22000.0,17평(58.45)"
        },
        {
            "index":401,
            "아파트명":"현대(201동)",
            "투자타입":"일반",
            "전용면적(m2)":"86.89",
            "전용면적(평)":"26평",
            "법정동주소":"서울시 관악구 신림동 551-9",
            "도로명주소":"서울시 관악구 조원로13길 15",
            "세대수":0,
            "입주년차":0,
            "용적률점수":"--",
            "건폐율점수":"--",
            "세대당주차수":0,
            "난방방식":30,
            "공급면적":"--",
            "전용률":"--",
            "욕실수":50,
            "현관타입":10,
            "주거총점":9.0,
            "지역구공급총점":100.0,
            "역세권":80,
            "30분내 이동가능 거점":60,
            "1시간내 이동가능 거점":100,
            "교통총점":78.0,
            "백화점":100,
            "아울렛몰":100,
            "대형마트":100,
            "은행":20,
            "병원":60,
            "종합병원":100,
            "공원":80,
            "혐오시설":0,
            "인프라총점":85.4,
            "초등학군":82.9,
            "중학군":38.2,
            "학군총점":47.14,
            "인구수":58.35,
            "인구증감":-12.5,
            "인구총점":37.095,
            "일자리":13.4,
            "소득수준":55.65,
            "일자리총점":26.075,
            "가치 총점":61.791,
            "매매실거래년":20211216.0,
            "매매실거래가":63000.0,
            "전세실거래년":20201123.0,
            "전세실거래가":38000.0,
            "전세가율":60.32,
            "장기전세가율평균":70.59,
            "전세가율거품지수":10.27,
            "검색코드":8878,
            "세대수":112.0,
            "준공년월":"1996-12-20",
            "준공년차":27.0,
            "가까운역이름":"신대방",
            "가까운역거리":488.45,
            "역세권여부":"역세권",
            "30분이내주요거점역":3,
            "1시간이내주요거점역":18,
            "3km이내백화점수":1,
            "5km이내아울렛몰수":2,
            "1km이내대형먀트수":3,
            "500m이내은행수":2,
            "500m이내병원수":25,
            "5km이내대형병원수":13,
            "500m이내공원수":1,
            "3km이내혐오시설수":0,
            "초등학교학업성취도":82.9,
            "중학교학업성취도":62.8,
            "용적률":0,
            "건폐율":0,
            "Y":37.48465,
            "X":126.908896,
            "rank":24.0,
            "area_info":"26평(86.89), 32평(106.33), 42평(140.88)",
            "last_sales":"2021-12-16,63000.0,26평(86.89)"
        },
        {
            "index":130,
            "아파트명":"보라매삼성",
            "투자타입":"일반",
            "전용면적(m2)":"104.78",
            "전용면적(평)":"31평",
            "법정동주소":"서울시 관악구 봉천동 1698-1",
            "도로명주소":"서울시 관악구 보라매로 62",
            "세대수":80,
            "입주년차":0,
            "용적률점수":"--",
            "건폐율점수":"--",
            "세대당주차수":0,
            "난방방식":30,
            "공급면적":"--",
            "전용률":"--",
            "욕실수":100,
            "현관타입":100,
            "주거총점":51.0,
            "지역구공급총점":100.0,
            "역세권":50,
            "30분내 이동가능 거점":60,
            "1시간내 이동가능 거점":100,
            "교통총점":63.0,
            "백화점":100,
            "아울렛몰":100,
            "대형마트":0,
            "은행":100,
            "병원":60,
            "종합병원":100,
            "공원":0,
            "혐오시설":-100,
            "인프라총점":74.0,
            "초등학군":86.25,
            "중학군":39.1,
            "학군총점":48.53,
            "인구수":58.35,
            "인구증감":-12.5,
            "인구총점":37.095,
            "일자리":13.4,
            "소득수준":55.65,
            "일자리총점":26.075,
            "가치 총점":61.7295,
            "매매실거래년":20211027.0,
            "매매실거래가":85000.0,
            "전세실거래년":null,
            "전세실거래가":null,
            "전세가율":null,
            "장기전세가율평균":70.59,
            "전세가율거품지수":null,
            "검색코드":48,
            "세대수":710.0,
            "준공년월":"1996-04-25",
            "준공년차":27.0,
            "가까운역이름":"신대방삼거리",
            "가까운역거리":598.95,
            "역세권여부":"준역세권",
            "30분이내주요거점역":3,
            "1시간이내주요거점역":17,
            "3km이내백화점수":1,
            "5km이내아울렛몰수":2,
            "1km이내대형먀트수":0,
            "500m이내은행수":5,
            "500m이내병원수":13,
            "5km이내대형병원수":12,
            "500m이내공원수":0,
            "3km이내혐오시설수":2,
            "초등학교학업성취도":86.25,
            "중학교학업성취도":64.9,
            "용적률":268,
            "건폐율":28,
            "Y":37.494315,
            "X":126.928184,
            "rank":25.0,
            "area_info":"31평(104.78), 31평(104.78), 31평(104.95), 31평(104.81), 31평(104.71)",
            "last_sales":"2021-10-27,85000.0,31평(104.71)"
        },
        {
            "index":124,
            "아파트명":"벽산블루밍1차",
            "투자타입":"일반",
            "전용면적(m2)":"78.18",
            "전용면적(평)":"23평",
            "법정동주소":"서울시 관악구 봉천동 1718",
            "도로명주소":"서울시 관악구 은천로 93",
            "세대수":100,
            "입주년차":40,
            "용적률점수":"--",
            "건폐율점수":"--",
            "세대당주차수":30,
            "난방방식":30,
            "공급면적":"--",
            "전용률":"--",
            "욕실수":100,
            "현관타입":10,
            "주거총점":61.5,
            "지역구공급총점":100.0,
            "역세권":50,
            "30분내 이동가능 거점":60,
            "1시간내 이동가능 거점":100,
            "교통총점":63.0,
            "백화점":100,
            "아울렛몰":0,
            "대형마트":0,
            "은행":0,
            "병원":80,
            "종합병원":100,
            "공원":100,
            "혐오시설":0,
            "인프라총점":61.0,
            "초등학군":87.79,
            "중학군":50.2,
            "학군총점":57.718,
            "인구수":58.35,
            "인구증감":-12.5,
            "인구총점":37.095,
            "일자리":13.4,
            "소득수준":55.65,
            "일자리총점":26.075,
            "가치 총점":61.3077,
            "매매실거래년":20211008.0,
            "매매실거래가":131000.0,
            "전세실거래년":20220114.0,
            "전세실거래가":34000.0,
            "전세가율":40.48,
            "장기전세가율평균":70.59,
            "전세가율거품지수":30.11,
            "검색코드":2986,
            "세대수":2105.0,
            "준공년월":"2005-07-05",
            "준공년차":18.0,
            "가까운역이름":"봉천",
            "가까운역거리":843.47,
            "역세권여부":"준역세권",
            "30분이내주요거점역":3,
            "1시간이내주요거점역":16,
            "3km이내백화점수":1,
            "5km이내아울렛몰수":0,
            "1km이내대형먀트수":0,
            "500m이내은행수":1,
            "500m이내병원수":32,
            "5km이내대형병원수":10,
            "500m이내공원수":4,
            "3km이내혐오시설수":0,
            "초등학교학업성취도":87.79,
            "중학교학업성취도":82.6,
            "용적률":333,
            "건폐율":25,
            "Y":37.48952,
            "X":126.945056,
            "rank":26.0,
            "area_info":"23평(78.18), 33평(110.76), 40평(132.88), 45평(149.84), 45평(149.84), 45평(149.86)",
            "last_sales":"2021-10-08,131000.0,45평(149.84)"
        },
        {
            "index":44,
            "아파트명":"관악드림타운",
            "투자타입":"일반",
            "전용면적(m2)":"80.43",
            "전용면적(평)":"24평",
            "법정동주소":"서울시 관악구 봉천동 1712",
            "도로명주소":"서울시 관악구 성현로 80",
            "세대수":100,
            "입주년차":20,
            "용적률점수":"--",
            "건폐율점수":"--",
            "세대당주차수":60,
            "난방방식":30,
            "공급면적":"--",
            "전용률":"--",
            "욕실수":50,
            "현관타입":100,
            "주거총점":66.0,
            "지역구공급총점":100.0,
            "역세권":50,
            "30분내 이동가능 거점":60,
            "1시간내 이동가능 거점":100,
            "교통총점":63.0,
            "백화점":100,
            "아울렛몰":0,
            "대형마트":0,
            "은행":0,
            "병원":60,
            "종합병원":100,
            "공원":0,
            "혐오시설":0,
            "인프라총점":56.0,
            "초등학군":87.79,
            "중학군":50.2,
            "학군총점":57.718,
            "인구수":58.35,
            "인구증감":-12.5,
            "인구총점":37.095,
            "일자리":13.4,
            "소득수준":55.65,
            "일자리총점":26.075,
            "가치 총점":60.7077,
            "매매실거래년":20211017.0,
            "매매실거래가":124500.0,
            "전세실거래년":null,
            "전세실거래가":null,
            "전세가율":null,
            "장기전세가율평균":70.59,
            "전세가율거품지수":null,
            "검색코드":2987,
            "세대수":3544.0,
            "준공년월":"2003-09-06",
            "준공년차":20.0,
            "가까운역이름":"숭실대입구",
            "가까운역거리":680.9,
            "역세권여부":"준역세권",
            "30분이내주요거점역":3,
            "1시간이내주요거점역":17,
            "3km이내백화점수":1,
            "5km이내아울렛몰수":0,
            "1km이내대형먀트수":0,
            "500m이내은행수":1,
            "500m이내병원수":13,
            "5km이내대형병원수":9,
            "500m이내공원수":0,
            "3km이내혐오시설수":0,
            "초등학교학업성취도":87.79,
            "중학교학업성취도":82.6,
            "용적률":267,
            "건폐율":16,
            "Y":37.490479,
            "X":126.950561,
            "rank":27.0,
            "area_info":"24평(80.43), 24평(82.47), 25평(82.93), 25평(82.91), 32평(106.86), 33평(109.42), 38평(127.98), 42평(141.43)",
            "last_sales":"2021-10-17,124500.0,42평(141.43)"
        },
        {
            "index":40,
            "아파트명":"관악동부센트레빌",
            "투자타입":"일반",
            "전용면적(m2)":"79.43",
            "전용면적(평)":"24평",
            "법정동주소":"서울시 관악구 봉천동 1719",
            "도로명주소":"서울시 관악구 은천로33길 5",
            "세대수":50,
            "입주년차":40,
            "용적률점수":"--",
            "건폐율점수":"--",
            "세대당주차수":30,
            "난방방식":30,
            "공급면적":"--",
            "전용률":"--",
            "욕실수":50,
            "현관타입":100,
            "주거총점":48.0,
            "지역구공급총점":100.0,
            "역세권":50,
            "30분내 이동가능 거점":80,
            "1시간내 이동가능 거점":100,
            "교통총점":69.0,
            "백화점":100,
            "아울렛몰":0,
            "대형마트":0,
            "은행":0,
            "병원":80,
            "종합병원":100,
            "공원":100,
            "혐오시설":0,
            "인프라총점":61.0,
            "초등학군":84.83,
            "중학군":50.2,
            "학군총점":57.126,
            "인구수":58.35,
            "인구증감":-12.5,
            "인구총점":37.095,
            "일자리":13.4,
            "소득수준":55.65,
            "일자리총점":26.075,
            "가치 총점":60.6189,
            "매매실거래년":20211219.0,
            "매매실거래가":95000.0,
            "전세실거래년":20211228.0,
            "전세실거래가":62000.0,
            "전세가율":63.92,
            "장기전세가율평균":70.59,
            "전세가율거품지수":6.67,
            "검색코드":9497,
            "세대수":487.0,
            "준공년월":"2004-05-28",
            "준공년차":19.0,
            "가까운역이름":"서울대입구",
            "가까운역거리":701.96,
            "역세권여부":"준역세권",
            "30분이내주요거점역":4,
            "1시간이내주요거점역":16,
            "3km이내백화점수":1,
            "5km이내아울렛몰수":0,
            "1km이내대형먀트수":0,
            "500m이내은행수":1,
            "500m이내병원수":43,
            "5km이내대형병원수":8,
            "500m이내공원수":2,
            "3km이내혐오시설수":0,
            "초등학교학업성취도":84.83,
            "중학교학업성취도":82.6,
            "용적률":248,
            "건폐율":17,
            "Y":37.487382,
            "X":126.950864,
            "rank":28.0,
            "area_info":"24평(79.43), 24평(80.17), 32평(106.68), 41평(136.71)",
            "last_sales":"2021-12-19,95000.0,24평(80.17)"
        },
        {
            "index":172,
            "아파트명":"연희",
            "투자타입":"재건축",
            "전용면적(m2)":"60.68",
            "전용면적(평)":"18평",
            "법정동주소":"서울시 관악구 봉천동 685-72",
            "도로명주소":"서울시 관악구 당곡2길 69",
            "세대수":0,
            "입주년차":"--",
            "용적률점수":100,
            "건폐율점수":80,
            "세대당주차수":"--",
            "난방방식":"--",
            "공급면적":50,
            "전용률":60,
            "욕실수":"--",
            "현관타입":"--",
            "주거총점":61.5,
            "지역구공급총점":100.0,
            "역세권":50,
            "30분내 이동가능 거점":60,
            "1시간내 이동가능 거점":100,
            "교통총점":63.0,
            "백화점":100,
            "아울렛몰":100,
            "대형마트":0,
            "은행":0,
            "병원":0,
            "종합병원":100,
            "공원":100,
            "혐오시설":0,
            "인프라총점":63.0,
            "초등학군":86.25,
            "중학군":39.1,
            "학군총점":48.53,
            "인구수":58.35,
            "인구증감":-12.5,
            "인구총점":37.095,
            "일자리":13.4,
            "소득수준":55.65,
            "일자리총점":26.075,
            "가치 총점":60.5295,
            "매매실거래년":"18000101",
            "매매실거래가":null,
            "전세실거래년":null,
            "전세실거래가":null,
            "전세가율":null,
            "장기전세가율평균":70.59,
            "전세가율거품지수":null,
            "검색코드":15658,
            "세대수":114.0,
            "준공년월":"1985-07-24",
            "준공년차":38.0,
            "가까운역이름":"신대방삼거리",
            "가까운역거리":883.77,
            "역세권여부":"준역세권",
            "30분이내주요거점역":3,
            "1시간이내주요거점역":16,
            "3km이내백화점수":1,
            "5km이내아울렛몰수":2,
            "1km이내대형먀트수":0,
            "500m이내은행수":0,
            "500m이내병원수":1,
            "5km이내대형병원수":11,
            "500m이내공원수":2,
            "3km이내혐오시설수":0,
            "초등학교학업성취도":86.25,
            "중학교학업성취도":64.9,
            "용적률":89,
            "건폐율":29,
            "Y":37.492848,
            "X":126.93335,
            "rank":29.0,
            "area_info":"18평(60.68), 18평(60.28), 23평(77.88)",
            "last_sales":"1800-01-01,nan,18평(60.68)"
        },
        {
            "index":382,
            "아파트명":"우민조원",
            "투자타입":"일반",
            "전용면적(m2)":"86.44",
            "전용면적(평)":"26평",
            "법정동주소":"서울시 관악구 신림동 1719",
            "도로명주소":"서울시 관악구 조원로11길 24",
            "세대수":0,
            "입주년차":20,
            "용적률점수":"--",
            "건폐율점수":"--",
            "세대당주차수":30,
            "난방방식":30,
            "공급면적":"--",
            "전용률":"--",
            "욕실수":50,
            "현관타입":100,
            "주거총점":26.5,
            "지역구공급총점":100.0,
            "역세권":50,
            "30분내 이동가능 거점":60,
            "1시간내 이동가능 거점":100,
            "교통총점":63.0,
            "백화점":100,
            "아울렛몰":100,
            "대형마트":100,
            "은행":20,
            "병원":60,
            "종합병원":100,
            "공원":80,
            "혐오시설":0,
            "인프라총점":85.4,
            "초등학군":82.9,
            "중학군":38.2,
            "학군총점":47.14,
            "인구수":58.35,
            "인구증감":-12.5,
            "인구총점":37.095,
            "일자리":13.4,
            "소득수준":55.65,
            "일자리총점":26.075,
            "가치 총점":60.041,
            "매매실거래년":20210606.0,
            "매매실거래가":73000.0,
            "전세실거래년":null,
            "전세실거래가":null,
            "전세가율":null,
            "장기전세가율평균":70.59,
            "전세가율거품지수":null,
            "검색코드":9071,
            "세대수":119.0,
            "준공년월":"2003-06-13",
            "준공년차":20.0,
            "가까운역이름":"구로디지털단지",
            "가까운역거리":568.14,
            "역세권여부":"준역세권",
            "30분이내주요거점역":3,
            "1시간이내주요거점역":16,
            "3km이내백화점수":1,
            "5km이내아울렛몰수":2,
            "1km이내대형먀트수":3,
            "500m이내은행수":2,
            "500m이내병원수":17,
            "5km이내대형병원수":13,
            "500m이내공원수":1,
            "3km이내혐오시설수":0,
            "초등학교학업성취도":82.9,
            "중학교학업성취도":62.8,
            "용적률":365,
            "건폐율":35,
            "Y":37.48417,
            "X":126.90769,
            "rank":30.0,
            "area_info":"26평(86.44), 28평(94.11), 34평(115.51), 39평(130.15)",
            "last_sales":"2021-06-06,73000.0,34평(115.51)"
        },
        {
            "index":255,
            "아파트명":"건영4차",
            "투자타입":"일반",
            "전용면적(m2)":"105.68",
            "전용면적(평)":"31평",
            "법정동주소":"서울시 관악구 신림동 1702-1",
            "도로명주소":"서울시 관악구 신림로48길 17-20",
            "세대수":0,
            "입주년차":0,
            "용적률점수":"--",
            "건폐율점수":"--",
            "세대당주차수":0,
            "난방방식":30,
            "공급면적":"--",
            "전용률":"--",
            "욕실수":100,
            "현관타입":100,
            "주거총점":23.0,
            "지역구공급총점":100.0,
            "역세권":50,
            "30분내 이동가능 거점":100,
            "1시간내 이동가능 거점":100,
            "교통총점":75.0,
            "백화점":100,
            "아울렛몰":100,
            "대형마트":0,
            "은행":0,
            "병원":80,
            "종합병원":100,
            "공원":100,
            "혐오시설":0,
            "인프라총점":71.0,
            "초등학군":84.18,
            "중학군":38.54,
            "학군총점":47.668,
            "인구수":58.35,
            "인구증감":-12.5,
            "인구총점":37.095,
            "일자리":13.4,
            "소득수준":55.65,
            "일자리총점":26.075,
            "가치 총점":59.3002,
            "매매실거래년":20211007.0,
            "매매실거래가":84500.0,
            "전세실거래년":20211215.0,
            "전세실거래가":52000.0,
            "전세가율":61.54,
            "장기전세가율평균":70.59,
            "전세가율거품지수":9.05,
            "검색코드":62,
            "세대수":236.0,
            "준공년월":"1997-05-23",
            "준공년차":26.0,
            "가까운역이름":"신림",
            "가까운역거리":516.05,
            "역세권여부":"준역세권",
            "30분이내주요거점역":5,
            "1시간이내주요거점역":18,
            "3km이내백화점수":1,
            "5km이내아울렛몰수":2,
            "1km이내대형먀트수":0,
            "500m이내은행수":1,
            "500m이내병원수":36,
            "5km이내대형병원수":11,
            "500m이내공원수":4,
            "3km이내혐오시설수":0,
            "초등학교학업성취도":84.18,
            "중학교학업성취도":63.3,
            "용적률":300,
            "건폐율":23,
            "Y":37.480493,
            "X":126.933232,
            "rank":31.0,
            "area_info":"31평(105.68), 31평(105.46)",
            "last_sales":"2021-10-07,84500.0,31평(105.68)"
        },
        {
            "index":9,
            "아파트명":"예성그랑펠리체",
            "투자타입":"일반",
            "전용면적(m2)":"89.19",
            "전용면적(평)":"26평",
            "법정동주소":"서울시 관악구 남현동 1138",
            "도로명주소":"서울시 관악구 승방길 66",
            "세대수":0,
            "입주년차":40,
            "용적률점수":"--",
            "건폐율점수":"--",
            "세대당주차수":30,
            "난방방식":30,
            "공급면적":"--",
            "전용률":"--",
            "욕실수":100,
            "현관타입":100,
            "주거총점":35.5,
            "지역구공급총점":100.0,
            "역세권":80,
            "30분내 이동가능 거점":100,
            "1시간내 이동가능 거점":100,
            "교통총점":90.0,
            "백화점":0,
            "아울렛몰":0,
            "대형마트":80,
            "은행":0,
            "병원":60,
            "종합병원":100,
            "공원":100,
            "혐오시설":0,
            "인프라총점":41.0,
            "초등학군":78.56,
            "중학군":48.16,
            "학군총점":54.24,
            "인구수":58.35,
            "인구증감":-12.5,
            "인구총점":37.095,
            "일자리":13.4,
            "소득수준":55.65,
            "일자리총점":26.075,
            "가치 총점":59.036,
            "매매실거래년":20180907.0,
            "매매실거래가":77000.0,
            "전세실거래년":20210128.0,
            "전세실거래가":31000.0,
            "전세가율":62.0,
            "장기전세가율평균":70.59,
            "전세가율거품지수":8.59,
            "검색코드":22087,
            "세대수":129.0,
            "준공년월":"2007-03-28",
            "준공년차":16.0,
            "가까운역이름":"사당",
            "가까운역거리":468.48,
            "역세권여부":"역세권",
            "30분이내주요거점역":7,
            "1시간이내주요거점역":18,
            "3km이내백화점수":0,
            "5km이내아울렛몰수":0,
            "1km이내대형먀트수":1,
            "500m이내은행수":1,
            "500m이내병원수":21,
            "5km이내대형병원수":3,
            "500m이내공원수":5,
            "3km이내혐오시설수":0,
            "초등학교학업성취도":78.56,
            "중학교학업성취도":79.6,
            "용적률":234,
            "건폐율":25,
            "Y":37.473438,
            "X":126.978079,
            "rank":32.0,
            "area_info":"26평(89.19), 27평(91.2), 31평(103.75), 31평(104.21), 41평(135.65)",
            "last_sales":"2018-09-07,77000.0,41평(135.65)"
        },
        {
            "index":168,
            "아파트명":"신봉",
            "투자타입":"일반",
            "전용면적(m2)":"83.74",
            "전용면적(평)":"25평",
            "법정동주소":"서울시 관악구 봉천동 1705",
            "도로명주소":"서울시 관악구 양녕로6나길 18",
            "세대수":0,
            "입주년차":20,
            "용적률점수":"--",
            "건폐율점수":"--",
            "세대당주차수":0,
            "난방방식":30,
            "공급면적":"--",
            "전용률":"--",
            "욕실수":50,
            "현관타입":10,
            "주거총점":13.0,
            "지역구공급총점":100.0,
            "역세권":50,
            "30분내 이동가능 거점":100,
            "1시간내 이동가능 거점":100,
            "교통총점":75.0,
            "백화점":100,
            "아울렛몰":0,
            "대형마트":0,
            "은행":100,
            "병원":100,
            "종합병원":100,
            "공원":100,
            "혐오시설":0,
            "인프라총점":73.0,
            "초등학군":84.83,
            "중학군":46.64,
            "학군총점":54.278,
            "인구수":58.35,
            "인구증감":-12.5,
            "인구총점":37.095,
            "일자리":13.4,
            "소득수준":55.65,
            "일자리총점":26.075,
            "가치 총점":58.8917,
            "매매실거래년":20210825.0,
            "매매실거래가":74500.0,
            "전세실거래년":null,
            "전세실거래가":null,
            "전세가율":null,
            "장기전세가율평균":70.59,
            "전세가율거품지수":null,
            "검색코드":3167,
            "세대수":277.0,
            "준공년월":"1999-05-11",
            "준공년차":24.0,
            "가까운역이름":"서울대입구",
            "가까운역거리":500.26,
            "역세권여부":"준역세권",
            "30분이내주요거점역":5,
            "1시간이내주요거점역":17,
            "3km이내백화점수":1,
            "5km이내아울렛몰수":0,
            "1km이내대형먀트수":0,
            "500m이내은행수":5,
            "500m이내병원수":81,
            "5km이내대형병원수":8,
            "500m이내공원수":2,
            "3km이내혐오시설수":0,
            "초등학교학업성취도":84.83,
            "중학교학업성취도":77.4,
            "용적률":291,
            "건폐율":31,
            "Y":37.48504,
            "X":126.94969,
            "rank":33.0,
            "area_info":"25평(83.74), 25평(83.45), 25평(84.45), 25평(84.44)",
            "last_sales":"2021-08-25,74500.0,25평(84.45)"
        },
        {
            "index":371,
            "아파트명":"신림현대",
            "투자타입":"일반",
            "전용면적(m2)":"46.39",
            "전용면적(평)":"14평",
            "법정동주소":"서울시 관악구 신림동 1694",
            "도로명주소":"서울시 관악구 신림로29길 8",
            "세대수":100,
            "입주년차":0,
            "용적률점수":"--",
            "건폐율점수":"--",
            "세대당주차수":30,
            "난방방식":80,
            "공급면적":"--",
            "전용률":"--",
            "욕실수":50,
            "현관타입":10,
            "주거총점":53.5,
            "지역구공급총점":100.0,
            "역세권":50,
            "30분내 이동가능 거점":40,
            "1시간내 이동가능 거점":100,
            "교통총점":57.0,
            "백화점":100,
            "아울렛몰":100,
            "대형마트":0,
            "은행":0,
            "병원":60,
            "종합병원":100,
            "공원":100,
            "혐오시설":0,
            "인프라총점":69.0,
            "초등학군":84.18,
            "중학군":38.54,
            "학군총점":47.668,
            "인구수":58.35,
            "인구증감":-12.5,
            "인구총점":37.095,
            "일자리":13.4,
            "소득수준":55.65,
            "일자리총점":26.075,
            "가치 총점":58.5002,
            "매매실거래년":20211207.0,
            "매매실거래가":100000.0,
            "전세실거래년":20220112.0,
            "전세실거래가":19950.0,
            "전세가율":33.36,
            "장기전세가율평균":70.59,
            "전세가율거품지수":37.23,
            "검색코드":58,
            "세대수":1634.0,
            "준공년월":"1993-05-25",
            "준공년차":30.0,
            "가까운역이름":"신림",
            "가까운역거리":987.07,
            "역세권여부":"준역세권",
            "30분이내주요거점역":2,
            "1시간이내주요거점역":16,
            "3km이내백화점수":1,
            "5km이내아울렛몰수":2,
            "1km이내대형먀트수":0,
            "500m이내은행수":0,
            "500m이내병원수":21,
            "5km이내대형병원수":10,
            "500m이내공원수":3,
            "3km이내혐오시설수":0,
            "초등학교학업성취도":84.18,
            "중학교학업성취도":63.3,
            "용적률":233,
            "건폐율":20,
            "Y":37.475527,
            "X":126.932093,
            "rank":34.0,
            "area_info":"14평(46.39), 23평(76.7), 28평(94.83), 35평(118.49), 40평(132.75)",
            "last_sales":"2021-12-07,100000.0,28평(94.83)"
        },
        {
            "index":52,
            "아파트명":"관악브라운스톤",
            "투자타입":"일반",
            "전용면적(m2)":"76.5",
            "전용면적(평)":"23평",
            "법정동주소":"서울시 관악구 봉천동 1721",
            "도로명주소":"서울시 관악구 관악로 263",
            "세대수":0,
            "입주년차":40,
            "용적률점수":"--",
            "건폐율점수":"--",
            "세대당주차수":30,
            "난방방식":30,
            "공급면적":"--",
            "전용률":"--",
            "욕실수":50,
            "현관타입":100,
            "주거총점":30.5,
            "지역구공급총점":100.0,
            "역세권":50,
            "30분내 이동가능 거점":80,
            "1시간내 이동가능 거점":100,
            "교통총점":69.0,
            "백화점":100,
            "아울렛몰":0,
            "대형마트":0,
            "은행":70,
            "병원":80,
            "종합병원":100,
            "공원":0,
            "혐오시설":0,
            "인프라총점":65.0,
            "초등학군":87.78,
            "중학군":46.64,
            "학군총점":54.868,
            "인구수":58.35,
            "인구증감":-12.5,
            "인구총점":37.095,
            "일자리":13.4,
            "소득수준":55.65,
            "일자리총점":26.075,
            "가치 총점":57.9802,
            "매매실거래년":20210817.0,
            "매매실거래가":82000.0,
            "전세실거래년":20210605.0,
            "전세실거래가":45000.0,
            "전세가율":54.88,
            "장기전세가율평균":70.59,
            "전세가율거품지수":15.71,
            "검색코드":13033,
            "세대수":148.0,
            "준공년월":"2005-04-19",
            "준공년차":18.0,
            "가까운역이름":"서울대입구",
            "가까운역거리":841.46,
            "역세권여부":"준역세권",
            "30분이내주요거점역":4,
            "1시간이내주요거점역":17,
            "3km이내백화점수":1,
            "5km이내아울렛몰수":0,
            "1km이내대형먀트수":0,
            "500m이내은행수":3,
            "500m이내병원수":34,
            "5km이내대형병원수":8,
            "500m이내공원수":0,
            "3km이내혐오시설수":0,
            "초등학교학업성취도":87.78,
            "중학교학업성취도":77.4,
            "용적률":218,
            "건폐율":18,
            "Y":37.487916,
            "X":126.957246,
            "rank":35.0,
            "area_info":"23평(76.5), 31평(103.54), 41평(138.5)",
            "last_sales":"2021-08-17,82000.0,23평(76.5)"
        },
        {
            "index":303,
            "아파트명":"보라매갑을",
            "투자타입":"일반",
            "전용면적(m2)":"71.77",
            "전용면적(평)":"21평",
            "법정동주소":"서울시 관악구 신림동 1718",
            "도로명주소":"서울시 관악구 관천로24길 3",
            "세대수":0,
            "입주년차":20,
            "용적률점수":"--",
            "건폐율점수":"--",
            "세대당주차수":0,
            "난방방식":30,
            "공급면적":"--",
            "전용률":"--",
            "욕실수":50,
            "현관타입":100,
            "주거총점":22.0,
            "지역구공급총점":100.0,
            "역세권":50,
            "30분내 이동가능 거점":60,
            "1시간내 이동가능 거점":100,
            "교통총점":63.0,
            "백화점":100,
            "아울렛몰":100,
            "대형마트":0,
            "은행":100,
            "병원":60,
            "종합병원":100,
            "공원":100,
            "혐오시설":-100,
            "인프라총점":77.0,
            "초등학군":85.63,
            "중학군":46.72,
            "학군총점":54.502,
            "인구수":58.35,
            "인구증감":-12.5,
            "인구총점":37.095,
            "일자리":13.4,
            "소득수준":55.65,
            "일자리총점":26.075,
            "가치 총점":57.7253,
            "매매실거래년":20210911.0,
            "매매실거래가":76000.0,
            "전세실거래년":20210306.0,
            "전세실거래가":42000.0,
            "전세가율":72.41,
            "장기전세가율평균":70.59,
            "전세가율거품지수":-1.82,
            "검색코드":11799,
            "세대수":157.0,
            "준공년월":"2003-12-31",
            "준공년차":20.0,
            "가까운역이름":"신대방",
            "가까운역거리":792.61,
            "역세권여부":"준역세권",
            "30분이내주요거점역":3,
            "1시간이내주요거점역":16,
            "3km이내백화점수":1,
            "5km이내아울렛몰수":2,
            "1km이내대형먀트수":0,
            "500m이내은행수":5,
            "500m이내병원수":11,
            "5km이내대형병원수":13,
            "500m이내공원수":2,
            "3km이내혐오시설수":2,
            "초등학교학업성취도":85.63,
            "중학교학업성취도":77.4,
            "용적률":298,
            "건폐율":20,
            "Y":37.489059,
            "X":126.921904,
            "rank":36.0,
            "area_info":"21평(71.77), 28평(94.65), 29평(95.9)",
            "last_sales":"2021-09-11,76000.0,29평(95.9)"
        },
        {
            "index":17,
            "아파트명":"WS타워(도시형)",
            "투자타입":"일반",
            "전용면적(m2)":"33.31",
            "전용면적(평)":"10평",
            "법정동주소":"서울시 관악구 봉천동 463-1",
            "도로명주소":"서울시 관악구 은천로 110",
            "세대수":0,
            "입주년차":60,
            "용적률점수":"--",
            "건폐율점수":"--",
            "세대당주차수":0,
            "난방방식":30,
            "공급면적":"--",
            "전용률":"--",
            "욕실수":50,
            "현관타입":10,
            "주거총점":21.0,
            "지역구공급총점":100.0,
            "역세권":50,
            "30분내 이동가능 거점":100,
            "1시간내 이동가능 거점":100,
            "교통총점":75.0,
            "백화점":100,
            "아울렛몰":0,
            "대형마트":0,
            "은행":0,
            "병원":80,
            "종합병원":100,
            "공원":100,
            "혐오시설":0,
            "인프라총점":61.0,
            "초등학군":84.83,
            "중학군":50.2,
            "학군총점":57.126,
            "인구수":58.35,
            "인구증감":-12.5,
            "인구총점":37.095,
            "일자리":13.4,
            "소득수준":55.65,
            "일자리총점":26.075,
            "가치 총점":57.3189,
            "매매실거래년":20210526.0,
            "매매실거래가":19200.0,
            "전세실거래년":20211122.0,
            "전세실거래가":15000.0,
            "전세가율":78.12,
            "장기전세가율평균":70.59,
            "전세가율거품지수":-7.53,
            "검색코드":106957,
            "세대수":104.0,
            "준공년월":"2013-07-24",
            "준공년차":10.0,
            "가까운역이름":"봉천",
            "가까운역거리":697.23,
            "역세권여부":"준역세권",
            "30분이내주요거점역":5,
            "1시간이내주요거점역":17,
            "3km이내백화점수":1,
            "5km이내아울렛몰수":0,
            "1km이내대형먀트수":0,
            "500m이내은행수":1,
            "500m이내병원수":36,
            "5km이내대형병원수":8,
            "500m이내공원수":3,
            "3km이내혐오시설수":0,
            "초등학교학업성취도":84.83,
            "중학교학업성취도":82.6,
            "용적률":431,
            "건폐율":54,
            "Y":37.48674,
            "X":126.947549,
            "rank":37.0,
            "area_info":"10평(33.31), 12평(42.67)",
            "last_sales":"2021-05-26,19200.0,10평(33.31)"
        },
        {
            "index":165,
            "아파트명":"성현동아",
            "투자타입":"일반",
            "전용면적(m2)":"86.19",
            "전용면적(평)":"26평",
            "법정동주소":"서울시 관악구 봉천동 1703",
            "도로명주소":"서울시 관악구 관악로 285",
            "세대수":90,
            "입주년차":20,
            "용적률점수":"--",
            "건폐율점수":"--",
            "세대당주차수":60,
            "난방방식":30,
            "공급면적":"--",
            "전용률":"--",
            "욕실수":50,
            "현관타입":10,
            "주거총점":53.5,
            "지역구공급총점":100.0,
            "역세권":50,
            "30분내 이동가능 거점":40,
            "1시간내 이동가능 거점":100,
            "교통총점":57.0,
            "백화점":100,
            "아울렛몰":0,
            "대형마트":0,
            "은행":0,
            "병원":60,
            "종합병원":100,
            "공원":0,
            "혐오시설":0,
            "인프라총점":56.0,
            "초등학군":87.78,
            "중학군":50.84,
            "학군총점":58.228,
            "인구수":58.35,
            "인구증감":-12.5,
            "인구총점":37.095,
            "일자리":13.4,
            "소득수준":55.65,
            "일자리총점":26.075,
            "가치 총점":56.1842,
            "매매실거래년":20211007.0,
            "매매실거래가":77500.0,
            "전세실거래년":20220108.0,
            "전세실거래가":35175.0,
            "전세가율":45.39,
            "장기전세가율평균":70.59,
            "전세가율거품지수":25.2,
            "검색코드":1045,
            "세대수":1261.0,
            "준공년월":"2000-05-09",
            "준공년차":23.0,
            "가까운역이름":"숭실대입구",
            "가까운역거리":713.03,
            "역세권여부":"준역세권",
            "30분이내주요거점역":2,
            "1시간이내주요거점역":17,
            "3km이내백화점수":1,
            "5km이내아울렛몰수":0,
            "1km이내대형먀트수":0,
            "500m이내은행수":0,
            "500m이내병원수":21,
            "5km이내대형병원수":9,
            "500m이내공원수":0,
            "3km이내혐오시설수":0,
            "초등학교학업성취도":87.78,
            "중학교학업성취도":83.6,
            "용적률":302,
            "건폐율":19,
            "Y":37.489795,
            "X":126.955715,
            "rank":38.0,
            "area_info":"26평(86.19), 32평(108.02), 42평(141.16)",
            "last_sales":"2021-10-07,77500.0,26평(86.19)"
        },
        {
            "index":136,
            "아파트명":"봉천벽산블루밍3차",
            "투자타입":"일반",
            "전용면적(m2)":"77.11",
            "전용면적(평)":"23평",
            "법정동주소":"서울시 관악구 봉천동 1720",
            "도로명주소":"서울시 관악구 은천로15길 24",
            "세대수":0,
            "입주년차":40,
            "용적률점수":"--",
            "건폐율점수":"--",
            "세대당주차수":30,
            "난방방식":30,
            "공급면적":"--",
            "전용률":"--",
            "욕실수":100,
            "현관타입":100,
            "주거총점":35.5,
            "지역구공급총점":100.0,
            "역세권":50,
            "30분내 이동가능 거점":60,
            "1시간내 이동가능 거점":100,
            "교통총점":63.0,
            "백화점":100,
            "아울렛몰":0,
            "대형마트":0,
            "은행":0,
            "병원":80,
            "종합병원":100,
            "공원":100,
            "혐오시설":0,
            "인프라총점":61.0,
            "초등학군":87.79,
            "중학군":50.2,
            "학군총점":57.718,
            "인구수":58.35,
            "인구증감":-12.5,
            "인구총점":37.095,
            "일자리":13.4,
            "소득수준":55.65,
            "일자리총점":26.075,
            "가치 총점":56.1077,
            "매매실거래년":20211030.0,
            "매매실거래가":98000.0,
            "전세실거래년":20211218.0,
            "전세실거래가":42525.0,
            "전세가율":47.78,
            "장기전세가율평균":70.59,
            "전세가율거품지수":22.81,
            "검색코드":10413,
            "세대수":281.0,
            "준공년월":"2004-12-20",
            "준공년차":19.0,
            "가까운역이름":"봉천",
            "가까운역거리":726.34,
            "역세권여부":"준역세권",
            "30분이내주요거점역":3,
            "1시간이내주요거점역":17,
            "3km이내백화점수":1,
            "5km이내아울렛몰수":0,
            "1km이내대형먀트수":0,
            "500m이내은행수":1,
            "500m이내병원수":36,
            "5km이내대형병원수":10,
            "500m이내공원수":4,
            "3km이내혐오시설수":0,
            "초등학교학업성취도":87.79,
            "중학교학업성취도":82.6,
            "용적률":276,
            "건폐율":18,
            "Y":37.488516,
            "X":126.944652,
            "rank":39.0,
            "area_info":"23평(77.11), 32평(106.09), 32평(108.13), 40평(133.64)",
            "last_sales":"2021-10-30,98000.0,32평(106.09)"
        },
        {
            "index":144,
            "아파트명":"서울대입구삼성",
            "투자타입":"일반",
            "전용면적(m2)":"83.18",
            "전용면적(평)":"25평",
            "법정동주소":"서울시 관악구 봉천동 1591-2",
            "도로명주소":"서울시 관악구 관악로 125",
            "세대수":0,
            "입주년차":20,
            "용적률점수":"--",
            "건폐율점수":"--",
            "세대당주차수":30,
            "난방방식":30,
            "공급면적":"--",
            "전용률":"--",
            "욕실수":50,
            "현관타입":10,
            "주거총점":17.5,
            "지역구공급총점":100.0,
            "역세권":50,
            "30분내 이동가능 거점":80,
            "1시간내 이동가능 거점":100,
            "교통총점":69.0,
            "백화점":100,
            "아울렛몰":0,
            "대형마트":0,
            "은행":70,
            "병원":60,
            "종합병원":100,
            "공원":100,
            "혐오시설":0,
            "인프라총점":66.0,
            "초등학군":87.26,
            "중학군":49.72,
            "학군총점":57.228,
            "인구수":58.35,
            "인구증감":-12.5,
            "인구총점":37.095,
            "일자리":13.4,
            "소득수준":55.65,
            "일자리총점":26.075,
            "가치 총점":56.0342,
            "매매실거래년":20211211.0,
            "매매실거래가":79000.0,
            "전세실거래년":20211218.0,
            "전세실거래가":55000.0,
            "전세가율":69.62,
            "장기전세가율평균":70.59,
            "전세가율거품지수":0.97,
            "검색코드":1047,
            "세대수":254.0,
            "준공년월":"1999-10-28",
            "준공년차":24.0,
            "가까운역이름":"서울대입구",
            "가까운역거리":568.91,
            "역세권여부":"준역세권",
            "30분이내주요거점역":4,
            "1시간이내주요거점역":17,
            "3km이내백화점수":1,
            "5km이내아울렛몰수":0,
            "1km이내대형먀트수":0,
            "500m이내은행수":3,
            "500m이내병원수":20,
            "5km이내대형병원수":7,
            "500m이내공원수":3,
            "3km이내혐오시설수":0,
            "초등학교학업성취도":87.26,
            "중학교학업성취도":82.4,
            "용적률":399,
            "건폐율":28,
            "Y":37.47616,
            "X":126.95205,
            "rank":40.0,
            "area_info":"25평(83.18), 32평(107.78), 43평(144.4), 43평(144.26)",
            "last_sales":"2021-12-11,79000.0,25평(83.18)"
        },
        {
            "index":224,
            "아파트명":"해태보라매타워",
            "투자타입":"일반",
            "전용면적(m2)":"83.18",
            "전용면적(평)":"25평",
            "법정동주소":"서울시 관악구 봉천동 729-32",
            "도로명주소":"서울시 관악구 보라매로3길 29",
            "세대수":0,
            "입주년차":0,
            "용적률점수":"--",
            "건폐율점수":"--",
            "세대당주차수":30,
            "난방방식":30,
            "공급면적":"--",
            "전용률":"--",
            "욕실수":50,
            "현관타입":10,
            "주거총점":13.5,
            "지역구공급총점":100.0,
            "역세권":50,
            "30분내 이동가능 거점":60,
            "1시간내 이동가능 거점":100,
            "교통총점":63.0,
            "백화점":100,
            "아울렛몰":100,
            "대형마트":0,
            "은행":100,
            "병원":60,
            "종합병원":100,
            "공원":80,
            "혐오시설":-100,
            "인프라총점":76.4,
            "초등학군":86.25,
            "중학군":46.72,
            "학군총점":54.626,
            "인구수":58.35,
            "인구증감":-12.5,
            "인구총점":37.095,
            "일자리":13.4,
            "소득수준":55.65,
            "일자리총점":26.075,
            "가치 총점":55.8639,
            "매매실거래년":20210707.0,
            "매매실거래가":82000.0,
            "전세실거래년":20220115.0,
            "전세실거래가":36700.0,
            "전세가율":61.18,
            "장기전세가율평균":70.59,
            "전세가율거품지수":9.41,
            "검색코드":1049,
            "세대수":138.0,
            "준공년월":"1996-10-18",
            "준공년차":27.0,
            "가까운역이름":"신림",
            "가까운역거리":882.61,
            "역세권여부":"준역세권",
            "30분이내주요거점역":3,
            "1시간이내주요거점역":18,
            "3km이내백화점수":1,
            "5km이내아울렛몰수":2,
            "1km이내대형먀트수":0,
            "500m이내은행수":5,
            "500m이내병원수":18,
            "5km이내대형병원수":12,
            "500m이내공원수":1,
            "3km이내혐오시설수":2,
            "초등학교학업성취도":86.25,
            "중학교학업성취도":77.4,
            "용적률":773,
            "건폐율":59,
            "Y":37.491223,
            "X":126.925051,
            "rank":41.0,
            "area_info":"25평(83.18), 35평(116.63), 35평(117.0)",
            "last_sales":"2021-07-07,82000.0,35평(117.0)"
        },
        {
            "index":242,
            "아파트명":"건영1차",
            "투자타입":"재건축",
            "전용면적(m2)":"56.67",
            "전용면적(평)":"17평",
            "법정동주소":"서울시 관악구 신림동 746-43",
            "도로명주소":"서울시 관악구 문성로 74",
            "세대수":50,
            "입주년차":"--",
            "용적률점수":80,
            "건폐율점수":0,
            "세대당주차수":"--",
            "난방방식":"--",
            "공급면적":50,
            "전용률":60,
            "욕실수":"--",
            "현관타입":"--",
            "주거총점":52.5,
            "지역구공급총점":100.0,
            "역세권":0,
            "30분내 이동가능 거점":40,
            "1시간내 이동가능 거점":100,
            "교통총점":32.0,
            "백화점":100,
            "아울렛몰":100,
            "대형마트":100,
            "은행":20,
            "병원":60,
            "종합병원":100,
            "공원":100,
            "혐오시설":0,
            "인프라총점":86.0,
            "초등학군":83.96,
            "중학군":44.88,
            "학군총점":52.696,
            "인구수":58.35,
            "인구증감":-12.5,
            "인구총점":37.095,
            "일자리":13.4,
            "소득수준":55.65,
            "일자리총점":26.075,
            "가치 총점":55.4044,
            "매매실거래년":20211117.0,
            "매매실거래가":55500.0,
            "전세실거래년":20220113.0,
            "전세실거래가":19000.0,
            "전세가율":34.23,
            "장기전세가율평균":70.59,
            "전세가율거품지수":36.36,
            "검색코드":52,
            "세대수":492.0,
            "준공년월":"1984-10-16",
            "준공년차":39.0,
            "가까운역이름":"신대방",
            "가까운역거리":1218.08,
            "역세권여부":"비역세권",
            "30분이내주요거점역":2,
            "1시간이내주요거점역":13,
            "3km이내백화점수":1,
            "5km이내아울렛몰수":2,
            "1km이내대형먀트수":2,
            "500m이내은행수":2,
            "500m이내병원수":16,
            "5km이내대형병원수":11,
            "500m이내공원수":7,
            "3km이내혐오시설수":0,
            "초등학교학업성취도":83.96,
            "중학교학업성취도":74.8,
            "용적률":204,
            "건폐율":0,
            "Y":37.476527,
            "X":126.912327,
            "rank":42.0,
            "area_info":"17평(56.67), 26평(87.56), 29평(97.89), 30평(100.09), 30평(100.0)",
            "last_sales":"2021-11-17,55500.0,17평(56.67)"
        },
        {
            "index":97,
            "아파트명":"낙성대현대홈타운",
            "투자타입":"일반",
            "전용면적(m2)":"113.22",
            "전용면적(평)":"34평",
            "법정동주소":"서울시 관악구 봉천동 1713",
            "도로명주소":"서울시 관악구 솔밭로7길 16",
            "세대수":0,
            "입주년차":20,
            "용적률점수":"--",
            "건폐율점수":"--",
            "세대당주차수":60,
            "난방방식":30,
            "공급면적":"--",
            "전용률":"--",
            "욕실수":100,
            "현관타입":100,
            "주거총점":36.0,
            "지역구공급총점":100.0,
            "역세권":80,
            "30분내 이동가능 거점":80,
            "1시간내 이동가능 거점":100,
            "교통총점":84.0,
            "백화점":0,
            "아울렛몰":0,
            "대형마트":0,
            "은행":70,
            "병원":60,
            "종합병원":100,
            "공원":100,
            "혐오시설":0,
            "인프라총점":36.0,
            "초등학군":87.99,
            "중학군":44.52,
            "학군총점":53.214,
            "인구수":58.35,
            "인구증감":-12.5,
            "인구총점":37.095,
            "일자리":13.4,
            "소득수준":55.65,
            "일자리총점":26.075,
            "가치 총점":55.3821,
            "매매실거래년":20180424.0,
            "매매실거래가":72000.0,
            "전세실거래년":20180705.0,
            "전세실거래가":43000.0,
            "전세가율":72.88,
            "장기전세가율평균":70.59,
            "전세가율거품지수":-2.29,
            "검색코드":3332,
            "세대수":297.0,
            "준공년월":"2002-02-25",
            "준공년차":21.0,
            "가까운역이름":"낙성대",
            "가까운역거리":430.85,
            "역세권여부":"역세권",
            "30분이내주요거점역":4,
            "1시간이내주요거점역":18,
            "3km이내백화점수":0,
            "5km이내아울렛몰수":0,
            "1km이내대형먀트수":0,
            "500m이내은행수":3,
            "500m이내병원수":25,
            "5km이내대형병원수":5,
            "500m이내공원수":4,
            "3km이내혐오시설수":0,
            "초등학교학업성취도":87.99,
            "중학교학업성취도":74.2,
            "용적률":301,
            "건폐율":26,
            "Y":37.480798,
            "X":126.963405,
            "rank":43.0,
            "area_info":"34평(113.22), 34평(114.91), 34평(115.56), 45평(150.74), 45평(151.12)",
            "last_sales":"2018-04-24,72000.0,45평(151.12)"
        },
        {
            "index":55,
            "아파트명":"관악우성",
            "투자타입":"일반",
            "전용면적(m2)":"87.63",
            "전용면적(평)":"26평",
            "법정동주소":"서울시 관악구 봉천동 1706",
            "도로명주소":"서울시 관악구 관악로30길 12",
            "세대수":100,
            "입주년차":20,
            "용적률점수":"--",
            "건폐율점수":"--",
            "세대당주차수":30,
            "난방방식":80,
            "공급면적":"--",
            "전용률":"--",
            "욕실수":50,
            "현관타입":10,
            "주거총점":57.5,
            "지역구공급총점":100.0,
            "역세권":50,
            "30분내 이동가능 거점":80,
            "1시간내 이동가능 거점":100,
            "교통총점":69.0,
            "백화점":0,
            "아울렛몰":0,
            "대형마트":0,
            "은행":70,
            "병원":80,
            "종합병원":100,
            "공원":100,
            "혐오시설":0,
            "인프라총점":38.0,
            "초등학군":83.27,
            "중학군":46.64,
            "학군총점":53.966,
            "인구수":58.35,
            "인구증감":-12.5,
            "인구총점":37.095,
            "일자리":13.4,
            "소득수준":55.65,
            "일자리총점":26.075,
            "가치 총점":55.1449,
            "매매실거래년":20211119.0,
            "매매실거래가":81500.0,
            "전세실거래년":20220108.0,
            "전세실거래가":33600.0,
            "전세가율":41.23,
            "장기전세가율평균":70.59,
            "전세가율거품지수":29.36,
            "검색코드":1048,
            "세대수":1597.0,
            "준공년월":"2000-12-13",
            "준공년차":23.0,
            "가까운역이름":"서울대입구",
            "가까운역거리":762.06,
            "역세권여부":"준역세권",
            "30분이내주요거점역":4,
            "1시간이내주요거점역":17,
            "3km이내백화점수":0,
            "5km이내아울렛몰수":0,
            "1km이내대형먀트수":0,
            "500m이내은행수":3,
            "500m이내병원수":32,
            "5km이내대형병원수":8,
            "500m이내공원수":2,
            "3km이내혐오시설수":0,
            "초등학교학업성취도":83.27,
            "중학교학업성취도":77.4,
            "용적률":340,
            "건폐율":18,
            "Y":37.485423,
            "X":126.959587,
            "rank":44.0,
            "area_info":"26평(87.63), 32평(106.06), 43평(143.28)",
            "last_sales":"2021-11-19,81500.0,26평(87.63)"
        },
        {
            "index":181,
            "아파트명":"일두",
            "투자타입":"재건축",
            "전용면적(m2)":"50.8",
            "전용면적(평)":"15평",
            "법정동주소":"서울시 관악구 봉천동 1021",
            "도로명주소":"서울시 관악구 은천로39길 56",
            "세대수":0,
            "입주년차":"--",
            "용적률점수":80,
            "건폐율점수":0,
            "세대당주차수":"--",
            "난방방식":"--",
            "공급면적":50,
            "전용률":60,
            "욕실수":"--",
            "현관타입":"--",
            "주거총점":37.5,
            "지역구공급총점":100.0,
            "역세권":50,
            "30분내 이동가능 거점":60,
            "1시간내 이동가능 거점":100,
            "교통총점":63.0,
            "백화점":100,
            "아울렛몰":0,
            "대형마트":0,
            "은행":0,
            "병원":60,
            "종합병원":100,
            "공원":0,
            "혐오시설":0,
            "인프라총점":56.0,
            "초등학군":87.78,
            "중학군":50.84,
            "학군총점":58.228,
            "인구수":58.35,
            "인구증감":-12.5,
            "인구총점":37.095,
            "일자리":13.4,
            "소득수준":55.65,
            "일자리총점":26.075,
            "가치 총점":55.0842,
            "매매실거래년":20210928.0,
            "매매실거래가":43000.0,
            "전세실거래년":20211120.0,
            "전세실거래가":16250.0,
            "전세가율":37.79,
            "장기전세가율평균":70.59,
            "전세가율거품지수":32.8,
            "검색코드":1039,
            "세대수":204.0,
            "준공년월":"1985-11-20",
            "준공년차":38.0,
            "가까운역이름":"숭실대입구",
            "가까운역거리":775.13,
            "역세권여부":"준역세권",
            "30분이내주요거점역":3,
            "1시간이내주요거점역":17,
            "3km이내백화점수":1,
            "5km이내아울렛몰수":0,
            "1km이내대형먀트수":0,
            "500m이내은행수":1,
            "500m이내병원수":22,
            "5km이내대형병원수":9,
            "500m이내공원수":0,
            "3km이내혐오시설수":0,
            "초등학교학업성취도":87.78,
            "중학교학업성취도":83.6,
            "용적률":170,
            "건폐율":0,
            "Y":37.489082,
            "X":126.954549,
            "rank":45.0,
            "area_info":"15평(50.8), 18평(59.78), 21평(72.52)",
            "last_sales":"2021-09-28,43000.0,15평(50.8)"
        },
        {
            "index":102,
            "아파트명":"동아타운",
            "투자타입":"일반",
            "전용면적(m2)":"41.09",
            "전용면적(평)":"12평",
            "법정동주소":"서울시 관악구 봉천동 1629-2",
            "도로명주소":"서울시 관악구 봉천로 576",
            "세대수":0,
            "입주년차":20,
            "용적률점수":"--",
            "건폐율점수":"--",
            "세대당주차수":30,
            "난방방식":30,
            "공급면적":"--",
            "전용률":"--",
            "욕실수":50,
            "현관타입":10,
            "주거총점":17.5,
            "지역구공급총점":100.0,
            "역세권":80,
            "30분내 이동가능 거점":100,
            "1시간내 이동가능 거점":100,
            "교통총점":90.0,
            "백화점":0,
            "아울렛몰":0,
            "대형마트":0,
            "은행":70,
            "병원":80,
            "종합병원":100,
            "공원":100,
            "혐오시설":0,
            "인프라총점":38.0,
            "초등학군":80.01,
            "중학군":44.52,
            "학군총점":51.618,
            "인구수":58.35,
            "인구증감":-12.5,
            "인구총점":37.095,
            "일자리":13.4,
            "소득수준":55.65,
            "일자리총점":26.075,
            "가치 총점":54.1427,
            "매매실거래년":20210223.0,
            "매매실거래가":93000.0,
            "전세실거래년":20201103.0,
            "전세실거래가":16800.0,
            "전세가율":143.59,
            "장기전세가율평균":70.59,
            "전세가율거품지수":-73.0,
            "검색코드":10412,
            "세대수":121.0,
            "준공년월":"1999-10-30",
            "준공년차":24.0,
            "가까운역이름":"낙성대",
            "가까운역거리":226.62,
            "역세권여부":"역세권",
            "30분이내주요거점역":7,
            "1시간이내주요거점역":18,
            "3km이내백화점수":0,
            "5km이내아울렛몰수":0,
            "1km이내대형먀트수":0,
            "500m이내은행수":3,
            "500m이내병원수":39,
            "5km이내대형병원수":6,
            "500m이내공원수":7,
            "3km이내혐오시설수":0,
            "초등학교학업성취도":80.01,
            "중학교학업성취도":74.2,
            "용적률":386,
            "건폐율":54,
            "Y":37.47703,
            "X":126.961128,
            "rank":46.0,
            "area_info":"12평(41.09), 12평(42.14), 14평(47.94), 37평(123.53), 50평(166.99)",
            "last_sales":"2021-02-23,93000.0,50평(166.99)"
        },
        {
            "index":135,
            "아파트명":"복권",
            "투자타입":"재건축",
            "전용면적(m2)":"54.96",
            "전용면적(평)":"16평",
            "법정동주소":"서울시 관악구 봉천동 645-87",
            "도로명주소":"서울시 관악구 은천로5길 39",
            "세대수":0,
            "입주년차":"--",
            "용적률점수":0,
            "건폐율점수":0,
            "세대당주차수":"--",
            "난방방식":"--",
            "공급면적":50,
            "전용률":80,
            "욕실수":"--",
            "현관타입":"--",
            "주거총점":6.5,
            "지역구공급총점":100.0,
            "역세권":50,
            "30분내 이동가능 거점":80,
            "1시간내 이동가능 거점":100,
            "교통총점":69.0,
            "백화점":100,
            "아울렛몰":100,
            "대형마트":0,
            "은행":0,
            "병원":60,
            "종합병원":100,
            "공원":100,
            "혐오시설":0,
            "인프라총점":69.0,
            "초등학군":86.74,
            "중학군":39.1,
            "학군총점":48.628,
            "인구수":58.35,
            "인구증감":-12.5,
            "인구총점":37.095,
            "일자리":13.4,
            "소득수준":55.65,
            "일자리총점":26.075,
            "가치 총점":53.4442,
            "매매실거래년":20211224.0,
            "매매실거래가":32400.0,
            "전세실거래년":20211115.0,
            "전세실거래가":15750.0,
            "전세가율":48.61,
            "장기전세가율평균":70.59,
            "전세가율거품지수":21.98,
            "검색코드":3166,
            "세대수":108.0,
            "준공년월":"1971-11-05",
            "준공년차":52.0,
            "가까운역이름":"봉천",
            "가까운역거리":713.73,
            "역세권여부":"준역세권",
            "30분이내주요거점역":4,
            "1시간이내주요거점역":17,
            "3km이내백화점수":1,
            "5km이내아울렛몰수":2,
            "1km이내대형먀트수":0,
            "500m이내은행수":0,
            "500m이내병원수":11,
            "5km이내대형병원수":12,
            "500m이내공원수":9,
            "3km이내혐오시설수":0,
            "초등학교학업성취도":86.74,
            "중학교학업성취도":64.9,
            "용적률":0,
            "건폐율":0,
            "Y":37.488191,
            "X":126.938505,
            "rank":47.0,
            "area_info":"16평(54.96)",
            "last_sales":"2021-12-24,32400.0,16평(54.96)"
        },
        {
            "index":227,
            "아파트명":"현대",
            "투자타입":"재건축",
            "전용면적(m2)":"76.21",
            "전용면적(평)":"23평",
            "법정동주소":"서울시 관악구 봉천동 1000",
            "도로명주소":"서울시 관악구 관악로 304",
            "세대수":100,
            "입주년차":"--",
            "용적률점수":60,
            "건폐율점수":100,
            "세대당주차수":"--",
            "난방방식":"--",
            "공급면적":50,
            "전용률":60,
            "욕실수":"--",
            "현관타입":"--",
            "주거총점":79.5,
            "지역구공급총점":100.0,
            "역세권":50,
            "30분내 이동가능 거점":60,
            "1시간내 이동가능 거점":100,
            "교통총점":63.0,
            "백화점":0,
            "아울렛몰":0,
            "대형마트":0,
            "은행":0,
            "병원":10,
            "종합병원":100,
            "공원":0,
            "혐오시설":0,
            "인프라총점":21.0,
            "초등학군":87.78,
            "중학군":51.86,
            "학군총점":59.044,
            "인구수":58.35,
            "인구증감":-12.5,
            "인구총점":37.095,
            "일자리":13.4,
            "소득수준":55.65,
            "일자리총점":26.075,
            "가치 총점":53.1066,
            "매매실거래년":20211119.0,
            "매매실거래가":81000.0,
            "전세실거래년":20220114.0,
            "전세실거래가":30450.0,
            "전세가율":37.59,
            "장기전세가율평균":70.59,
            "전세가율거품지수":33.0,
            "검색코드":45,
            "세대수":2134.0,
            "준공년월":"1992-04-27",
            "준공년차":31.0,
            "가까운역이름":"숭실대입구",
            "가까운역거리":601.69,
            "역세권여부":"준역세권",
            "30분이내주요거점역":3,
            "1시간이내주요거점역":17,
            "3km이내백화점수":0,
            "5km이내아울렛몰수":0,
            "1km이내대형먀트수":0,
            "500m이내은행수":1,
            "500m이내병원수":4,
            "5km이내대형병원수":8,
            "500m이내공원수":0,
            "3km이내혐오시설수":0,
            "초등학교학업성취도":87.78,
            "중학교학업성취도":84.9,
            "용적률":245,
            "건폐율":19,
            "Y":37.492882,
            "X":126.95937,
            "rank":48.0,
            "area_info":"23평(76.21), 28평(94.66), 29평(98.36), 29평(98.48), 36평(120.08), 39평(131.48), 39평(131.55), 41평(138.15)",
            "last_sales":"2021-11-19,81000.0,23평(76.21)"
        },
        {
            "index":386,
            "아파트명":"우방",
            "투자타입":"일반",
            "전용면적(m2)":"86.05",
            "전용면적(평)":"26평",
            "법정동주소":"서울시 관악구 신림동 1715",
            "도로명주소":"서울시 관악구 관천로27길 2",
            "세대수":0,
            "입주년차":20,
            "용적률점수":"--",
            "건폐율점수":"--",
            "세대당주차수":30,
            "난방방식":30,
            "공급면적":"--",
            "전용률":"--",
            "욕실수":50,
            "현관타입":10,
            "주거총점":17.5,
            "지역구공급총점":100.0,
            "역세권":50,
            "30분내 이동가능 거점":40,
            "1시간내 이동가능 거점":100,
            "교통총점":57.0,
            "백화점":100,
            "아울렛몰":100,
            "대형마트":0,
            "은행":20,
            "병원":60,
            "종합병원":100,
            "공원":80,
            "혐오시설":-100,
            "인프라총점":68.4,
            "초등학군":85.41,
            "중학군":46.72,
            "학군총점":54.458,
            "인구수":58.35,
            "인구증감":-12.5,
            "인구총점":37.095,
            "일자리":13.4,
            "소득수준":55.65,
            "일자리총점":26.075,
            "가치 총점":52.1387,
            "매매실거래년":20210925.0,
            "매매실거래가":71500.0,
            "전세실거래년":20211213.0,
            "전세실거래가":30450.0,
            "전세가율":42.59,
            "장기전세가율평균":70.59,
            "전세가율거품지수":28.0,
            "검색코드":1057,
            "세대수":201.0,
            "준공년월":"1999-11-30",
            "준공년차":24.0,
            "가까운역이름":"신대방",
            "가까운역거리":512.78,
            "역세권여부":"준역세권",
            "30분이내주요거점역":2,
            "1시간이내주요거점역":17,
            "3km이내백화점수":1,
            "5km이내아울렛몰수":2,
            "1km이내대형먀트수":0,
            "500m이내은행수":2,
            "500m이내병원수":11,
            "5km이내대형병원수":14,
            "500m이내공원수":1,
            "3km이내혐오시설수":2,
            "초등학교학업성취도":85.41,
            "중학교학업성취도":77.4,
            "용적률":339,
            "건폐율":19,
            "Y":37.48904,
            "X":126.91861,
            "rank":49.0,
            "area_info":"26평(86.05), 32평(108.94), 42평(141.42)",
            "last_sales":"2021-09-25,71500.0,26평(86.05)"
        },
        {
            "index":14,
            "아파트명":"우림루미아트",
            "투자타입":"일반",
            "전용면적(m2)":"104.23",
            "전용면적(평)":"31평",
            "법정동주소":"서울시 관악구 남현동 1135",
            "도로명주소":"서울시 관악구 남현길 91",
            "세대수":0,
            "입주년차":40,
            "용적률점수":"--",
            "건폐율점수":"--",
            "세대당주차수":30,
            "난방방식":30,
            "공급면적":"--",
            "전용률":"--",
            "욕실수":100,
            "현관타입":100,
            "주거총점":35.5,
            "지역구공급총점":100.0,
            "역세권":50,
            "30분내 이동가능 거점":80,
            "1시간내 이동가능 거점":100,
            "교통총점":69.0,
            "백화점":0,
            "아울렛몰":0,
            "대형마트":80,
            "은행":0,
            "병원":60,
            "종합병원":100,
            "공원":100,
            "혐오시설":0,
            "인프라총점":41.0,
            "초등학군":78.56,
            "중학군":48.16,
            "학군총점":54.24,
            "인구수":58.35,
            "인구증감":-12.5,
            "인구총점":37.095,
            "일자리":13.4,
            "소득수준":55.65,
            "일자리총점":26.075,
            "가치 총점":51.686,
            "매매실거래년":20210928.0,
            "매매실거래가":102000.0,
            "전세실거래년":20211216.0,
            "전세실거래가":63000.0,
            "전세가율":61.76,
            "장기전세가율평균":70.59,
            "전세가율거품지수":8.83,
            "검색코드":12040,
            "세대수":174.0,
            "준공년월":"2004-12-29",
            "준공년차":19.0,
            "가까운역이름":"사당",
            "가까운역거리":711.07,
            "역세권여부":"준역세권",
            "30분이내주요거점역":4,
            "1시간이내주요거점역":16,
            "3km이내백화점수":0,
            "5km이내아울렛몰수":0,
            "1km이내대형먀트수":1,
            "500m이내은행수":1,
            "500m이내병원수":12,
            "5km이내대형병원수":3,
            "500m이내공원수":3,
            "3km이내혐오시설수":0,
            "초등학교학업성취도":78.56,
            "중학교학업성취도":79.6,
            "용적률":227,
            "건폐율":25,
            "Y":37.47246,
            "X":126.97547,
            "rank":50.0,
            "area_info":"31평(104.23), 31평(104.67), 42평(140.1)",
            "last_sales":"2021-09-28,102000.0,31평(104.23)"
        },
        {
            "index":90,
            "아파트명":"낙성대현대1차",
            "투자타입":"재건축",
            "전용면적(m2)":"82.63",
            "전용면적(평)":"24평",
            "법정동주소":"서울시 관악구 봉천동 179-58",
            "도로명주소":"서울시 관악구 인헌길 68",
            "세대수":0,
            "입주년차":"--",
            "용적률점수":60,
            "건폐율점수":0,
            "세대당주차수":"--",
            "난방방식":"--",
            "공급면적":70,
            "전용률":60,
            "욕실수":"--",
            "현관타입":"--",
            "주거총점":30.5,
            "지역구공급총점":100.0,
            "역세권":80,
            "30분내 이동가능 거점":60,
            "1시간내 이동가능 거점":100,
            "교통총점":78.0,
            "백화점":0,
            "아울렛몰":0,
            "대형마트":0,
            "은행":20,
            "병원":80,
            "종합병원":100,
            "공원":100,
            "혐오시설":0,
            "인프라총점":33.0,
            "초등학군":80.01,
            "중학군":48.16,
            "학군총점":54.53,
            "인구수":58.35,
            "인구증감":-12.5,
            "인구총점":37.095,
            "일자리":13.4,
            "소득수준":55.65,
            "일자리총점":26.075,
            "가치 총점":51.4795,
            "매매실거래년":20211109.0,
            "매매실거래가":77750.0,
            "전세실거래년":20220106.0,
            "전세실거래가":39900.0,
            "전세가율":51.32,
            "장기전세가율평균":70.59,
            "전세가율거품지수":19.27,
            "검색코드":46,
            "세대수":251.0,
            "준공년월":"1988-03-11",
            "준공년차":35.0,
            "가까운역이름":"낙성대",
            "가까운역거리":499.51,
            "역세권여부":"역세권",
            "30분이내주요거점역":3,
            "1시간이내주요거점역":17,
            "3km이내백화점수":0,
            "5km이내아울렛몰수":0,
            "1km이내대형먀트수":0,
            "500m이내은행수":2,
            "500m이내병원수":30,
            "5km이내대형병원수":4,
            "500m이내공원수":7,
            "3km이내혐오시설수":0,
            "초등학교학업성취도":80.01,
            "중학교학업성취도":79.6,
            "용적률":223,
            "건폐율":0,
            "Y":37.472736,
            "X":126.965721,
            "rank":51.0,
            "area_info":"24평(82.63), 31평(103.23), 34평(112.8), 47평(156.56)",
            "last_sales":"2021-11-09,77750.0,24평(82.63)"
        },
        {
            "index":84,
            "아파트명":"관악푸르지오",
            "투자타입":"일반",
            "전용면적(m2)":"79.89",
            "전용면적(평)":"24평",
            "법정동주소":"서울시 관악구 봉천동 1717",
            "도로명주소":"서울시 관악구 관악로30길 27",
            "세대수":100,
            "입주년차":40,
            "용적률점수":"--",
            "건폐율점수":"--",
            "세대당주차수":0,
            "난방방식":30,
            "공급면적":"--",
            "전용률":"--",
            "욕실수":50,
            "현관타입":50,
            "주거총점":56.0,
            "지역구공급총점":100.0,
            "역세권":50,
            "30분내 이동가능 거점":40,
            "1시간내 이동가능 거점":100,
            "교통총점":57.0,
            "백화점":0,
            "아울렛몰":0,
            "대형마트":0,
            "은행":70,
            "병원":60,
            "종합병원":100,
            "공원":100,
            "혐오시설":0,
            "인프라총점":36.0,
            "초등학군":90.95,
            "중학군":50.84,
            "학군총점":58.862,
            "인구수":58.35,
            "인구증감":-12.5,
            "인구총점":37.095,
            "일자리":13.4,
            "소득수준":55.65,
            "일자리총점":26.075,
            "가치 총점":50.7793,
            "매매실거래년":20200616.0,
            "매매실거래가":89900.0,
            "전세실거래년":null,
            "전세실거래가":null,
            "전세가율":null,
            "장기전세가율평균":70.59,
            "전세가율거품지수":null,
            "검색코드":2988,
            "세대수":2104.0,
            "준공년월":"2004-08-26",
            "준공년차":19.0,
            "가까운역이름":"남성",
            "가까운역거리":959.44,
            "역세권여부":"준역세권",
            "30분이내주요거점역":2,
            "1시간이내주요거점역":17,
            "3km이내백화점수":0,
            "5km이내아울렛몰수":0,
            "1km이내대형먀트수":0,
            "500m이내은행수":3,
            "500m이내병원수":17,
            "5km이내대형병원수":8,
            "500m이내공원수":2,
            "3km이내혐오시설수":0,
            "초등학교학업성취도":90.95,
            "중학교학업성취도":83.6,
            "용적률":294,
            "건폐율":17,
            "Y":37.487336,
            "X":126.96094,
            "rank":52.0,
            "area_info":"24평(79.89), 25평(83.38), 32평(106.88), 32평(106.96), 34평(112.93), 42평(139.22)",
            "last_sales":"2020-06-16,89900.0,42평(139.22)"
        },
        {
            "index":58,
            "아파트명":"관악월드메르디앙",
            "투자타입":"일반",
            "전용면적(m2)":"100.98",
            "전용면적(평)":"30평",
            "법정동주소":"서울시 관악구 봉천동 1724",
            "도로명주소":"서울시 관악구 관악로28길 80",
            "세대수":0,
            "입주년차":40,
            "용적률점수":"--",
            "건폐율점수":"--",
            "세대당주차수":30,
            "난방방식":30,
            "공급면적":"--",
            "전용률":"--",
            "욕실수":100,
            "현관타입":100,
            "주거총점":35.5,
            "지역구공급총점":100.0,
            "역세권":50,
            "30분내 이동가능 거점":80,
            "1시간내 이동가능 거점":100,
            "교통총점":69.0,
            "백화점":0,
            "아울렛몰":0,
            "대형마트":0,
            "은행":70,
            "병원":80,
            "종합병원":100,
            "공원":100,
            "혐오시설":0,
            "인프라총점":38.0,
            "초등학군":83.27,
            "중학군":46.64,
            "학군총점":53.966,
            "인구수":58.35,
            "인구증감":-12.5,
            "인구총점":37.095,
            "일자리":13.4,
            "소득수준":55.65,
            "일자리총점":26.075,
            "가치 총점":50.7449,
            "매매실거래년":20210907.0,
            "매매실거래가":91500.0,
            "전세실거래년":20211102.0,
            "전세실거래가":55000.0,
            "전세가율":73.43,
            "장기전세가율평균":70.59,
            "전세가율거품지수":-2.84,
            "검색코드":18216,
            "세대수":118.0,
            "준공년월":"2005-12-02",
            "준공년차":18.0,
            "가까운역이름":"서울대입구",
            "가까운역거리":616.14,
            "역세권여부":"준역세권",
            "30분이내주요거점역":4,
            "1시간이내주요거점역":17,
            "3km이내백화점수":0,
            "5km이내아울렛몰수":0,
            "1km이내대형먀트수":0,
            "500m이내은행수":3,
            "500m이내병원수":48,
            "5km이내대형병원수":8,
            "500m이내공원수":3,
            "3km이내혐오시설수":0,
            "초등학교학업성취도":83.27,
            "중학교학업성취도":77.4,
            "용적률":241,
            "건폐율":26,
            "Y":37.483625,
            "X":126.959046,
            "rank":53.0,
            "area_info":"30평(100.98), 32평(107.72), 32평(107.67)",
            "last_sales":"2021-09-07,91500.0,32평(107.72)"
        },
        {
            "index":94,
            "아파트명":"낙성대현대2차",
            "투자타입":"일반",
            "전용면적(m2)":"85.12",
            "전용면적(평)":"25평",
            "법정동주소":"서울시 관악구 봉천동 296",
            "도로명주소":"서울시 관악구 낙성대로 37",
            "세대수":0,
            "입주년차":0,
            "용적률점수":"--",
            "건폐율점수":"--",
            "세대당주차수":30,
            "난방방식":30,
            "공급면적":"--",
            "전용률":"--",
            "욕실수":50,
            "현관타입":10,
            "주거총점":13.5,
            "지역구공급총점":100.0,
            "역세권":80,
            "30분내 이동가능 거점":80,
            "1시간내 이동가능 거점":100,
            "교통총점":84.0,
            "백화점":0,
            "아울렛몰":0,
            "대형마트":0,
            "은행":70,
            "병원":60,
            "종합병원":100,
            "공원":100,
            "혐오시설":0,
            "인프라총점":36.0,
            "초등학군":80.01,
            "중학군":44.52,
            "학군총점":51.618,
            "인구수":58.35,
            "인구증감":-12.5,
            "인구총점":37.095,
            "일자리":13.4,
            "소득수준":55.65,
            "일자리총점":26.075,
            "가치 총점":50.6427,
            "매매실거래년":20211022.0,
            "매매실거래가":80500.0,
            "전세실거래년":20220111.0,
            "전세실거래가":10000.0,
            "전세가율":12.42,
            "장기전세가율평균":70.59,
            "전세가율거품지수":58.17,
            "검색코드":3164,
            "세대수":122.0,
            "준공년월":"1998-11-23",
            "준공년차":25.0,
            "가까운역이름":"낙성대",
            "가까운역거리":410.46,
            "역세권여부":"역세권",
            "30분이내주요거점역":4,
            "1시간이내주요거점역":18,
            "3km이내백화점수":0,
            "5km이내아울렛몰수":0,
            "1km이내대형먀트수":0,
            "500m이내은행수":3,
            "500m이내병원수":28,
            "5km이내대형병원수":6,
            "500m이내공원수":6,
            "3km이내혐오시설수":0,
            "초등학교학업성취도":80.01,
            "중학교학업성취도":74.2,
            "용적률":317,
            "건폐율":26,
            "Y":37.475169,
            "X":126.959605,
            "rank":54.0,
            "area_info":"25평(85.12), 33평(109.47), 42평(140.56)",
            "last_sales":"2021-10-22,80500.0,25평(85.12)"
        },
        {
            "index":140,
            "아파트명":"봉천벽산타운2차",
            "투자타입":"일반",
            "전용면적(m2)":"80.36",
            "전용면적(평)":"24평",
            "법정동주소":"서울시 관악구 봉천동 1716",
            "도로명주소":"서울시 관악구 구암5가길 49",
            "세대수":0,
            "입주년차":20,
            "용적률점수":"--",
            "건폐율점수":"--",
            "세대당주차수":30,
            "난방방식":30,
            "공급면적":"--",
            "전용률":"--",
            "욕실수":100,
            "현관타입":10,
            "주거총점":22.5,
            "지역구공급총점":100.0,
            "역세권":50,
            "30분내 이동가능 거점":40,
            "1시간내 이동가능 거점":100,
            "교통총점":57.0,
            "백화점":100,
            "아울렛몰":0,
            "대형마트":0,
            "은행":0,
            "병원":30,
            "종합병원":100,
            "공원":100,
            "혐오시설":0,
            "인프라총점":56.0,
            "초등학군":87.79,
            "중학군":50.2,
            "학군총점":57.718,
            "인구수":58.35,
            "인구증감":-12.5,
            "인구총점":37.095,
            "일자리":13.4,
            "소득수준":55.65,
            "일자리총점":26.075,
            "가치 총점":49.9077,
            "매매실거래년":20211025.0,
            "매매실거래가":74900.0,
            "전세실거래년":20211106.0,
            "전세실거래가":31500.0,
            "전세가율":45.65,
            "장기전세가율평균":70.59,
            "전세가율거품지수":24.94,
            "검색코드":8085,
            "세대수":203.0,
            "준공년월":"2003-06-12",
            "준공년차":20.0,
            "가까운역이름":"숭실대입구",
            "가까운역거리":768.22,
            "역세권여부":"준역세권",
            "30분이내주요거점역":2,
            "1시간이내주요거점역":16,
            "3km이내백화점수":1,
            "5km이내아울렛몰수":0,
            "1km이내대형먀트수":0,
            "500m이내은행수":0,
            "500m이내병원수":5,
            "5km이내대형병원수":10,
            "500m이내공원수":2,
            "3km이내혐오시설수":0,
            "초등학교학업성취도":87.79,
            "중학교학업성취도":82.6,
            "용적률":366,
            "건폐율":22,
            "Y":37.492576,
            "X":126.94628,
            "rank":55.0,
            "area_info":"24평(80.36), 30평(100.79), 33평(111.08), 39평(130.52)",
            "last_sales":"2021-10-25,74900.0,30평(100.79)"
        },
        {
            "index":75,
            "아파트명":"관악파크푸르지오",
            "투자타입":"일반",
            "전용면적(m2)":"78.99",
            "전용면적(평)":"23평",
            "법정동주소":"서울시 관악구 봉천동 1728",
            "도로명주소":"서울시 관악구 행운10길 21",
            "세대수":30,
            "입주년차":80,
            "용적률점수":"--",
            "건폐율점수":"--",
            "세대당주차수":30,
            "난방방식":30,
            "공급면적":"--",
            "전용률":"--",
            "욕실수":100,
            "현관타입":100,
            "주거총점":54.0,
            "지역구공급총점":100.0,
            "역세권":50,
            "30분내 이동가능 거점":60,
            "1시간내 이동가능 거점":100,
            "교통총점":63.0,
            "백화점":0,
            "아울렛몰":0,
            "대형마트":0,
            "은행":20,
            "병원":30,
            "종합병원":100,
            "공원":100,
            "혐오시설":0,
            "인프라총점":28.0,
            "초등학군":83.27,
            "중학군":44.52,
            "학군총점":52.27,
            "인구수":58.35,
            "인구증감":-12.5,
            "인구총점":37.095,
            "일자리":13.4,
            "소득수준":55.65,
            "일자리총점":26.075,
            "가치 총점":49.0905,
            "매매실거래년":20210924.0,
            "매매실거래가":108000.0,
            "전세실거래년":20220110.0,
            "전세실거래가":56500.0,
            "전세가율":64.94,
            "장기전세가율평균":70.59,
            "전세가율거품지수":5.65,
            "검색코드":107439,
            "세대수":363.0,
            "준공년월":"2014-09-19",
            "준공년차":9.0,
            "가까운역이름":"낙성대",
            "가까운역거리":688.52,
            "역세권여부":"준역세권",
            "30분이내주요거점역":3,
            "1시간이내주요거점역":17,
            "3km이내백화점수":0,
            "5km이내아울렛몰수":0,
            "1km이내대형먀트수":0,
            "500m이내은행수":2,
            "500m이내병원수":7,
            "5km이내대형병원수":8,
            "500m이내공원수":4,
            "3km이내혐오시설수":0,
            "초등학교학업성취도":83.27,
            "중학교학업성취도":74.2,
            "용적률":246,
            "건폐율":21,
            "Y":37.482834,
            "X":126.961341,
            "rank":56.0,
            "area_info":"23평(78.99), 23평(78.99), 23평(78.99), 29평(99.13), 31평(105.11), 33평(110.92), 33평(110.92), 33평(111.99), 33평(111.99)",
            "last_sales":"2021-09-24,108000.0,33평(111.99)"
        },
        {
            "index":285,
            "아파트명":"뉴서울",
            "투자타입":"재건축",
            "전용면적(m2)":"72.18",
            "전용면적(평)":"21평",
            "법정동주소":"서울시 관악구 신림동 739",
            "도로명주소":"서울시 관악구 미성10길 64",
            "세대수":0,
            "입주년차":"--",
            "용적률점수":100,
            "건폐율점수":100,
            "세대당주차수":"--",
            "난방방식":"--",
            "공급면적":50,
            "전용률":60,
            "욕실수":"--",
            "현관타입":"--",
            "주거총점":65.5,
            "지역구공급총점":100.0,
            "역세권":0,
            "30분내 이동가능 거점":20,
            "1시간내 이동가능 거점":90,
            "교통총점":24.0,
            "백화점":100,
            "아울렛몰":100,
            "대형마트":0,
            "은행":0,
            "병원":0,
            "종합병원":100,
            "공원":100,
            "혐오시설":0,
            "인프라총점":63.0,
            "초등학군":88.49,
            "중학군":44.88,
            "학군총점":53.602,
            "인구수":58.35,
            "인구증감":-12.5,
            "인구총점":37.095,
            "일자리":13.4,
            "소득수준":55.65,
            "일자리총점":26.075,
            "가치 총점":48.4403,
            "매매실거래년":20201231.0,
            "매매실거래가":59000.0,
            "전세실거래년":20211126.0,
            "전세실거래가":15000.0,
            "전세가율":38.46,
            "장기전세가율평균":70.59,
            "전세가율거품지수":32.13,
            "검색코드":1051,
            "세대수":120.0,
            "준공년월":"1984-07-25",
            "준공년차":39.0,
            "가까운역이름":"구로디지털단지",
            "가까운역거리":1828.79,
            "역세권여부":"비역세권",
            "30분이내주요거점역":1,
            "1시간이내주요거점역":9,
            "3km이내백화점수":1,
            "5km이내아울렛몰수":2,
            "1km이내대형먀트수":0,
            "500m이내은행수":0,
            "500m이내병원수":0,
            "5km이내대형병원수":9,
            "500m이내공원수":3,
            "3km이내혐오시설수":0,
            "초등학교학업성취도":88.49,
            "중학교학업성취도":74.8,
            "용적률":94,
            "건폐율":18,
            "Y":37.47074,
            "X":126.91112,
            "rank":57.0,
            "area_info":"21평(72.18), 27평(90.71)",
            "last_sales":"2020-12-31,59000.0,27평(90.71)"
        },
        {
            "index":247,
            "아파트명":"건영2차",
            "투자타입":"재건축",
            "전용면적(m2)":"64.52",
            "전용면적(평)":"19평",
            "법정동주소":"서울시 관악구 신림동 721-2",
            "도로명주소":"서울시 관악구 난곡로35길 28-7",
            "세대수":30,
            "입주년차":"--",
            "용적률점수":60,
            "건폐율점수":0,
            "세대당주차수":"--",
            "난방방식":"--",
            "공급면적":50,
            "전용률":40,
            "욕실수":"--",
            "현관타입":"--",
            "주거총점":37.5,
            "지역구공급총점":100.0,
            "역세권":0,
            "30분내 이동가능 거점":40,
            "1시간내 이동가능 거점":100,
            "교통총점":32.0,
            "백화점":100,
            "아울렛몰":100,
            "대형마트":0,
            "은행":0,
            "병원":80,
            "종합병원":100,
            "공원":100,
            "혐오시설":0,
            "인프라총점":71.0,
            "초등학군":86.48,
            "중학군":44.88,
            "학군총점":53.2,
            "인구수":58.35,
            "인구증감":-12.5,
            "인구총점":37.095,
            "일자리":13.4,
            "소득수준":55.65,
            "일자리총점":26.075,
            "가치 총점":47.98,
            "매매실거래년":20211203.0,
            "매매실거래가":49500.0,
            "전세실거래년":20211013.0,
            "전세실거래가":20000.0,
            "전세가율":40.4,
            "장기전세가율평균":70.59,
            "전세가율거품지수":30.19,
            "검색코드":53,
            "세대수":338.0,
            "준공년월":"1988-01-05",
            "준공년차":35.0,
            "가까운역이름":"신대방",
            "가까운역거리":1851.27,
            "역세권여부":"비역세권",
            "30분이내주요거점역":2,
            "1시간이내주요거점역":13,
            "3km이내백화점수":1,
            "5km이내아울렛몰수":2,
            "1km이내대형먀트수":0,
            "500m이내은행수":0,
            "500m이내병원수":38,
            "5km이내대형병원수":9,
            "500m이내공원수":3,
            "3km이내혐오시설수":0,
            "초등학교학업성취도":86.48,
            "중학교학업성취도":74.8,
            "용적률":242,
            "건폐율":0,
            "Y":37.471043,
            "X":126.916623,
            "rank":58.0,
            "area_info":"19평(64.52), 24평(81.48), 27평(91.0)",
            "last_sales":"2021-12-03,49500.0,19평(64.52)"
        },
        {
            "index":0,
            "아파트명":"남현한일유앤아이",
            "투자타입":"일반",
            "전용면적(m2)":"76.17",
            "전용면적(평)":"23평",
            "법정동주소":"서울시 관악구 남현동 1136",
            "도로명주소":"서울시 관악구 남부순환로256라길 25",
            "세대수":0,
            "입주년차":40,
            "용적률점수":"--",
            "건폐율점수":"--",
            "세대당주차수":30,
            "난방방식":30,
            "공급면적":"--",
            "전용률":"--",
            "욕실수":100,
            "현관타입":100,
            "주거총점":35.5,
            "지역구공급총점":100.0,
            "역세권":50,
            "30분내 이동가능 거점":60,
            "1시간내 이동가능 거점":100,
            "교통총점":63.0,
            "백화점":0,
            "아울렛몰":0,
            "대형마트":80,
            "은행":0,
            "병원":0,
            "종합병원":100,
            "공원":100,
            "혐오시설":0,
            "인프라총점":35.0,
            "초등학군":78.56,
            "중학군":48.16,
            "학군총점":54.24,
            "인구수":58.35,
            "인구증감":-12.5,
            "인구총점":37.095,
            "일자리":13.4,
            "소득수준":55.65,
            "일자리총점":26.075,
            "가치 총점":47.786,
            "매매실거래년":20210811.0,
            "매매실거래가":83000.0,
            "전세실거래년":20210301.0,
            "전세실거래가":50000.0,
            "전세가율":76.57,
            "장기전세가율평균":70.59,
            "전세가율거품지수":-5.98,
            "검색코드":13857,
            "세대수":170.0,
            "준공년월":"2005-03-30",
            "준공년차":18.0,
            "가까운역이름":"사당",
            "가까운역거리":871.23,
            "역세권여부":"준역세권",
            "30분이내주요거점역":3,
            "1시간이내주요거점역":15,
            "3km이내백화점수":0,
            "5km이내아울렛몰수":0,
            "1km이내대형먀트수":1,
            "500m이내은행수":1,
            "500m이내병원수":1,
            "5km이내대형병원수":4,
            "500m이내공원수":2,
            "3km이내혐오시설수":0,
            "초등학교학업성취도":78.56,
            "중학교학업성취도":79.6,
            "용적률":205,
            "건폐율":27,
            "Y":37.472101,
            "X":126.973541,
            "rank":59.0,
            "area_info":"23평(76.17), 29평(95.9), 29평(96.42), 29평(97.8), 32평(106.62), 32평(106.53), 32평(106.99), 32평(106.35), 45평(151.86)",
            "last_sales":"2021-08-11,83000.0,32평(106.62)"
        },
        {
            "index":158,
            "아파트명":"서희스타힐스",
            "투자타입":"일반",
            "전용면적(m2)":"75.29",
            "전용면적(평)":"22평",
            "법정동주소":"서울시 관악구 봉천동 1729",
            "도로명주소":"서울시 관악구 청림3길 10",
            "세대수":0,
            "입주년차":80,
            "용적률점수":"--",
            "건폐율점수":"--",
            "세대당주차수":60,
            "난방방식":30,
            "공급면적":"--",
            "전용률":"--",
            "욕실수":50,
            "현관타입":100,
            "주거총점":43.0,
            "지역구공급총점":100.0,
            "역세권":50,
            "30분내 이동가능 거점":60,
            "1시간내 이동가능 거점":100,
            "교통총점":63.0,
            "백화점":0,
            "아울렛몰":0,
            "대형마트":0,
            "은행":20,
            "병원":60,
            "종합병원":100,
            "공원":0,
            "혐오시설":0,
            "인프라총점":28.0,
            "초등학군":87.78,
            "중학군":50.84,
            "학군총점":58.228,
            "인구수":58.35,
            "인구증감":-12.5,
            "인구총점":37.095,
            "일자리":13.4,
            "소득수준":55.65,
            "일자리총점":26.075,
            "가치 총점":47.7842,
            "매매실거래년":20211016.0,
            "매매실거래가":81500.0,
            "전세실거래년":20211127.0,
            "전세실거래가":34650.0,
            "전세가율":49.5,
            "장기전세가율평균":70.59,
            "전세가율거품지수":21.09,
            "검색코드":105521,
            "세대수":142.0,
            "준공년월":"2015-09-10",
            "준공년차":8.0,
            "가까운역이름":"숭실대입구",
            "가까운역거리":964.52,
            "역세권여부":"준역세권",
            "30분이내주요거점역":3,
            "1시간이내주요거점역":17,
            "3km이내백화점수":0,
            "5km이내아울렛몰수":0,
            "1km이내대형먀트수":0,
            "500m이내은행수":2,
            "500m이내병원수":22,
            "5km이내대형병원수":8,
            "500m이내공원수":0,
            "3km이내혐오시설수":0,
            "초등학교학업성취도":87.78,
            "중학교학업성취도":83.6,
            "용적률":372,
            "건폐율":53,
            "Y":37.488633,
            "X":126.959534,
            "rank":60.0,
            "area_info":"22평(75.29), 26평(86.07), 26평(86.07), 26평(86.78), 36평(120.86), 36평(120.58), 36평(121.85)",
            "last_sales":"2021-10-16,81500.0,26평(86.07)"
        },
        {
            "index":323,
            "아파트명":"신림동부센트레빌",
            "투자타입":"일반",
            "전용면적(m2)":"79.77",
            "전용면적(평)":"24평",
            "법정동주소":"서울시 관악구 신림동 1734",
            "도로명주소":"서울시 관악구 미성3길 16",
            "세대수":0,
            "입주년차":40,
            "용적률점수":"--",
            "건폐율점수":"--",
            "세대당주차수":30,
            "난방방식":30,
            "공급면적":"--",
            "전용률":"--",
            "욕실수":100,
            "현관타입":100,
            "주거총점":35.5,
            "지역구공급총점":100.0,
            "역세권":0,
            "30분내 이동가능 거점":40,
            "1시간내 이동가능 거점":100,
            "교통총점":32.0,
            "백화점":100,
            "아울렛몰":100,
            "대형마트":0,
            "은행":0,
            "병원":80,
            "종합병원":100,
            "공원":100,
            "혐오시설":0,
            "인프라총점":71.0,
            "초등학군":86.48,
            "중학군":44.88,
            "학군총점":53.2,
            "인구수":58.35,
            "인구증감":-12.5,
            "인구총점":37.095,
            "일자리":13.4,
            "소득수준":55.65,
            "일자리총점":26.075,
            "가치 총점":47.58,
            "매매실거래년":20210729.0,
            "매매실거래가":84000.0,
            "전세실거래년":20210806.0,
            "전세실거래가":45000.0,
            "전세가율":83.33,
            "장기전세가율평균":70.59,
            "전세가율거품지수":-12.74,
            "검색코드":18210,
            "세대수":213.0,
            "준공년월":"2006-04-24",
            "준공년차":17.0,
            "가까운역이름":"신대방",
            "가까운역거리":1599.78,
            "역세권여부":"비역세권",
            "30분이내주요거점역":2,
            "1시간이내주요거점역":13,
            "3km이내백화점수":1,
            "5km이내아울렛몰수":2,
            "1km이내대형먀트수":0,
            "500m이내은행수":1,
            "500m이내병원수":41,
            "5km이내대형병원수":9,
            "500m이내공원수":6,
            "3km이내혐오시설수":0,
            "초등학교학업성취도":86.48,
            "중학교학업성취도":74.8,
            "용적률":232,
            "건폐율":22,
            "Y":37.473303,
            "X":126.916365,
            "rank":61.0,
            "area_info":"24평(79.77), 29평(97.76), 32평(109.0), 40평(134.04)",
            "last_sales":"2021-07-29,84000.0,32평(109.0)"
        },
        {
            "index":287,
            "아파트명":"라이프",
            "투자타입":"일반",
            "전용면적(m2)":"77.51",
            "전용면적(평)":"23평",
            "법정동주소":"서울시 관악구 신림동 1700",
            "도로명주소":"서울시 관악구 문성로 86",
            "세대수":0,
            "입주년차":0,
            "용적률점수":"--",
            "건폐율점수":"--",
            "세대당주차수":0,
            "난방방식":30,
            "공급면적":"--",
            "전용률":"--",
            "욕실수":50,
            "현관타입":10,
            "주거총점":9.0,
            "지역구공급총점":100.0,
            "역세권":0,
            "30분내 이동가능 거점":40,
            "1시간내 이동가능 거점":100,
            "교통총점":32.0,
            "백화점":100,
            "아울렛몰":100,
            "대형마트":100,
            "은행":70,
            "병원":60,
            "종합병원":100,
            "공원":100,
            "혐오시설":0,
            "인프라총점":91.0,
            "초등학군":83.96,
            "중학군":38.2,
            "학군총점":47.352,
            "인구수":58.35,
            "인구증감":-12.5,
            "인구총점":37.095,
            "일자리":13.4,
            "소득수준":55.65,
            "일자리총점":26.075,
            "가치 총점":47.4028,
            "매매실거래년":20211201.0,
            "매매실거래가":57000.0,
            "전세실거래년":20211130.0,
            "전세실거래가":40000.0,
            "전세가율":70.18,
            "장기전세가율평균":70.59,
            "전세가율거품지수":0.41,
            "검색코드":3170,
            "세대수":171.0,
            "준공년월":"1996-03-27",
            "준공년차":27.0,
            "가까운역이름":"신대방",
            "가까운역거리":1142.86,
            "역세권여부":"비역세권",
            "30분이내주요거점역":2,
            "1시간이내주요거점역":14,
            "3km이내백화점수":1,
            "5km이내아울렛몰수":2,
            "1km이내대형먀트수":2,
            "500m이내은행수":3,
            "500m이내병원수":23,
            "5km이내대형병원수":11,
            "500m이내공원수":7,
            "3km이내혐오시설수":0,
            "초등학교학업성취도":83.96,
            "중학교학업성취도":62.8,
            "용적률":399,
            "건폐율":27,
            "Y":37.477184,
            "X":126.913143,
            "rank":62.0,
            "area_info":"23평(77.51), 23평(77.63), 33평(110.78), 45평(150.84)",
            "last_sales":"2021-12-01,57000.0,23평(77.51)"
        },
        {
            "index":389,
            "아파트명":"임광관악파크",
            "투자타입":"일반",
            "전용면적(m2)":"76.03",
            "전용면적(평)":"22평",
            "법정동주소":"서울시 관악구 신림동 1727",
            "도로명주소":"서울시 관악구 난곡로 167",
            "세대수":50,
            "입주년차":20,
            "용적률점수":"--",
            "건폐율점수":"--",
            "세대당주차수":30,
            "난방방식":30,
            "공급면적":"--",
            "전용률":"--",
            "욕실수":50,
            "현관타입":10,
            "주거총점":35.0,
            "지역구공급총점":100.0,
            "역세권":0,
            "30분내 이동가능 거점":40,
            "1시간내 이동가능 거점":100,
            "교통총점":32.0,
            "백화점":100,
            "아울렛몰":100,
            "대형마트":0,
            "은행":0,
            "병원":80,
            "종합병원":100,
            "공원":100,
            "혐오시설":0,
            "인프라총점":71.0,
            "초등학군":86.48,
            "중학군":42.76,
            "학군총점":51.504,
            "인구수":58.35,
            "인구증감":-12.5,
            "인구총점":37.095,
            "일자리":13.4,
            "소득수준":55.65,
            "일자리총점":26.075,
            "가치 총점":47.2256,
            "매매실거래년":20211020.0,
            "매매실거래가":65300.0,
            "전세실거래년":20211220.0,
            "전세실거래가":30000.0,
            "전세가율":45.94,
            "장기전세가율평균":70.59,
            "전세가율거품지수":24.65,
            "검색코드":9449,
            "세대수":465.0,
            "준공년월":"2003-09-29",
            "준공년차":20.0,
            "가까운역이름":"신림",
            "가까운역거리":1844.38,
            "역세권여부":"비역세권",
            "30분이내주요거점역":2,
            "1시간이내주요거점역":13,
            "3km이내백화점수":1,
            "5km이내아울렛몰수":2,
            "1km이내대형먀트수":0,
            "500m이내은행수":0,
            "500m이내병원수":30,
            "5km이내대형병원수":9,
            "500m이내공원수":2,
            "3km이내혐오시설수":0,
            "초등학교학업성취도":86.48,
            "중학교학업성취도":68.8,
            "용적률":334,
            "건폐율":19,
            "Y":37.469816,
            "X":126.919309,
            "rank":63.0,
            "area_info":"22평(76.03), 29평(99.17), 39평(132.23)",
            "last_sales":"2021-10-20,65300.0,22평(76.03)"
        },
        {
            "index":396,
            "아파트명":"한양",
            "투자타입":"재건축",
            "전용면적(m2)":"101.56",
            "전용면적(평)":"30평",
            "법정동주소":"서울시 관악구 신림동 1563-82",
            "도로명주소":"서울시 관악구 미성5길 33",
            "세대수":0,
            "입주년차":"--",
            "용적률점수":60,
            "건폐율점수":0,
            "세대당주차수":"--",
            "난방방식":"--",
            "공급면적":90,
            "전용률":80,
            "욕실수":"--",
            "현관타입":"--",
            "주거총점":32.5,
            "지역구공급총점":100.0,
            "역세권":0,
            "30분내 이동가능 거점":40,
            "1시간내 이동가능 거점":100,
            "교통총점":32.0,
            "백화점":100,
            "아울렛몰":100,
            "대형마트":0,
            "은행":0,
            "병원":80,
            "종합병원":100,
            "공원":100,
            "혐오시설":0,
            "인프라총점":71.0,
            "초등학군":86.48,
            "중학군":44.88,
            "학군총점":53.2,
            "인구수":58.35,
            "인구증감":-12.5,
            "인구총점":37.095,
            "일자리":13.4,
            "소득수준":55.65,
            "일자리총점":26.075,
            "가치 총점":46.98,
            "매매실거래년":20211015.0,
            "매매실거래가":63000.0,
            "전세실거래년":20210828.0,
            "전세실거래가":40000.0,
            "전세가율":63.49,
            "장기전세가율평균":70.59,
            "전세가율거품지수":7.1,
            "검색코드":61,
            "세대수":132.0,
            "준공년월":"1992-02-18",
            "준공년차":31.0,
            "가까운역이름":"신대방",
            "가까운역거리":1602.11,
            "역세권여부":"비역세권",
            "30분이내주요거점역":2,
            "1시간이내주요거점역":11,
            "3km이내백화점수":1,
            "5km이내아울렛몰수":2,
            "1km이내대형먀트수":0,
            "500m이내은행수":1,
            "500m이내병원수":39,
            "5km이내대형병원수":9,
            "500m이내공원수":6,
            "3km이내혐오시설수":0,
            "초등학교학업성취도":86.48,
            "중학교학업성취도":74.8,
            "용적률":241,
            "건폐율":0,
            "Y":37.473128,
            "X":126.914988,
            "rank":64.0,
            "area_info":"30평(101.56)",
            "last_sales":"2021-10-15,63000.0,30평(101.56)"
        },
        {
            "index":275,
            "아파트명":"관악우정하이비젼1단지",
            "투자타입":"일반",
            "전용면적(m2)":"95.38",
            "전용면적(평)":"28평",
            "법정동주소":"서울시 관악구 신림동 1721",
            "도로명주소":"서울시 관악구 양지길 50-5",
            "세대수":0,
            "입주년차":40,
            "용적률점수":"--",
            "건폐율점수":"--",
            "세대당주차수":30,
            "난방방식":30,
            "공급면적":"--",
            "전용률":"--",
            "욕실수":100,
            "현관타입":100,
            "주거총점":35.5,
            "지역구공급총점":100.0,
            "역세권":0,
            "30분내 이동가능 거점":40,
            "1시간내 이동가능 거점":100,
            "교통총점":32.0,
            "백화점":100,
            "아울렛몰":100,
            "대형마트":0,
            "은행":0,
            "병원":60,
            "종합병원":100,
            "공원":100,
            "혐오시설":0,
            "인프라총점":69.0,
            "초등학군":86.77,
            "중학군":40.76,
            "학군총점":49.962,
            "인구수":58.35,
            "인구증감":-12.5,
            "인구총점":37.095,
            "일자리":13.4,
            "소득수준":55.65,
            "일자리총점":26.075,
            "가치 총점":46.4943,
            "매매실거래년":20210711.0,
            "매매실거래가":77000.0,
            "전세실거래년":20200328.0,
            "전세실거래가":20000.0,
            "전세가율":76.92,
            "장기전세가율평균":70.59,
            "전세가율거품지수":-6.33,
            "검색코드":8501,
            "세대수":140.0,
            "준공년월":"2004-06-11",
            "준공년차":19.0,
            "가까운역이름":"신림",
            "가까운역거리":1372.93,
            "역세권여부":"비역세권",
            "30분이내주요거점역":2,
            "1시간이내주요거점역":15,
            "3km이내백화점수":1,
            "5km이내아울렛몰수":2,
            "1km이내대형먀트수":0,
            "500m이내은행수":1,
            "500m이내병원수":28,
            "5km이내대형병원수":9,
            "500m이내공원수":2,
            "3km이내혐오시설수":0,
            "초등학교학업성취도":86.77,
            "중학교학업성취도":67.2,
            "용적률":298,
            "건폐율":24,
            "Y":37.471855,
            "X":126.929511,
            "rank":65.0,
            "area_info":"28평(95.38), 33평(111.86)",
            "last_sales":"2021-07-11,77000.0,33평(111.86)"
        },
        {
            "index":327,
            "아파트명":"신림두영",
            "투자타입":"일반",
            "전용면적(m2)":"83.91",
            "전용면적(평)":"25평",
            "법정동주소":"서울시 관악구 신림동 1717",
            "도로명주소":"서울시 관악구 문성로16나길 25",
            "세대수":0,
            "입주년차":20,
            "용적률점수":"--",
            "건폐율점수":"--",
            "세대당주차수":30,
            "난방방식":30,
            "공급면적":"--",
            "전용률":"--",
            "욕실수":50,
            "현관타입":100,
            "주거총점":26.5,
            "지역구공급총점":100.0,
            "역세권":0,
            "30분내 이동가능 거점":40,
            "1시간내 이동가능 거점":100,
            "교통총점":32.0,
            "백화점":100,
            "아울렛몰":100,
            "대형마트":0,
            "은행":0,
            "병원":80,
            "종합병원":100,
            "공원":100,
            "혐오시설":0,
            "인프라총점":71.0,
            "초등학군":75.87,
            "중학군":44.88,
            "학군총점":51.078,
            "인구수":58.35,
            "인구증감":-12.5,
            "인구총점":37.095,
            "일자리":13.4,
            "소득수준":55.65,
            "일자리총점":26.075,
            "가치 총점":45.4617,
            "매매실거래년":20210723.0,
            "매매실거래가":69500.0,
            "전세실거래년":null,
            "전세실거래가":null,
            "전세가율":null,
            "장기전세가율평균":70.59,
            "전세가율거품지수":null,
            "검색코드":9477,
            "세대수":114.0,
            "준공년월":"2002-12-06",
            "준공년차":21.0,
            "가까운역이름":"신대방",
            "가까운역거리":1403.64,
            "역세권여부":"비역세권",
            "30분이내주요거점역":2,
            "1시간이내주요거점역":12,
            "3km이내백화점수":1,
            "5km이내아울렛몰수":2,
            "1km이내대형먀트수":0,
            "500m이내은행수":1,
            "500m이내병원수":31,
            "5km이내대형병원수":10,
            "500m이내공원수":6,
            "3km이내혐오시설수":0,
            "초등학교학업성취도":75.87,
            "중학교학업성취도":74.8,
            "용적률":0,
            "건폐율":0,
            "Y":37.474846,
            "X":126.913686,
            "rank":66.0,
            "area_info":"25평(83.91), 30평(99.99), 30평(100.64), 31평(105.0), 31평(105.41), 43평(142.34)",
            "last_sales":"2021-07-23,69500.0,31평(105.0)"
        },
        {
            "index":175,
            "아파트명":"은천1단지",
            "투자타입":"일반",
            "전용면적(m2)":"107.89",
            "전용면적(평)":"32평",
            "법정동주소":"서울시 관악구 봉천동 1707",
            "도로명주소":"서울시 관악구 인헌12길 46-2",
            "세대수":0,
            "입주년차":20,
            "용적률점수":"--",
            "건폐율점수":"--",
            "세대당주차수":30,
            "난방방식":30,
            "공급면적":"--",
            "전용률":"--",
            "욕실수":100,
            "현관타입":50,
            "주거총점":26.5,
            "지역구공급총점":100.0,
            "역세권":50,
            "30분내 이동가능 거점":60,
            "1시간내 이동가능 거점":100,
            "교통총점":63.0,
            "백화점":0,
            "아울렛몰":0,
            "대형마트":0,
            "은행":0,
            "병원":60,
            "종합병원":100,
            "공원":100,
            "혐오시설":0,
            "인프라총점":29.0,
            "초등학군":80.01,
            "중학군":48.16,
            "학군총점":54.53,
            "인구수":58.35,
            "인구증감":-12.5,
            "인구총점":37.095,
            "일자리":13.4,
            "소득수준":55.65,
            "일자리총점":26.075,
            "가치 총점":44.2295,
            "매매실거래년":20210327.0,
            "매매실거래가":83000.0,
            "전세실거래년":null,
            "전세실거래가":null,
            "전세가율":null,
            "장기전세가율평균":70.59,
            "전세가율거품지수":null,
            "검색코드":3031,
            "세대수":180.0,
            "준공년월":"2001-06-25",
            "준공년차":22.0,
            "가까운역이름":"낙성대",
            "가까운역거리":606.04,
            "역세권여부":"준역세권",
            "30분이내주요거점역":3,
            "1시간이내주요거점역":16,
            "3km이내백화점수":0,
            "5km이내아울렛몰수":0,
            "1km이내대형먀트수":0,
            "500m이내은행수":1,
            "500m이내병원수":17,
            "5km이내대형병원수":4,
            "500m이내공원수":7,
            "3km이내혐오시설수":0,
            "초등학교학업성취도":80.01,
            "중학교학업성취도":79.6,
            "용적률":200,
            "건폐율":24,
            "Y":37.471537,
            "X":126.964686,
            "rank":67.0,
            "area_info":"32평(107.89), 32평(107.89), 32평(108.12)",
            "last_sales":"2021-03-27,83000.0,32평(108.12)"
        },
        {
            "index":122,
            "아파트명":"반석푸른숲",
            "투자타입":"일반",
            "전용면적(m2)":"76.27",
            "전용면적(평)":"23평",
            "법정동주소":"서울시 관악구 봉천동 1723",
            "도로명주소":"서울시 관악구 인헌16다길 14",
            "세대수":0,
            "입주년차":40,
            "용적률점수":"--",
            "건폐율점수":"--",
            "세대당주차수":30,
            "난방방식":30,
            "공급면적":"--",
            "전용률":"--",
            "욕실수":100,
            "현관타입":100,
            "주거총점":35.5,
            "지역구공급총점":100.0,
            "역세권":50,
            "30분내 이동가능 거점":60,
            "1시간내 이동가능 거점":100,
            "교통총점":63.0,
            "백화점":0,
            "아울렛몰":0,
            "대형마트":0,
            "은행":0,
            "병원":0,
            "종합병원":100,
            "공원":80,
            "혐오시설":0,
            "인프라총점":22.4,
            "초등학군":78.56,
            "중학군":48.16,
            "학군총점":54.24,
            "인구수":58.35,
            "인구증감":-12.5,
            "인구총점":37.095,
            "일자리":13.4,
            "소득수준":55.65,
            "일자리총점":26.075,
            "가치 총점":44.006,
            "매매실거래년":20210421.0,
            "매매실거래가":85000.0,
            "전세실거래년":20210803.0,
            "전세실거래가":37800.0,
            "전세가율":61.97,
            "장기전세가율평균":70.59,
            "전세가율거품지수":8.62,
            "검색코드":19633,
            "세대수":137.0,
            "준공년월":"2006-05-19",
            "준공년차":17.0,
            "가까운역이름":"낙성대",
            "가까운역거리":912.54,
            "역세권여부":"준역세권",
            "30분이내주요거점역":3,
            "1시간이내주요거점역":16,
            "3km이내백화점수":0,
            "5km이내아울렛몰수":0,
            "1km이내대형먀트수":0,
            "500m이내은행수":0,
            "500m이내병원수":1,
            "5km이내대형병원수":4,
            "500m이내공원수":1,
            "3km이내혐오시설수":0,
            "초등학교학업성취도":78.56,
            "중학교학업성취도":79.6,
            "용적률":251,
            "건폐율":25,
            "Y":37.46885,
            "X":126.965503,
            "rank":68.0,
            "area_info":"23평(76.27), 31평(103.06)",
            "last_sales":"2021-04-21,85000.0,31평(103.06)"
        },
        {
            "index":297,
            "아파트명":"벽산블루밍",
            "투자타입":"일반",
            "전용면적(m2)":"84.13",
            "전용면적(평)":"25평",
            "법정동주소":"서울시 관악구 신림동 1733",
            "도로명주소":"서울시 관악구 호암로 519",
            "세대수":0,
            "입주년차":40,
            "용적률점수":"--",
            "건폐율점수":"--",
            "세대당주차수":30,
            "난방방식":30,
            "공급면적":"--",
            "전용률":"--",
            "욕실수":100,
            "현관타입":100,
            "주거총점":35.5,
            "지역구공급총점":100.0,
            "역세권":0,
            "30분내 이동가능 거점":20,
            "1시간내 이동가능 거점":100,
            "교통총점":26.0,
            "백화점":100,
            "아울렛몰":100,
            "대형마트":0,
            "은행":0,
            "병원":30,
            "종합병원":100,
            "공원":100,
            "혐오시설":0,
            "인프라총점":66.0,
            "초등학군":84.93,
            "중학군":42.76,
            "학군총점":51.194,
            "인구수":58.35,
            "인구증감":-12.5,
            "인구총점":37.095,
            "일자리":13.4,
            "소득수준":55.65,
            "일자리총점":26.075,
            "가치 총점":43.6791,
            "매매실거래년":20210913.0,
            "매매실거래가":84500.0,
            "전세실거래년":20211204.0,
            "전세실거래가":26000.0,
            "전세가율":40.0,
            "장기전세가율평균":70.59,
            "전세가율거품지수":30.59,
            "검색코드":14233,
            "세대수":177.0,
            "준공년월":"2005-09-29",
            "준공년차":18.0,
            "가까운역이름":"신림",
            "가까운역거리":2209.94,
            "역세권여부":"비역세권",
            "30분이내주요거점역":1,
            "1시간이내주요거점역":14,
            "3km이내백화점수":1,
            "5km이내아울렛몰수":2,
            "1km이내대형먀트수":0,
            "500m이내은행수":0,
            "500m이내병원수":6,
            "5km이내대형병원수":6,
            "500m이내공원수":4,
            "3km이내혐오시설수":0,
            "초등학교학업성취도":84.93,
            "중학교학업성취도":68.8,
            "용적률":245,
            "건폐율":21,
            "Y":37.464354,
            "X":126.931031,
            "rank":69.0,
            "area_info":"25평(84.13), 31평(104.23), 31평(105.16), 31평(105.16), 32평(108.16), 37평(122.84)",
            "last_sales":"2021-09-13,84500.0,32평(108.16)"
        },
        {
            "index":392,
            "아파트명":"초원",
            "투자타입":"일반",
            "전용면적(m2)":"84.86",
            "전용면적(평)":"25평",
            "법정동주소":"서울시 관악구 신림동 1712",
            "도로명주소":"서울시 관악구 미성5길 40",
            "세대수":0,
            "입주년차":20,
            "용적률점수":"--",
            "건폐율점수":"--",
            "세대당주차수":0,
            "난방방식":30,
            "공급면적":"--",
            "전용률":"--",
            "욕실수":50,
            "현관타입":10,
            "주거총점":13.0,
            "지역구공급총점":100.0,
            "역세권":0,
            "30분내 이동가능 거점":40,
            "1시간내 이동가능 거점":100,
            "교통총점":32.0,
            "백화점":100,
            "아울렛몰":100,
            "대형마트":0,
            "은행":0,
            "병원":80,
            "종합병원":100,
            "공원":100,
            "혐오시설":0,
            "인프라총점":71.0,
            "초등학군":75.87,
            "중학군":44.88,
            "학군총점":51.078,
            "인구수":58.35,
            "인구증감":-12.5,
            "인구총점":37.095,
            "일자리":13.4,
            "소득수준":55.65,
            "일자리총점":26.075,
            "가치 총점":42.7617,
            "매매실거래년":20211219.0,
            "매매실거래가":50000.0,
            "전세실거래년":null,
            "전세실거래가":null,
            "전세가율":null,
            "장기전세가율평균":70.59,
            "전세가율거품지수":null,
            "검색코드":3176,
            "세대수":197.0,
            "준공년월":"1999-07-07",
            "준공년차":24.0,
            "가까운역이름":"신대방",
            "가까운역거리":1564.91,
            "역세권여부":"비역세권",
            "30분이내주요거점역":2,
            "1시간이내주요거점역":12,
            "3km이내백화점수":1,
            "5km이내아울렛몰수":2,
            "1km이내대형먀트수":0,
            "500m이내은행수":1,
            "500m이내병원수":36,
            "5km이내대형병원수":9,
            "500m이내공원수":6,
            "3km이내혐오시설수":0,
            "초등학교학업성취도":75.87,
            "중학교학업성취도":74.8,
            "용적률":290,
            "건폐율":24,
            "Y":37.47341,
            "X":126.91413,
            "rank":70.0,
            "area_info":"25평(84.86), 25평(85.89)",
            "last_sales":"2021-12-19,50000.0,25평(85.89)"
        },
        {
            "index":178,
            "아파트명":"은천2단지",
            "투자타입":"일반",
            "전용면적(m2)":"69.71",
            "전용면적(평)":"21평",
            "법정동주소":"서울시 관악구 봉천동 1707-1",
            "도로명주소":"서울시 관악구 인헌12길 46-1",
            "세대수":30,
            "입주년차":20,
            "용적률점수":"--",
            "건폐율점수":"--",
            "세대당주차수":0,
            "난방방식":30,
            "공급면적":"--",
            "전용률":"--",
            "욕실수":50,
            "현관타입":10,
            "주거총점":23.5,
            "지역구공급총점":100.0,
            "역세권":50,
            "30분내 이동가능 거점":60,
            "1시간내 이동가능 거점":100,
            "교통총점":63.0,
            "백화점":0,
            "아울렛몰":0,
            "대형마트":0,
            "은행":0,
            "병원":30,
            "종합병원":100,
            "공원":100,
            "혐오시설":0,
            "인프라총점":26.0,
            "초등학군":80.01,
            "중학군":48.16,
            "학군총점":54.53,
            "인구수":58.35,
            "인구증감":-12.5,
            "인구총점":37.095,
            "일자리":13.4,
            "소득수준":55.65,
            "일자리총점":26.075,
            "가치 총점":42.7295,
            "매매실거래년":20210911.0,
            "매매실거래가":76000.0,
            "전세실거래년":20211028.0,
            "전세실거래가":40000.0,
            "전세가율":70.8,
            "장기전세가율평균":70.59,
            "전세가율거품지수":-0.21,
            "검색코드":3030,
            "세대수":384.0,
            "준공년월":"2000-09-18",
            "준공년차":23.0,
            "가까운역이름":"낙성대",
            "가까운역거리":788.18,
            "역세권여부":"준역세권",
            "30분이내주요거점역":3,
            "1시간이내주요거점역":17,
            "3km이내백화점수":0,
            "5km이내아울렛몰수":0,
            "1km이내대형먀트수":0,
            "500m이내은행수":0,
            "500m이내병원수":7,
            "5km이내대형병원수":4,
            "500m이내공원수":2,
            "3km이내혐오시설수":0,
            "초등학교학업성취도":80.01,
            "중학교학업성취도":79.6,
            "용적률":245,
            "건폐율":33,
            "Y":37.46988,
            "X":126.96462,
            "rank":71.0,
            "area_info":"21평(69.71), 25평(83.64)",
            "last_sales":"2021-09-11,76000.0,25평(83.64)"
        },
        {
            "index":257,
            "아파트명":"관악",
            "투자타입":"재건축",
            "전용면적(m2)":"67.67",
            "전용면적(평)":"20평",
            "법정동주소":"서울시 관악구 신림동 244",
            "도로명주소":"서울시 관악구 대학7길 26",
            "세대수":0,
            "입주년차":"--",
            "용적률점수":0,
            "건폐율점수":0,
            "세대당주차수":"--",
            "난방방식":"--",
            "공급면적":50,
            "전용률":80,
            "욕실수":"--",
            "현관타입":"--",
            "주거총점":6.5,
            "지역구공급총점":100.0,
            "역세권":0,
            "30분내 이동가능 거점":40,
            "1시간내 이동가능 거점":100,
            "교통총점":32.0,
            "백화점":100,
            "아울렛몰":80,
            "대형마트":0,
            "은행":70,
            "병원":30,
            "종합병원":100,
            "공원":100,
            "혐오시설":0,
            "인프라총점":71.0,
            "초등학군":85.89,
            "중학군":47.48,
            "학군총점":55.162,
            "인구수":58.35,
            "인구증감":-12.5,
            "인구총점":37.095,
            "일자리":13.4,
            "소득수준":55.65,
            "일자리총점":26.075,
            "가치 총점":42.0743,
            "매매실거래년":20210804.0,
            "매매실거래가":47000.0,
            "전세실거래년":20210903.0,
            "전세실거래가":20000.0,
            "전세가율":42.55,
            "장기전세가율평균":70.59,
            "전세가율거품지수":28.04,
            "검색코드":12937,
            "세대수":119.0,
            "준공년월":"1983-12-20",
            "준공년차":40.0,
            "가까운역이름":"봉천",
            "가까운역거리":1608.12,
            "역세권여부":"비역세권",
            "30분이내주요거점역":2,
            "1시간이내주요거점역":13,
            "3km이내백화점수":1,
            "5km이내아울렛몰수":1,
            "1km이내대형먀트수":0,
            "500m이내은행수":3,
            "500m이내병원수":6,
            "5km이내대형병원수":7,
            "500m이내공원수":7,
            "3km이내혐오시설수":0,
            "초등학교학업성취도":85.89,
            "중학교학업성취도":77.8,
            "용적률":0,
            "건폐율":0,
            "Y":37.468,
            "X":126.939751,
            "rank":72.0,
            "area_info":"20평(67.67), 20평(68.92), 22평(74.36)",
            "last_sales":"2021-08-04,47000.0,20평(67.67)"
        },
        {
            "index":342,
            "아파트명":"신림쌍용",
            "투자타입":"일반",
            "전용면적(m2)":"84.5",
            "전용면적(평)":"25평",
            "법정동주소":"서울시 관악구 신림동 1686",
            "도로명주소":"서울시 관악구 미성길 122",
            "세대수":30,
            "입주년차":0,
            "용적률점수":"--",
            "건폐율점수":"--",
            "세대당주차수":30,
            "난방방식":30,
            "공급면적":"--",
            "전용률":"--",
            "욕실수":50,
            "현관타입":10,
            "주거총점":24.0,
            "지역구공급총점":100.0,
            "역세권":0,
            "30분내 이동가능 거점":20,
            "1시간내 이동가능 거점":100,
            "교통총점":26.0,
            "백화점":100,
            "아울렛몰":100,
            "대형마트":0,
            "은행":0,
            "병원":0,
            "종합병원":100,
            "공원":100,
            "혐오시설":0,
            "인프라총점":63.0,
            "초등학군":88.49,
            "중학군":44.88,
            "학군총점":53.602,
            "인구수":58.35,
            "인구증감":-12.5,
            "인구총점":37.095,
            "일자리":13.4,
            "소득수준":55.65,
            "일자리총점":26.075,
            "가치 총점":40.8403,
            "매매실거래년":20210731.0,
            "매매실거래가":52000.0,
            "전세실거래년":20210930.0,
            "전세실거래가":32000.0,
            "전세가율":61.54,
            "장기전세가율평균":70.59,
            "전세가율거품지수":9.05,
            "검색코드":1052,
            "세대수":373.0,
            "준공년월":"1998-02-27",
            "준공년차":25.0,
            "가까운역이름":"신대방",
            "가까운역거리":1690.79,
            "역세권여부":"비역세권",
            "30분이내주요거점역":1,
            "1시간이내주요거점역":11,
            "3km이내백화점수":1,
            "5km이내아울렛몰수":2,
            "1km이내대형먀트수":0,
            "500m이내은행수":0,
            "500m이내병원수":0,
            "5km이내대형병원수":9,
            "500m이내공원수":5,
            "3km이내혐오시설수":0,
            "초등학교학업성취도":88.49,
            "중학교학업성취도":74.8,
            "용적률":328,
            "건폐율":27,
            "Y":37.472296,
            "X":126.911767,
            "rank":73.0,
            "area_info":"25평(84.5), 32평(105.9), 32평(107.1), 42평(141.07), 43평(143.34)",
            "last_sales":"2021-07-31,52000.0,25평(84.5)"
        },
        {
            "index":347,
            "아파트명":"신림태흥",
            "투자타입":"일반",
            "전용면적(m2)":"81.48",
            "전용면적(평)":"24평",
            "법정동주소":"서울시 관악구 신림동 1698",
            "도로명주소":"서울시 관악구 호암로 541",
            "세대수":0,
            "입주년차":0,
            "용적률점수":"--",
            "건폐율점수":"--",
            "세대당주차수":0,
            "난방방식":30,
            "공급면적":"--",
            "전용률":"--",
            "욕실수":50,
            "현관타입":10,
            "주거총점":9.0,
            "지역구공급총점":100.0,
            "역세권":0,
            "30분내 이동가능 거점":40,
            "1시간내 이동가능 거점":100,
            "교통총점":32.0,
            "백화점":100,
            "아울렛몰":100,
            "대형마트":0,
            "은행":0,
            "병원":30,
            "종합병원":100,
            "공원":100,
            "혐오시설":0,
            "인프라총점":66.0,
            "초등학군":86.77,
            "중학군":42.76,
            "학군총점":51.562,
            "인구수":58.35,
            "인구증감":-12.5,
            "인구총점":37.095,
            "일자리":13.4,
            "소득수준":55.65,
            "일자리총점":26.075,
            "가치 총점":40.5343,
            "매매실거래년":20210904.0,
            "매매실거래가":53000.0,
            "전세실거래년":20220111.0,
            "전세실거래가":23100.0,
            "전세가율":43.58,
            "장기전세가율평균":70.59,
            "전세가율거품지수":27.01,
            "검색코드":60,
            "세대수":127.0,
            "준공년월":"1995-03-27",
            "준공년차":28.0,
            "가까운역이름":"신림",
            "가까운역거리":2026.13,
            "역세권여부":"비역세권",
            "30분이내주요거점역":2,
            "1시간이내주요거점역":15,
            "3km이내백화점수":1,
            "5km이내아울렛몰수":2,
            "1km이내대형먀트수":0,
            "500m이내은행수":0,
            "500m이내병원수":5,
            "5km이내대형병원수":7,
            "500m이내공원수":4,
            "3km이내혐오시설수":0,
            "초등학교학업성취도":86.77,
            "중학교학업성취도":68.8,
            "용적률":378,
            "건폐율":25,
            "Y":37.46601,
            "X":126.93104,
            "rank":74.0,
            "area_info":"24평(81.48), 34평(115.54)",
            "last_sales":"2021-09-04,53000.0,24평(81.48)"
        },
        {
            "index":277,
            "아파트명":"관악우정하이비젼2단지",
            "투자타입":"일반",
            "전용면적(m2)":"111.08",
            "전용면적(평)":"33평",
            "법정동주소":"서울시 관악구 신림동 1726",
            "도로명주소":"서울시 관악구 양지길 52-1",
            "세대수":0,
            "입주년차":40,
            "용적률점수":"--",
            "건폐율점수":"--",
            "세대당주차수":30,
            "난방방식":30,
            "공급면적":"--",
            "전용률":"--",
            "욕실수":100,
            "현관타입":100,
            "주거총점":35.5,
            "지역구공급총점":100.0,
            "역세권":0,
            "30분내 이동가능 거점":0,
            "1시간내 이동가능 거점":100,
            "교통총점":20.0,
            "백화점":100,
            "아울렛몰":100,
            "대형마트":0,
            "은행":0,
            "병원":0,
            "종합병원":100,
            "공원":80,
            "혐오시설":0,
            "인프라총점":62.4,
            "초등학군":86.77,
            "중학군":40.76,
            "학군총점":49.962,
            "인구수":58.35,
            "인구증감":-12.5,
            "인구총점":37.095,
            "일자리":13.4,
            "소득수준":55.65,
            "일자리총점":26.075,
            "가치 총점":40.3143,
            "매매실거래년":20211114.0,
            "매매실거래가":82500.0,
            "전세실거래년":20220117.0,
            "전세실거래가":55000.0,
            "전세가율":66.67,
            "장기전세가율평균":70.59,
            "전세가율거품지수":3.92,
            "검색코드":100820,
            "세대수":124.0,
            "준공년월":"2004-06-11",
            "준공년차":19.0,
            "가까운역이름":"신림",
            "가까운역거리":1506.65,
            "역세권여부":"비역세권",
            "30분이내주요거점역":0,
            "1시간이내주요거점역":12,
            "3km이내백화점수":1,
            "5km이내아울렛몰수":2,
            "1km이내대형먀트수":0,
            "500m이내은행수":0,
            "500m이내병원수":1,
            "5km이내대형병원수":10,
            "500m이내공원수":1,
            "3km이내혐오시설수":0,
            "초등학교학업성취도":86.77,
            "중학교학업성취도":67.2,
            "용적률":300,
            "건폐율":23,
            "Y":37.470789,
            "X":126.927288,
            "rank":75.0,
            "area_info":"33평(111.08)",
            "last_sales":"2021-11-14,82500.0,33평(111.08)"
        },
        {
            "index":266,
            "아파트명":"관악산휴먼시아2단지",
            "투자타입":"일반",
            "전용면적(m2)":"80.72",
            "전용면적(평)":"24평",
            "법정동주소":"서울시 관악구 신림동 1735",
            "도로명주소":"서울시 관악구 난곡로 55",
            "세대수":100,
            "입주년차":40,
            "용적률점수":"--",
            "건폐율점수":"--",
            "세대당주차수":30,
            "난방방식":30,
            "공급면적":"--",
            "전용률":"--",
            "욕실수":100,
            "현관타입":100,
            "주거총점":70.5,
            "지역구공급총점":100.0,
            "역세권":0,
            "30분내 이동가능 거점":0,
            "1시간내 이동가능 거점":100,
            "교통총점":20.0,
            "백화점":0,
            "아울렛몰":100,
            "대형마트":0,
            "은행":0,
            "병원":30,
            "종합병원":100,
            "공원":0,
            "혐오시설":0,
            "인프라총점":33.0,
            "초등학군":85.66,
            "중학군":42.76,
            "학군총점":51.34,
            "인구수":58.35,
            "인구증감":-12.5,
            "인구총점":37.095,
            "일자리":13.4,
            "소득수준":55.65,
            "일자리총점":26.075,
            "가치 총점":38.701,
            "매매실거래년":20211218.0,
            "매매실거래가":70000.0,
            "전세실거래년":20211211.0,
            "전세실거래가":33600.0,
            "전세가율":48.0,
            "장기전세가율평균":70.59,
            "전세가율거품지수":22.59,
            "검색코드":8895,
            "세대수":2265.0,
            "준공년월":"2008-03-13",
            "준공년차":15.0,
            "가까운역이름":"금천구청",
            "가까운역거리":2328.92,
            "역세권여부":"비역세권",
            "30분이내주요거점역":0,
            "1시간이내주요거점역":12,
            "3km이내백화점수":0,
            "5km이내아울렛몰수":3,
            "1km이내대형먀트수":0,
            "500m이내은행수":0,
            "500m이내병원수":6,
            "5km이내대형병원수":8,
            "500m이내공원수":0,
            "3km이내혐오시설수":0,
            "초등학교학업성취도":85.66,
            "중학교학업성취도":68.8,
            "용적률":240,
            "건폐율":15,
            "Y":37.459396,
            "X":126.919934,
            "rank":76.0,
            "area_info":"24평(80.72), 24평(81.59), 31평(103.41), 31평(105.09), 33평(112.17), 34평(113.67), 39평(131.73), 41평(135.96), 44평(147.16)",
            "last_sales":"2021-12-18,70000.0,24평(80.72)"
        },
        {
            "index":281,
            "아파트명":"금호타운1차",
            "투자타입":"일반",
            "전용면적(m2)":"83.18",
            "전용면적(평)":"25평",
            "법정동주소":"서울시 관악구 신림동 1705",
            "도로명주소":"서울시 관악구 대학18길 6",
            "세대수":0,
            "입주년차":0,
            "용적률점수":"--",
            "건폐율점수":"--",
            "세대당주차수":0,
            "난방방식":30,
            "공급면적":"--",
            "전용률":"--",
            "욕실수":50,
            "현관타입":10,
            "주거총점":9.0,
            "지역구공급총점":100.0,
            "역세권":0,
            "30분내 이동가능 거점":0,
            "1시간내 이동가능 거점":100,
            "교통총점":20.0,
            "백화점":100,
            "아울렛몰":100,
            "대형마트":0,
            "은행":70,
            "병원":0,
            "종합병원":100,
            "공원":100,
            "혐오시설":0,
            "인프라총점":70.0,
            "초등학군":85.89,
            "중학군":47.48,
            "학군총점":55.162,
            "인구수":58.35,
            "인구증감":-12.5,
            "인구총점":37.095,
            "일자리":13.4,
            "소득수준":55.65,
            "일자리총점":26.075,
            "가치 총점":38.0743,
            "매매실거래년":20211004.0,
            "매매실거래가":72000.0,
            "전세실거래년":20211015.0,
            "전세실거래가":10000.0,
            "전세가율":20.0,
            "장기전세가율평균":70.59,
            "전세가율거품지수":50.59,
            "검색코드":56,
            "세대수":227.0,
            "준공년월":"1997-05-02",
            "준공년차":26.0,
            "가까운역이름":"봉천",
            "가까운역거리":1902.47,
            "역세권여부":"비역세권",
            "30분이내주요거점역":0,
            "1시간이내주요거점역":12,
            "3km이내백화점수":1,
            "5km이내아울렛몰수":2,
            "1km이내대형먀트수":0,
            "500m이내은행수":3,
            "500m이내병원수":1,
            "5km이내대형병원수":6,
            "500m이내공원수":5,
            "3km이내혐오시설수":0,
            "초등학교학업성취도":85.89,
            "중학교학업성취도":77.8,
            "용적률":407,
            "건폐율":28,
            "Y":37.465602,
            "X":126.937558,
            "rank":77.0,
            "area_info":"25평(83.18), 28평(92.57), 33평(109.92), 35평(118.48)",
            "last_sales":"2021-10-04,72000.0,35평(118.48)"
        },
        {
            "index":250,
            "아파트명":"건영3차",
            "투자타입":"일반",
            "전용면적(m2)":"78.51",
            "전용면적(평)":"23평",
            "법정동주소":"서울시 관악구 신림동 1703-1",
            "도로명주소":"서울시 관악구 신림로3길 40",
            "세대수":80,
            "입주년차":0,
            "용적률점수":"--",
            "건폐율점수":"--",
            "세대당주차수":0,
            "난방방식":30,
            "공급면적":"--",
            "전용률":"--",
            "욕실수":50,
            "현관타입":10,
            "주거총점":37.0,
            "지역구공급총점":100.0,
            "역세권":0,
            "30분내 이동가능 거점":40,
            "1시간내 이동가능 거점":100,
            "교통총점":32.0,
            "백화점":0,
            "아울렛몰":80,
            "대형마트":0,
            "은행":20,
            "병원":0,
            "종합병원":100,
            "공원":100,
            "혐오시설":0,
            "인프라총점":33.0,
            "초등학군":85.89,
            "중학군":47.48,
            "학군총점":55.162,
            "인구수":58.35,
            "인구증감":-12.5,
            "인구총점":37.095,
            "일자리":13.4,
            "소득수준":55.65,
            "일자리총점":26.075,
            "가치 총점":36.7743,
            "매매실거래년":20211105.0,
            "매매실거래가":91000.0,
            "전세실거래년":20220110.0,
            "전세실거래가":26950.0,
            "전세가율":38.5,
            "장기전세가율평균":70.59,
            "전세가율거품지수":32.09,
            "검색코드":55,
            "세대수":783.0,
            "준공년월":"1996-06-18",
            "준공년차":27.0,
            "가까운역이름":"봉천",
            "가까운역거리":1719.57,
            "역세권여부":"비역세권",
            "30분이내주요거점역":2,
            "1시간이내주요거점역":13,
            "3km이내백화점수":0,
            "5km이내아울렛몰수":1,
            "1km이내대형먀트수":0,
            "500m이내은행수":2,
            "500m이내병원수":0,
            "5km이내대형병원수":7,
            "500m이내공원수":2,
            "3km이내혐오시설수":0,
            "초등학교학업성취도":85.89,
            "중학교학업성취도":77.8,
            "용적률":250,
            "건폐율":22,
            "Y":37.466932,
            "X":126.943192,
            "rank":78.0,
            "area_info":"23평(78.51), 23평(78.5), 27평(92.2), 27평(92.19), 30평(101.94)",
            "last_sales":"2021-11-05,91000.0,30평(101.94)"
        },
        {
            "index":260,
            "아파트명":"관악산휴먼시아1단지",
            "투자타입":"일반",
            "전용면적(m2)":"78.58",
            "전용면적(평)":"23평",
            "법정동주소":"서울시 관악구 신림동 1735-1",
            "도로명주소":"서울시 관악구 난곡로 30",
            "세대수":50,
            "입주년차":40,
            "용적률점수":"--",
            "건폐율점수":"--",
            "세대당주차수":30,
            "난방방식":30,
            "공급면적":"--",
            "전용률":"--",
            "욕실수":100,
            "현관타입":100,
            "주거총점":53.0,
            "지역구공급총점":100.0,
            "역세권":0,
            "30분내 이동가능 거점":20,
            "1시간내 이동가능 거점":90,
            "교통총점":24.0,
            "백화점":0,
            "아울렛몰":100,
            "대형마트":0,
            "은행":0,
            "병원":30,
            "종합병원":100,
            "공원":0,
            "혐오시설":0,
            "인프라총점":33.0,
            "초등학군":85.66,
            "중학군":42.76,
            "학군총점":51.34,
            "인구수":58.35,
            "인구증감":-12.5,
            "인구총점":37.095,
            "일자리":13.4,
            "소득수준":55.65,
            "일자리총점":26.075,
            "가치 총점":36.601,
            "매매실거래년":20211208.0,
            "매매실거래가":70500.0,
            "전세실거래년":20210911.0,
            "전세실거래가":41000.0,
            "전세가율":58.16,
            "장기전세가율평균":70.59,
            "전세가율거품지수":12.43,
            "검색코드":100344,
            "세대수":545.0,
            "준공년월":"2008-03-13",
            "준공년차":15.0,
            "가까운역이름":"금천구청",
            "가까운역거리":2506.44,
            "역세권여부":"비역세권",
            "30분이내주요거점역":1,
            "1시간이내주요거점역":9,
            "3km이내백화점수":0,
            "5km이내아울렛몰수":2,
            "1km이내대형먀트수":0,
            "500m이내은행수":0,
            "500m이내병원수":9,
            "5km이내대형병원수":8,
            "500m이내공원수":0,
            "3km이내혐오시설수":0,
            "초등학교학업성취도":85.66,
            "중학교학업성취도":68.8,
            "용적률":244,
            "건폐율":16,
            "Y":37.461931,
            "X":126.921243,
            "rank":79.0,
            "area_info":"23평(78.58), 24평(79.45), 30평(101.27), 35평(116.31), 41평(138.6), 44평(146.19)",
            "last_sales":"2021-12-08,70500.0,23평(78.58)"
        },
        {
            "index":306,
            "아파트명":"삼성산주공3단지",
            "투자타입":"일반",
            "전용면적(m2)":"75.59",
            "전용면적(평)":"22평",
            "법정동주소":"서울시 관악구 신림동 1714",
            "도로명주소":"서울시 관악구 호암로 399",
            "세대수":90,
            "입주년차":20,
            "용적률점수":"--",
            "건폐율점수":"--",
            "세대당주차수":30,
            "난방방식":30,
            "공급면적":"--",
            "전용률":"--",
            "욕실수":50,
            "현관타입":100,
            "주거총점":58.0,
            "지역구공급총점":100.0,
            "역세권":0,
            "30분내 이동가능 거점":0,
            "1시간내 이동가능 거점":100,
            "교통총점":20.0,
            "백화점":0,
            "아울렛몰":100,
            "대형마트":0,
            "은행":0,
            "병원":0,
            "종합병원":100,
            "공원":100,
            "혐오시설":0,
            "인프라총점":33.0,
            "초등학군":86.77,
            "중학군":42.76,
            "학군총점":51.562,
            "인구수":58.35,
            "인구증감":-12.5,
            "인구총점":37.095,
            "일자리":13.4,
            "소득수준":55.65,
            "일자리총점":26.075,
            "가치 총점":36.2343,
            "매매실거래년":20211212.0,
            "매매실거래가":62000.0,
            "전세실거래년":20211129.0,
            "전세실거래가":42000.0,
            "전세가율":67.74,
            "장기전세가율평균":70.59,
            "전세가율거품지수":2.85,
            "검색코드":3174,
            "세대수":1482.0,
            "준공년월":"2000-08-03",
            "준공년차":23.0,
            "가까운역이름":"신림",
            "가까운역거리":2437.21,
            "역세권여부":"비역세권",
            "30분이내주요거점역":0,
            "1시간이내주요거점역":11,
            "3km이내백화점수":0,
            "5km이내아울렛몰수":2,
            "1km이내대형먀트수":0,
            "500m이내은행수":0,
            "500m이내병원수":1,
            "5km이내대형병원수":7,
            "500m이내공원수":2,
            "3km이내혐오시설수":0,
            "초등학교학업성취도":86.77,
            "중학교학업성취도":68.8,
            "용적률":299,
            "건폐율":18,
            "Y":37.462459,
            "X":126.926219,
            "rank":80.0,
            "area_info":"22평(75.59), 32평(107.43), 44평(146.29)",
            "last_sales":"2021-12-12,62000.0,22평(75.59)"
        },
        {
            "index":333,
            "아파트명":"신림서초",
            "투자타입":"일반",
            "전용면적(m2)":"76.72",
            "전용면적(평)":"23평",
            "법정동주소":"서울시 관악구 신림동 1724",
            "도로명주소":"서울시 관악구 호암로16길 5",
            "세대수":0,
            "입주년차":20,
            "용적률점수":"--",
            "건폐율점수":"--",
            "세대당주차수":30,
            "난방방식":30,
            "공급면적":"--",
            "전용률":"--",
            "욕실수":100,
            "현관타입":100,
            "주거총점":31.5,
            "지역구공급총점":100.0,
            "역세권":0,
            "30분내 이동가능 거점":20,
            "1시간내 이동가능 거점":100,
            "교통총점":26.0,
            "백화점":0,
            "아울렛몰":100,
            "대형마트":0,
            "은행":0,
            "병원":30,
            "종합병원":100,
            "공원":100,
            "혐오시설":0,
            "인프라총점":36.0,
            "초등학군":84.93,
            "중학군":42.76,
            "학군총점":51.194,
            "인구수":58.35,
            "인구증감":-12.5,
            "인구총점":37.095,
            "일자리":13.4,
            "소득수준":55.65,
            "일자리총점":26.075,
            "가치 총점":33.8791,
            "매매실거래년":20210301.0,
            "매매실거래가":69000.0,
            "전세실거래년":20211118.0,
            "전세실거래가":29400.0,
            "전세가율":50.69,
            "장기전세가율평균":70.59,
            "전세가율거품지수":19.9,
            "검색코드":9866,
            "세대수":109.0,
            "준공년월":"2003-09-02",
            "준공년차":20.0,
            "가까운역이름":"봉천",
            "가까운역거리":2256.63,
            "역세권여부":"비역세권",
            "30분이내주요거점역":1,
            "1시간이내주요거점역":15,
            "3km이내백화점수":0,
            "5km이내아울렛몰수":2,
            "1km이내대형먀트수":0,
            "500m이내은행수":0,
            "500m이내병원수":5,
            "5km이내대형병원수":6,
            "500m이내공원수":5,
            "3km이내혐오시설수":0,
            "초등학교학업성취도":84.93,
            "중학교학업성취도":68.8,
            "용적률":285,
            "건폐율":24,
            "Y":37.463651,
            "X":126.93199,
            "rank":81.0,
            "area_info":"23평(76.72), 29평(98.8), 29평(98.64), 32평(107.43)",
            "last_sales":"2021-03-01,69000.0,32평(107.43)"
        },
        {
            "index":355,
            "아파트명":"신림푸르지오2차",
            "투자타입":"일반",
            "전용면적(m2)":"76.77",
            "전용면적(평)":"23평",
            "법정동주소":"서울시 관악구 신림동 1736",
            "도로명주소":"서울시 관악구 난곡로 66",
            "세대수":30,
            "입주년차":40,
            "용적률점수":"--",
            "건폐율점수":"--",
            "세대당주차수":30,
            "난방방식":30,
            "공급면적":"--",
            "전용률":"--",
            "욕실수":50,
            "현관타입":100,
            "주거총점":41.0,
            "지역구공급총점":100.0,
            "역세권":0,
            "30분내 이동가능 거점":0,
            "1시간내 이동가능 거점":100,
            "교통총점":20.0,
            "백화점":0,
            "아울렛몰":100,
            "대형마트":0,
            "은행":0,
            "병원":30,
            "종합병원":100,
            "공원":80,
            "혐오시설":0,
            "인프라총점":35.4,
            "초등학군":85.66,
            "중학군":42.76,
            "학군총점":51.34,
            "인구수":58.35,
            "인구증감":-12.5,
            "인구총점":37.095,
            "일자리":13.4,
            "소득수준":55.65,
            "일자리총점":26.075,
            "가치 총점":33.521,
            "매매실거래년":20210730.0,
            "매매실거래가":91000.0,
            "전세실거래년":20211027.0,
            "전세실거래가":33500.0,
            "전세가율":47.18,
            "장기전세가율평균":70.59,
            "전세가율거품지수":23.41,
            "검색코드":19220,
            "세대수":349.0,
            "준공년월":"2007-02-06",
            "준공년차":16.0,
            "가까운역이름":"금천구청",
            "가까운역거리":2420.12,
            "역세권여부":"비역세권",
            "30분이내주요거점역":0,
            "1시간이내주요거점역":10,
            "3km이내백화점수":0,
            "5km이내아울렛몰수":2,
            "1km이내대형먀트수":0,
            "500m이내은행수":0,
            "500m이내병원수":8,
            "5km이내대형병원수":8,
            "500m이내공원수":1,
            "3km이내혐오시설수":0,
            "초등학교학업성취도":85.66,
            "중학교학업성취도":68.8,
            "용적률":194,
            "건폐율":15,
            "Y":37.461374,
            "X":126.920425,
            "rank":82.0,
            "area_info":"23평(76.77), 31평(103.99), 40평(133.52)",
            "last_sales":"2021-07-30,91000.0,40평(133.52)"
        },
        {
            "index":180,
            "아파트명":"인헌",
            "투자타입":"일반",
            "전용면적(m2)":"86.7",
            "전용면적(평)":"26평",
            "법정동주소":"서울시 관악구 봉천동 1725",
            "도로명주소":"서울시 관악구 낙성대로15길 66",
            "세대수":0,
            "입주년차":0,
            "용적률점수":"--",
            "건폐율점수":"--",
            "세대당주차수":0,
            "난방방식":30,
            "공급면적":"--",
            "전용률":"--",
            "욕실수":50,
            "현관타입":10,
            "주거총점":9.0,
            "지역구공급총점":100.0,
            "역세권":50,
            "30분내 이동가능 거점":0,
            "1시간내 이동가능 거점":100,
            "교통총점":45.0,
            "백화점":0,
            "아울렛몰":0,
            "대형마트":0,
            "은행":0,
            "병원":0,
            "종합병원":100,
            "공원":80,
            "혐오시설":0,
            "인프라총점":22.4,
            "초등학군":80.01,
            "중학군":48.16,
            "학군총점":54.53,
            "인구수":58.35,
            "인구증감":-12.5,
            "인구총점":37.095,
            "일자리":13.4,
            "소득수준":55.65,
            "일자리총점":26.075,
            "가치 총점":32.4495,
            "매매실거래년":20210517.0,
            "매매실거래가":53000.0,
            "전세실거래년":20211229.0,
            "전세실거래가":33600.0,
            "전세가율":63.4,
            "장기전세가율평균":70.59,
            "전세가율거품지수":7.19,
            "검색코드":9272,
            "세대수":216.0,
            "준공년월":"1998-10-22",
            "준공년차":25.0,
            "가까운역이름":"낙성대",
            "가까운역거리":984.34,
            "역세권여부":"준역세권",
            "30분이내주요거점역":0,
            "1시간이내주요거점역":13,
            "3km이내백화점수":0,
            "5km이내아울렛몰수":0,
            "1km이내대형먀트수":0,
            "500m이내은행수":0,
            "500m이내병원수":0,
            "5km이내대형병원수":3,
            "500m이내공원수":1,
            "3km이내혐오시설수":0,
            "초등학교학업성취도":80.01,
            "중학교학업성취도":79.6,
            "용적률":169,
            "건폐율":33,
            "Y":37.468138,
            "X":126.962393,
            "rank":83.0,
            "area_info":"26평(86.7)",
            "last_sales":"2021-05-17,53000.0,26평(86.7)"
        },
        {
            "index":314,
            "아파트명":"신림금호타운2차",
            "투자타입":"일반",
            "전용면적(m2)":"85.25",
            "전용면적(평)":"25평",
            "법정동주소":"서울시 관악구 신림동 1706",
            "도로명주소":"서울시 관악구 신림로3가길 7",
            "세대수":0,
            "입주년차":0,
            "용적률점수":"--",
            "건폐율점수":"--",
            "세대당주차수":30,
            "난방방식":30,
            "공급면적":"--",
            "전용률":"--",
            "욕실수":50,
            "현관타입":10,
            "주거총점":13.5,
            "지역구공급총점":100.0,
            "역세권":0,
            "30분내 이동가능 거점":40,
            "1시간내 이동가능 거점":100,
            "교통총점":32.0,
            "백화점":0,
            "아울렛몰":80,
            "대형마트":0,
            "은행":20,
            "병원":0,
            "종합병원":100,
            "공원":100,
            "혐오시설":0,
            "인프라총점":33.0,
            "초등학군":85.89,
            "중학군":47.48,
            "학군총점":55.162,
            "인구수":58.35,
            "인구증감":-12.5,
            "인구총점":37.095,
            "일자리":13.4,
            "소득수준":55.65,
            "일자리총점":26.075,
            "가치 총점":32.0743,
            "매매실거래년":20211004.0,
            "매매실거래가":65000.0,
            "전세실거래년":20210904.0,
            "전세실거래가":30400.0,
            "전세가율":46.77,
            "장기전세가율평균":70.59,
            "전세가율거품지수":23.82,
            "검색코드":3169,
            "세대수":126.0,
            "준공년월":"1998-06-01",
            "준공년차":25.0,
            "가까운역이름":"봉천",
            "가까운역거리":1594.42,
            "역세권여부":"비역세권",
            "30분이내주요거점역":2,
            "1시간이내주요거점역":15,
            "3km이내백화점수":0,
            "5km이내아울렛몰수":1,
            "1km이내대형먀트수":0,
            "500m이내은행수":2,
            "500m이내병원수":0,
            "5km이내대형병원수":7,
            "500m이내공원수":2,
            "3km이내혐오시설수":0,
            "초등학교학업성취도":85.89,
            "중학교학업성취도":77.8,
            "용적률":376,
            "건폐율":34,
            "Y":37.468169,
            "X":126.944463,
            "rank":84.0,
            "area_info":"25평(85.25), 25평(85.25), 32평(106.74), 43평(144.5)",
            "last_sales":"2021-10-04,65000.0,25평(85.25)"
        },
        {
            "index":397,
            "아파트명":"현대",
            "투자타입":"재건축",
            "전용면적(m2)":"85.14",
            "전용면적(평)":"25평",
            "법정동주소":"서울시 관악구 신림동 255-189",
            "도로명주소":"서울시 관악구 대학20길 27",
            "세대수":30,
            "입주년차":"--",
            "용적률점수":20,
            "건폐율점수":0,
            "세대당주차수":"--",
            "난방방식":"--",
            "공급면적":70,
            "전용률":80,
            "욕실수":"--",
            "현관타입":"--",
            "주거총점":24.5,
            "지역구공급총점":100.0,
            "역세권":0,
            "30분내 이동가능 거점":0,
            "1시간내 이동가능 거점":100,
            "교통총점":20.0,
            "백화점":0,
            "아울렛몰":80,
            "대형마트":0,
            "은행":20,
            "병원":0,
            "종합병원":100,
            "공원":100,
            "혐오시설":0,
            "인프라총점":33.0,
            "초등학군":84.93,
            "중학군":47.48,
            "학군총점":54.97,
            "인구수":58.35,
            "인구증감":-12.5,
            "인구총점":37.095,
            "일자리":13.4,
            "소득수준":55.65,
            "일자리총점":26.075,
            "가치 총점":30.0455,
            "매매실거래년":20210817.0,
            "매매실거래가":63000.0,
            "전세실거래년":20210925.0,
            "전세실거래가":28000.0,
            "전세가율":58.33,
            "장기전세가율평균":70.59,
            "전세가율거품지수":12.26,
            "검색코드":59,
            "세대수":336.0,
            "준공년월":"1991-10-12",
            "준공년차":32.0,
            "가까운역이름":"봉천",
            "가까운역거리":2052.51,
            "역세권여부":"비역세권",
            "30분이내주요거점역":0,
            "1시간이내주요거점역":11,
            "3km이내백화점수":0,
            "5km이내아울렛몰수":1,
            "1km이내대형먀트수":0,
            "500m이내은행수":2,
            "500m이내병원수":0,
            "5km이내대형병원수":6,
            "500m이내공원수":3,
            "3km이내혐오시설수":0,
            "초등학교학업성취도":84.93,
            "중학교학업성취도":77.8,
            "용적률":269,
            "건폐율":0,
            "Y":37.464207,
            "X":126.937691,
            "rank":85.0,
            "area_info":"25평(85.14), 29평(98.42), 30평(100.08), 30평(101.02)",
            "last_sales":"2021-08-17,63000.0,30평(100.08)"
        },
        {
            "index":278,
            "아파트명":"국제산장",
            "투자타입":"일반",
            "전용면적(m2)":"76.85",
            "전용면적(평)":"23평",
            "법정동주소":"서울시 관악구 신림동 1693",
            "도로명주소":"서울시 관악구 호암로 417",
            "세대수":50,
            "입주년차":0,
            "용적률점수":"--",
            "건폐율점수":"--",
            "세대당주차수":0,
            "난방방식":30,
            "공급면적":"--",
            "전용률":"--",
            "욕실수":50,
            "현관타입":10,
            "주거총점":26.5,
            "지역구공급총점":100.0,
            "역세권":0,
            "30분내 이동가능 거점":0,
            "1시간내 이동가능 거점":100,
            "교통총점":20.0,
            "백화점":0,
            "아울렛몰":100,
            "대형마트":0,
            "은행":0,
            "병원":0,
            "종합병원":100,
            "공원":100,
            "혐오시설":0,
            "인프라총점":33.0,
            "초등학군":84.93,
            "중학군":42.76,
            "학군총점":51.194,
            "인구수":58.35,
            "인구증감":-12.5,
            "인구총점":37.095,
            "일자리":13.4,
            "소득수준":55.65,
            "일자리총점":26.075,
            "가치 총점":29.8791,
            "매매실거래년":20211020.0,
            "매매실거래가":67500.0,
            "전세실거래년":20211017.0,
            "전세실거래가":23000.0,
            "전세가율":43.48,
            "장기전세가율평균":70.59,
            "전세가율거품지수":27.11,
            "검색코드":50,
            "세대수":630.0,
            "준공년월":"1993-08-24",
            "준공년차":30.0,
            "가까운역이름":"신림",
            "가까운역거리":2552.68,
            "역세권여부":"비역세권",
            "30분이내주요거점역":0,
            "1시간이내주요거점역":11,
            "3km이내백화점수":0,
            "5km이내아울렛몰수":2,
            "1km이내대형먀트수":0,
            "500m이내은행수":0,
            "500m이내병원수":1,
            "5km이내대형병원수":6,
            "500m이내공원수":3,
            "3km이내혐오시설수":0,
            "초등학교학업성취도":84.93,
            "중학교학업성취도":68.8,
            "용적률":238,
            "건폐율":19,
            "Y":37.461281,
            "X":126.928079,
            "rank":86.0,
            "area_info":"23평(76.85), 29평(96.27), 31평(103.11)",
            "last_sales":"2021-10-20,67500.0,31평(103.11)"
        },
        {
            "index":313,
            "아파트명":"신동아",
            "투자타입":"일반",
            "전용면적(m2)":"95.37",
            "전용면적(평)":"28평",
            "법정동주소":"서울시 관악구 신림동 산28-9",
            "도로명주소":"서울시 관악구 신림로11길 151",
            "세대수":0,
            "입주년차":0,
            "용적률점수":"--",
            "건폐율점수":"--",
            "세대당주차수":30,
            "난방방식":30,
            "공급면적":"--",
            "전용률":"--",
            "욕실수":100,
            "현관타입":10,
            "주거총점":18.5,
            "지역구공급총점":100.0,
            "역세권":0,
            "30분내 이동가능 거점":0,
            "1시간내 이동가능 거점":90,
            "교통총점":18.0,
            "백화점":0,
            "아울렛몰":80,
            "대형마트":0,
            "은행":20,
            "병원":0,
            "종합병원":100,
            "공원":80,
            "혐오시설":0,
            "인프라총점":32.4,
            "초등학군":85.89,
            "중학군":47.48,
            "학군총점":55.162,
            "인구수":58.35,
            "인구증감":-12.5,
            "인구총점":37.095,
            "일자리":13.4,
            "소득수준":55.65,
            "일자리총점":26.075,
            "가치 총점":27.9943,
            "매매실거래년":20211119.0,
            "매매실거래가":56000.0,
            "전세실거래년":20200817.0,
            "전세실거래가":27000.0,
            "전세가율":48.21,
            "장기전세가율평균":70.59,
            "전세가율거품지수":22.38,
            "검색코드":57,
            "세대수":107.0,
            "준공년월":"1994-01-14",
            "준공년차":29.0,
            "가까운역이름":"봉천",
            "가까운역거리":2003.29,
            "역세권여부":"비역세권",
            "30분이내주요거점역":0,
            "1시간이내주요거점역":9,
            "3km이내백화점수":0,
            "5km이내아울렛몰수":1,
            "1km이내대형먀트수":0,
            "500m이내은행수":2,
            "500m이내병원수":0,
            "5km이내대형병원수":6,
            "500m이내공원수":1,
            "3km이내혐오시설수":0,
            "초등학교학업성취도":85.89,
            "중학교학업성취도":77.8,
            "용적률":327,
            "건폐율":25,
            "Y":37.46437,
            "X":126.94072,
            "rank":87.0,
            "area_info":"28평(95.37)",
            "last_sales":"2021-11-19,56000.0,28평(95.37)"
        }
    ]
}