{
    "schema":{
        "fields":[
            {
                "name":"index",
                "type":"integer"
            },
            {
                "name":"아파트명",
                "type":"string"
            },
            {
                "name":"투자타입",
                "type":"string"
            },
            {
                "name":"전용면적(m2)",
                "type":"string"
            },
            {
                "name":"전용면적(평)",
                "type":"string"
            },
            {
                "name":"법정동주소",
                "type":"string"
            },
            {
                "name":"도로명주소",
                "type":"string"
            },
            {
                "name":"세대수",
                "type":"integer"
            },
            {
                "name":"입주년차",
                "type":"string"
            },
            {
                "name":"용적률점수",
                "type":"string"
            },
            {
                "name":"건폐율점수",
                "type":"string"
            },
            {
                "name":"세대당주차수",
                "type":"string"
            },
            {
                "name":"난방방식",
                "type":"string"
            },
            {
                "name":"공급면적",
                "type":"string"
            },
            {
                "name":"전용률",
                "type":"string"
            },
            {
                "name":"욕실수",
                "type":"string"
            },
            {
                "name":"현관타입",
                "type":"string"
            },
            {
                "name":"주거총점",
                "type":"number"
            },
            {
                "name":"지역구공급총점",
                "type":"number"
            },
            {
                "name":"역세권",
                "type":"integer"
            },
            {
                "name":"30분내 이동가능 거점",
                "type":"integer"
            },
            {
                "name":"1시간내 이동가능 거점",
                "type":"integer"
            },
            {
                "name":"교통총점",
                "type":"number"
            },
            {
                "name":"백화점",
                "type":"integer"
            },
            {
                "name":"아울렛몰",
                "type":"integer"
            },
            {
                "name":"대형마트",
                "type":"integer"
            },
            {
                "name":"은행",
                "type":"integer"
            },
            {
                "name":"병원",
                "type":"integer"
            },
            {
                "name":"종합병원",
                "type":"integer"
            },
            {
                "name":"공원",
                "type":"integer"
            },
            {
                "name":"혐오시설",
                "type":"integer"
            },
            {
                "name":"인프라총점",
                "type":"number"
            },
            {
                "name":"초등학군",
                "type":"number"
            },
            {
                "name":"중학군",
                "type":"number"
            },
            {
                "name":"학군총점",
                "type":"number"
            },
            {
                "name":"인구수",
                "type":"number"
            },
            {
                "name":"인구증감",
                "type":"number"
            },
            {
                "name":"인구총점",
                "type":"number"
            },
            {
                "name":"일자리",
                "type":"number"
            },
            {
                "name":"소득수준",
                "type":"number"
            },
            {
                "name":"일자리총점",
                "type":"number"
            },
            {
                "name":"가치 총점",
                "type":"number"
            },
            {
                "name":"매매실거래년",
                "type":"string"
            },
            {
                "name":"매매실거래가",
                "type":"number"
            },
            {
                "name":"전세실거래년",
                "type":"number"
            },
            {
                "name":"전세실거래가",
                "type":"number"
            },
            {
                "name":"전세가율",
                "type":"number"
            },
            {
                "name":"장기전세가율평균",
                "type":"number"
            },
            {
                "name":"전세가율거품지수",
                "type":"number"
            },
            {
                "name":"검색코드",
                "type":"integer"
            },
            {
                "name":"세대수",
                "type":"integer"
            },
            {
                "name":"준공년월",
                "type":"string"
            },
            {
                "name":"준공년차",
                "type":"integer"
            },
            {
                "name":"가까운역이름",
                "type":"string"
            },
            {
                "name":"가까운역거리",
                "type":"number"
            },
            {
                "name":"역세권여부",
                "type":"string"
            },
            {
                "name":"30분이내주요거점역",
                "type":"integer"
            },
            {
                "name":"1시간이내주요거점역",
                "type":"integer"
            },
            {
                "name":"3km이내백화점수",
                "type":"integer"
            },
            {
                "name":"5km이내아울렛몰수",
                "type":"integer"
            },
            {
                "name":"1km이내대형먀트수",
                "type":"integer"
            },
            {
                "name":"500m이내은행수",
                "type":"integer"
            },
            {
                "name":"500m이내병원수",
                "type":"integer"
            },
            {
                "name":"5km이내대형병원수",
                "type":"integer"
            },
            {
                "name":"500m이내공원수",
                "type":"integer"
            },
            {
                "name":"3km이내혐오시설수",
                "type":"integer"
            },
            {
                "name":"초등학교학업성취도",
                "type":"number"
            },
            {
                "name":"중학교학업성취도",
                "type":"number"
            },
            {
                "name":"용적률",
                "type":"integer"
            },
            {
                "name":"건폐율",
                "type":"integer"
            },
            {
                "name":"Y",
                "type":"number"
            },
            {
                "name":"X",
                "type":"number"
            },
            {
                "name":"rank",
                "type":"number"
            },
            {
                "name":"area_info",
                "type":"string"
            },
            {
                "name":"last_sales",
                "type":"string"
            }
        ],
        "primaryKey":[
            "index"
        ],
        "pandas_version":"1.4.0"
    },
    "data":[
        {
            "index":88,
            "아파트명":"래미안원베일리",
            "투자타입":"일반",
            "전용면적(m2)":"62.68",
            "전용면적(평)":"18평",
            "법정동주소":"서울시 서초구 반포동 1-1번지 일원",
            "도로명주소":"서울시 서초구",
            "세대수":100,
            "입주년차":100,
            "용적률점수":"--",
            "건폐율점수":"--",
            "세대당주차수":80,
            "난방방식":100,
            "공급면적":"--",
            "전용률":"--",
            "욕실수":50,
            "현관타입":100,
            "주거총점":92.0,
            "지역구공급총점":0.0,
            "역세권":80,
            "30분내 이동가능 거점":100,
            "1시간내 이동가능 거점":100,
            "교통총점":90.0,
            "백화점":100,
            "아울렛몰":0,
            "대형마트":80,
            "은행":100,
            "병원":60,
            "종합병원":100,
            "공원":80,
            "혐오시설":0,
            "인프라총점":80.4,
            "초등학군":93.35,
            "중학군":56.18,
            "학군총점":63.614,
            "인구수":47.98,
            "인구증감":-16.07,
            "인구총점":28.765,
            "일자리":61.8,
            "소득수준":74.81,
            "일자리총점":65.703,
            "가치 총점":83.5621,
            "매매실거래년":"18000101",
            "매매실거래가":null,
            "전세실거래년":null,
            "전세실거래가":null,
            "전세가율":null,
            "장기전세가율평균":55.86,
            "전세가율거품지수":null,
            "검색코드":142155,
            "세대수":2990,
            "준공년월":"2023-08-01",
            "준공년차":0,
            "가까운역이름":"신반포",
            "가까운역거리":425.93,
            "역세권여부":"준역세권",
            "30분이내주요거점역":7,
            "1시간이내주요거점역":16,
            "3km이내백화점수":1,
            "5km이내아울렛몰수":0,
            "1km이내대형먀트수":1,
            "500m이내은행수":6,
            "500m이내병원수":29,
            "5km이내대형병원수":5,
            "500m이내공원수":1,
            "3km이내혐오시설수":0,
            "초등학교학업성취도":93.35,
            "중학교학업성취도":92.7,
            "용적률":0,
            "건폐율":0,
            "Y":37.5068,
            "X":126.998185,
            "rank":1.0,
            "area_info":"18평(62.68), 24평(80.63), 24평(80.38), 30평(99.45), 30평(100.28), 30평(100.26), 33평(111.79), 33평(111.73), 34평(112.85), 34평(112.74), 34평(112.66), 34평(112.97), 33평(112.39), 33평(112.22), 34평(112.47), 34평(112.52), 34평(112.61), 33평(112.19), 33평(112.28), 34평(112.8), 34평(113.41), 34평(113.31), 34평(113.77), 34평(113.44), 34평(113.78), 40평(133.8), 41평(135.8), 40평(135.37), 40평(135.23), 41평(136.22), 41평(136.22), 41평(136.13), 41평(136.13), 46평(152.71), 46평(153.43), 46평(153.26), 46평(153.28), 46평(153.96), 46평(154.19), 46평(154.87), 46평(154.63), 52평(174.19), 53평(175.85), 53평(175.7), 53평(175.5), 66평(219.32), 67평(222.52), 67평(223.67), 67평(223.86), 67평(224.29), 67평(224.02), 68평(224.86), 68평(226.17), 68평(226.02), 68평(226.71), 71평(237.58), 74평(245.01), 82평(272.14), 82평(272.26), 95평(314.73), 95평(315.31), 95평(315.19)",
            "last_sales":"1800-01-01,nan,18평(62.68)"
        },
        {
            "index":1223,
            "아파트명":"반포센트럴자이",
            "투자타입":"일반",
            "전용면적(m2)":"82.17",
            "전용면적(평)":"24평",
            "법정동주소":"서울시 서초구 잠원동 162",
            "도로명주소":"서울시 서초구 반포대로 310-6",
            "세대수":80,
            "입주년차":100,
            "용적률점수":"--",
            "건폐율점수":"--",
            "세대당주차수":60,
            "난방방식":100,
            "공급면적":"--",
            "전용률":"--",
            "욕실수":100,
            "현관타입":100,
            "주거총점":87.0,
            "지역구공급총점":0.0,
            "역세권":80,
            "30분내 이동가능 거점":100,
            "1시간내 이동가능 거점":100,
            "교통총점":90.0,
            "백화점":100,
            "아울렛몰":0,
            "대형마트":80,
            "은행":100,
            "병원":80,
            "종합병원":100,
            "공원":100,
            "혐오시설":0,
            "인프라총점":83.0,
            "초등학군":97.49,
            "중학군":56.18,
            "학군총점":64.442,
            "인구수":47.98,
            "인구증감":-16.07,
            "인구총점":28.765,
            "일자리":61.8,
            "소득수준":74.81,
            "일자리총점":65.703,
            "가치 총점":83.4663,
            "매매실거래년":20210918.0,
            "매매실거래가":420000.0,
            "전세실거래년":20200717.0,
            "전세실거래가":114000.0,
            "전세가율":49.03,
            "장기전세가율평균":55.86,
            "전세가율거품지수":6.83,
            "검색코드":118947,
            "세대수":757,
            "준공년월":"2020-04-28",
            "준공년차":3,
            "가까운역이름":"고속터미널",
            "가까운역거리":380.63,
            "역세권여부":"준역세권",
            "30분이내주요거점역":9,
            "1시간이내주요거점역":14,
            "3km이내백화점수":1,
            "5km이내아울렛몰수":0,
            "1km이내대형먀트수":1,
            "500m이내은행수":9,
            "500m이내병원수":45,
            "5km이내대형병원수":5,
            "500m이내공원수":5,
            "3km이내혐오시설수":0,
            "초등학교학업성취도":97.49,
            "중학교학업성취도":92.7,
            "용적률":299,
            "건폐율":16,
            "Y":37.507069,
            "X":127.001701,
            "rank":2.0,
            "area_info":"24평(82.17), 25평(82.79), 25평(83.02), 35평(115.73), 35평(115.83), 35평(116.45), 40평(133.77), 40평(133.77), 40평(135.01), 46평(155.11), 47평(155.55)",
            "last_sales":"2021-09-18,420000.0,40평(135.01)"
        },
        {
            "index":150,
            "아파트명":"래미안퍼스티지",
            "투자타입":"일반",
            "전용면적(m2)":"86.57",
            "전용면적(평)":"26평",
            "법정동주소":"서울시 서초구 반포동 18-1",
            "도로명주소":"서울시 서초구 반포대로 275",
            "세대수":100,
            "입주년차":60,
            "용적률점수":"--",
            "건폐율점수":"--",
            "세대당주차수":60,
            "난방방식":100,
            "공급면적":"--",
            "전용률":"--",
            "욕실수":100,
            "현관타입":100,
            "주거총점":86.0,
            "지역구공급총점":0.0,
            "역세권":80,
            "30분내 이동가능 거점":100,
            "1시간내 이동가능 거점":100,
            "교통총점":90.0,
            "백화점":100,
            "아울렛몰":0,
            "대형마트":80,
            "은행":100,
            "병원":80,
            "종합병원":100,
            "공원":100,
            "혐오시설":0,
            "인프라총점":83.0,
            "초등학군":93.35,
            "중학군":56.18,
            "학군총점":63.614,
            "인구수":47.98,
            "인구증감":-16.07,
            "인구총점":28.765,
            "일자리":61.8,
            "소득수준":74.81,
            "일자리총점":65.703,
            "가치 총점":83.1421,
            "매매실거래년":20211022.0,
            "매매실거래가":729000.0,
            "전세실거래년":20211227.0,
            "전세실거래가":30500.0,
            "전세가율":11.51,
            "장기전세가율평균":55.86,
            "전세가율거품지수":44.35,
            "검색코드":23759,
            "세대수":2444,
            "준공년월":"2009-07-14",
            "준공년차":14,
            "가까운역이름":"신반포",
            "가까운역거리":338.21,
            "역세권여부":"준역세권",
            "30분이내주요거점역":5,
            "1시간이내주요거점역":15,
            "3km이내백화점수":1,
            "5km이내아울렛몰수":0,
            "1km이내대형먀트수":1,
            "500m이내은행수":8,
            "500m이내병원수":31,
            "5km이내대형병원수":5,
            "500m이내공원수":2,
            "3km이내혐오시설수":0,
            "초등학교학업성취도":93.35,
            "중학교학업성취도":92.7,
            "용적률":269,
            "건폐율":12,
            "Y":37.503005,
            "X":126.999724,
            "rank":3.0,
            "area_info":"26평(86.57), 26평(87.33), 26평(87.46), 34평(113.15), 34평(113.07), 34평(113.73), 34평(114.01), 34평(114.06), 44평(147.17), 44평(148.43), 52평(172.74), 52평(173.33), 62평(205.62), 62평(205.03), 72평(238.21), 72평(238.85), 81평(268.8), 81평(268.46)",
            "last_sales":"2021-10-22,729000.0,81평(268.8)"
        },
        {
            "index":180,
            "아파트명":"반포리체",
            "투자타입":"일반",
            "전용면적(m2)":"84.73",
            "전용면적(평)":"25평",
            "법정동주소":"서울시 서초구 반포동 30-26",
            "도로명주소":"서울시 서초구 고무래로 35",
            "세대수":90,
            "입주년차":60,
            "용적률점수":"--",
            "건폐율점수":"--",
            "세대당주차수":60,
            "난방방식":100,
            "공급면적":"--",
            "전용률":"--",
            "욕실수":100,
            "현관타입":100,
            "주거총점":82.5,
            "지역구공급총점":0.0,
            "역세권":80,
            "30분내 이동가능 거점":100,
            "1시간내 이동가능 거점":100,
            "교통총점":90.0,
            "백화점":100,
            "아울렛몰":0,
            "대형마트":80,
            "은행":100,
            "병원":80,
            "종합병원":100,
            "공원":80,
            "혐오시설":0,
            "인프라총점":82.4,
            "초등학군":92.3,
            "중학군":58.14,
            "학군총점":64.972,
            "인구수":47.98,
            "인구증감":-16.07,
            "인구총점":28.765,
            "일자리":61.8,
            "소득수준":74.81,
            "일자리총점":65.703,
            "가치 총점":82.4658,
            "매매실거래년":20211112.0,
            "매매실거래가":349000.0,
            "전세실거래년":20211230.0,
            "전세실거래가":35543.0,
            "전세가율":13.78,
            "장기전세가율평균":55.86,
            "전세가율거품지수":42.08,
            "검색코드":101887,
            "세대수":1119,
            "준공년월":"2011-07-26",
            "준공년차":12,
            "가까운역이름":"사평",
            "가까운역거리":164.09,
            "역세권여부":"역세권",
            "30분이내주요거점역":6,
            "1시간이내주요거점역":15,
            "3km이내백화점수":2,
            "5km이내아울렛몰수":0,
            "1km이내대형먀트수":1,
            "500m이내은행수":6,
            "500m이내병원수":49,
            "5km이내대형병원수":5,
            "500m이내공원수":1,
            "3km이내혐오시설수":0,
            "초등학교학업성취도":92.3,
            "중학교학업성취도":94.1,
            "용적률":243,
            "건폐율":11,
            "Y":37.503762,
            "X":127.013485,
            "rank":4.0,
            "area_info":"25평(84.73), 25평(84.84), 34평(113.23), 34평(113.41), 34평(113.42), 40평(132.36), 52평(172.1), 52평(172.28), 52평(172.28)",
            "last_sales":"2021-11-12,349000.0,34평(113.23)"
        },
        {
            "index":189,
            "아파트명":"반포미도1차",
            "투자타입":"재건축",
            "전용면적(m2)":"110.46",
            "전용면적(평)":"33평",
            "법정동주소":"서울시 서초구 반포동 60-4",
            "도로명주소":"서울시 서초구 서초중앙로29길 28",
            "세대수":90,
            "입주년차":"--",
            "용적률점수":80,
            "건폐율점수":100,
            "세대당주차수":"--",
            "난방방식":"--",
            "공급면적":90,
            "전용률":60,
            "욕실수":"--",
            "현관타입":"--",
            "주거총점":86.5,
            "지역구공급총점":0.0,
            "역세권":80,
            "30분내 이동가능 거점":100,
            "1시간내 이동가능 거점":100,
            "교통총점":90.0,
            "백화점":100,
            "아울렛몰":0,
            "대형마트":80,
            "은행":70,
            "병원":80,
            "종합병원":100,
            "공원":80,
            "혐오시설":0,
            "인프라총점":79.4,
            "초등학군":92.3,
            "중학군":58.14,
            "학군총점":64.972,
            "인구수":47.98,
            "인구증감":-16.07,
            "인구총점":28.765,
            "일자리":61.8,
            "소득수준":74.81,
            "일자리총점":65.703,
            "가치 총점":82.3658,
            "매매실거래년":20211002.0,
            "매매실거래가":270000.0,
            "전세실거래년":20211216.0,
            "전세실거래가":63000.0,
            "전세가율":23.33,
            "장기전세가율평균":55.86,
            "전세가율거품지수":32.53,
            "검색코드":444,
            "세대수":1260,
            "준공년월":"1987-06-17",
            "준공년차":36,
            "가까운역이름":"고속터미널",
            "가까운역거리":444.07,
            "역세권여부":"준역세권",
            "30분이내주요거점역":8,
            "1시간이내주요거점역":16,
            "3km이내백화점수":1,
            "5km이내아울렛몰수":0,
            "1km이내대형먀트수":1,
            "500m이내은행수":4,
            "500m이내병원수":35,
            "5km이내대형병원수":5,
            "500m이내공원수":1,
            "3km이내혐오시설수":0,
            "초등학교학업성취도":92.3,
            "중학교학업성취도":94.1,
            "용적률":177,
            "건폐율":13,
            "Y":37.502254,
            "X":127.008811,
            "rank":5.0,
            "area_info":"33평(110.46)",
            "last_sales":"2021-10-02,270000.0,33평(110.46)"
        },
        {
            "index":209,
            "아파트명":"반포자이",
            "투자타입":"일반",
            "전용면적(m2)":"84.74",
            "전용면적(평)":"25평",
            "법정동주소":"서울시 서초구 반포동 20-43",
            "도로명주소":"서울시 서초구 신반포로 270",
            "세대수":100,
            "입주년차":60,
            "용적률점수":"--",
            "건폐율점수":"--",
            "세대당주차수":60,
            "난방방식":100,
            "공급면적":"--",
            "전용률":"--",
            "욕실수":100,
            "현관타입":100,
            "주거총점":86.0,
            "지역구공급총점":0.0,
            "역세권":80,
            "30분내 이동가능 거점":100,
            "1시간내 이동가능 거점":100,
            "교통총점":90.0,
            "백화점":100,
            "아울렛몰":0,
            "대형마트":80,
            "은행":100,
            "병원":80,
            "종합병원":100,
            "공원":0,
            "혐오시설":0,
            "인프라총점":80.0,
            "초등학군":88.49,
            "중학군":58.14,
            "학군총점":64.21,
            "인구수":47.98,
            "인구증감":-16.07,
            "인구총점":28.765,
            "일자리":61.8,
            "소득수준":74.81,
            "일자리총점":65.703,
            "가치 총점":82.3315,
            "매매실거래년":20211118.0,
            "매매실거래가":728000.0,
            "전세실거래년":20211228.0,
            "전세실거래가":53088.0,
            "전세가율":19.45,
            "장기전세가율평균":55.86,
            "전세가율거품지수":36.41,
            "검색코드":22853,
            "세대수":3410,
            "준공년월":"2009-03-13",
            "준공년차":14,
            "가까운역이름":"반포",
            "가까운역거리":180.29,
            "역세권여부":"역세권",
            "30분이내주요거점역":7,
            "1시간이내주요거점역":16,
            "3km이내백화점수":2,
            "5km이내아울렛몰수":0,
            "1km이내대형먀트수":1,
            "500m이내은행수":5,
            "500m이내병원수":32,
            "5km이내대형병원수":5,
            "500m이내공원수":0,
            "3km이내혐오시설수":0,
            "초등학교학업성취도":88.49,
            "중학교학업성취도":94.1,
            "용적률":270,
            "건폐율":13,
            "Y":37.507538,
            "X":127.013605,
            "rank":6.0,
            "area_info":"25평(84.74), 25평(84.23), 35평(116.87), 35평(116.11), 35평(116.71), 35평(116.7), 50평(165.52), 50평(166.05), 60평(199.8), 60평(200.12), 70평(232.68), 70평(232.69), 80평(264.8), 90평(297.53), 91평(301.06), 91평(301.38)",
            "last_sales":"2021-11-18,728000.0,91평(301.38)"
        },
        {
            "index":1256,
            "아파트명":"신반포자이",
            "투자타입":"일반",
            "전용면적(m2)":"85.34",
            "전용면적(평)":"25평",
            "법정동주소":"서울시 서초구 잠원동 160",
            "도로명주소":"서울시 서초구 잠원로 60",
            "세대수":50,
            "입주년차":80,
            "용적률점수":"--",
            "건폐율점수":"--",
            "세대당주차수":60,
            "난방방식":100,
            "공급면적":"--",
            "전용률":"--",
            "욕실수":100,
            "현관타입":100,
            "주거총점":72.5,
            "지역구공급총점":0.0,
            "역세권":80,
            "30분내 이동가능 거점":100,
            "1시간내 이동가능 거점":100,
            "교통총점":90.0,
            "백화점":100,
            "아울렛몰":0,
            "대형마트":80,
            "은행":100,
            "병원":80,
            "종합병원":100,
            "공원":100,
            "혐오시설":0,
            "인프라총점":83.0,
            "초등학군":97.49,
            "중학군":56.9,
            "학군총점":65.018,
            "인구수":47.98,
            "인구증감":-16.07,
            "인구총점":28.765,
            "일자리":61.8,
            "소득수준":74.81,
            "일자리총점":65.703,
            "가치 총점":80.6527,
            "매매실거래년":20210704.0,
            "매매실거래가":400000.0,
            "전세실거래년":20210511.0,
            "전세실거래가":135000.0,
            "전세가율":56.96,
            "장기전세가율평균":55.86,
            "전세가율거품지수":-1.1,
            "검색코드":111703,
            "세대수":607,
            "준공년월":"2018-07-27",
            "준공년차":5,
            "가까운역이름":"반포",
            "가까운역거리":366.84,
            "역세권여부":"준역세권",
            "30분이내주요거점역":7,
            "1시간이내주요거점역":15,
            "3km이내백화점수":2,
            "5km이내아울렛몰수":0,
            "1km이내대형먀트수":1,
            "500m이내은행수":9,
            "500m이내병원수":59,
            "5km이내대형병원수":5,
            "500m이내공원수":6,
            "3km이내혐오시설수":0,
            "초등학교학업성취도":97.49,
            "중학교학업성취도":92.1,
            "용적률":298,
            "건폐율":19,
            "Y":37.510166,
            "X":127.008408,
            "rank":7.0,
            "area_info":"25평(85.34), 26평(86.02), 26평(86.25), 33평(110.4), 33평(112.34), 34평(114.1), 35평(117.52), 35평(118.12), 38평(126.47), 45평(150.53), 61평(203.13)",
            "last_sales":"2021-07-04,400000.0,45평(150.53)"
        },
        {
            "index":190,
            "아파트명":"반포미도2차",
            "투자타입":"재건축",
            "전용면적(m2)":"76.99",
            "전용면적(평)":"23평",
            "법정동주소":"서울시 서초구 반포동 60-5",
            "도로명주소":"서울시 서초구 사평대로 240",
            "세대수":50,
            "입주년차":"--",
            "용적률점수":80,
            "건폐율점수":100,
            "세대당주차수":"--",
            "난방방식":"--",
            "공급면적":50,
            "전용률":60,
            "욕실수":"--",
            "현관타입":"--",
            "주거총점":72.5,
            "지역구공급총점":0.0,
            "역세권":80,
            "30분내 이동가능 거점":100,
            "1시간내 이동가능 거점":100,
            "교통총점":90.0,
            "백화점":100,
            "아울렛몰":0,
            "대형마트":80,
            "은행":100,
            "병원":80,
            "종합병원":100,
            "공원":100,
            "혐오시설":0,
            "인프라총점":83.0,
            "초등학군":92.3,
            "중학군":58.14,
            "학군총점":64.972,
            "인구수":47.98,
            "인구증감":-16.07,
            "인구총점":28.765,
            "일자리":61.8,
            "소득수준":74.81,
            "일자리총점":65.703,
            "가치 총점":80.6458,
            "매매실거래년":20211110.0,
            "매매실거래가":224000.0,
            "전세실거래년":20211021.0,
            "전세실거래가":65000.0,
            "전세가율":43.77,
            "장기전세가율평균":55.86,
            "전세가율거품지수":12.09,
            "검색코드":445,
            "세대수":435,
            "준공년월":"1989-05-13",
            "준공년차":34,
            "가까운역이름":"고속터미널",
            "가까운역거리":339.3,
            "역세권여부":"준역세권",
            "30분이내주요거점역":8,
            "1시간이내주요거점역":16,
            "3km이내백화점수":1,
            "5km이내아울렛몰수":0,
            "1km이내대형먀트수":1,
            "500m이내은행수":6,
            "500m이내병원수":37,
            "5km이내대형병원수":5,
            "500m이내공원수":2,
            "3km이내혐오시설수":0,
            "초등학교학업성취도":92.3,
            "중학교학업성취도":94.1,
            "용적률":200,
            "건폐율":14,
            "Y":37.502504,
            "X":127.007462,
            "rank":8.0,
            "area_info":"23평(76.99), 28평(92.94)",
            "last_sales":"2021-11-10,224000.0,28평(92.94)"
        },
        {
            "index":899,
            "아파트명":"서초푸르지오써밋",
            "투자타입":"일반",
            "전용면적(m2)":"80.96",
            "전용면적(평)":"24평",
            "법정동주소":"서울시 서초구 서초동 1311-10",
            "도로명주소":"서울시 서초구 서운로 201",
            "세대수":90,
            "입주년차":80,
            "용적률점수":"--",
            "건폐율점수":"--",
            "세대당주차수":60,
            "난방방식":100,
            "공급면적":"--",
            "전용률":"--",
            "욕실수":100,
            "현관타입":100,
            "주거총점":86.5,
            "지역구공급총점":0.0,
            "역세권":80,
            "30분내 이동가능 거점":100,
            "1시간내 이동가능 거점":100,
            "교통총점":90.0,
            "백화점":100,
            "아울렛몰":0,
            "대형마트":0,
            "은행":100,
            "병원":100,
            "종합병원":100,
            "공원":100,
            "혐오시설":0,
            "인프라총점":73.0,
            "초등학군":92.89,
            "중학군":58.36,
            "학군총점":65.266,
            "인구수":47.98,
            "인구증감":-16.07,
            "인구총점":28.765,
            "일자리":61.8,
            "소득수준":74.81,
            "일자리총점":65.703,
            "가치 총점":80.4899,
            "매매실거래년":20210204.0,
            "매매실거래가":315000.0,
            "전세실거래년":20211023.0,
            "전세실거래가":89250.0,
            "전세가율":41.51,
            "장기전세가율평균":55.86,
            "전세가율거품지수":14.35,
            "검색코드":109119,
            "세대수":907,
            "준공년월":"2017-06-01",
            "준공년차":6,
            "가까운역이름":"신논현",
            "가까운역거리":499.5,
            "역세권여부":"준역세권",
            "30분이내주요거점역":6,
            "1시간이내주요거점역":15,
            "3km이내백화점수":3,
            "5km이내아울렛몰수":0,
            "1km이내대형먀트수":0,
            "500m이내은행수":6,
            "500m이내병원수":141,
            "5km이내대형병원수":4,
            "500m이내공원수":2,
            "3km이내혐오시설수":0,
            "초등학교학업성취도":92.89,
            "중학교학업성취도":93.8,
            "용적률":299,
            "건폐율":18,
            "Y":37.501348,
            "X":127.021151,
            "rank":9.0,
            "area_info":"24평(80.96), 24평(81.52), 24평(81.56), 30평(100.97), 30평(100.59), 34평(112.91), 34평(113.9), 39평(130.89), 39평(130.61), 41평(137.51), 41평(138.79), 41평(138.19), 45평(149.17), 48평(159.8), 48평(160.83)",
            "last_sales":"2021-02-04,315000.0,48평(160.83)"
        },
        {
            "index":1202,
            "아파트명":"래미안신반포팰리스",
            "투자타입":"일반",
            "전용면적(m2)":"111.79",
            "전용면적(평)":"33평",
            "법정동주소":"서울시 서초구 잠원동 158",
            "도로명주소":"서울시 서초구 잠원로8길 35",
            "세대수":80,
            "입주년차":80,
            "용적률점수":"--",
            "건폐율점수":"--",
            "세대당주차수":60,
            "난방방식":100,
            "공급면적":"--",
            "전용률":"--",
            "욕실수":100,
            "현관타입":100,
            "주거총점":83.0,
            "지역구공급총점":0.0,
            "역세권":80,
            "30분내 이동가능 거점":100,
            "1시간내 이동가능 거점":100,
            "교통총점":90.0,
            "백화점":100,
            "아울렛몰":0,
            "대형마트":80,
            "은행":0,
            "병원":60,
            "종합병원":100,
            "공원":100,
            "혐오시설":0,
            "인프라총점":71.0,
            "초등학군":90.88,
            "중학군":56.64,
            "학군총점":63.488,
            "인구수":47.98,
            "인구증감":-16.07,
            "인구총점":28.765,
            "일자리":61.8,
            "소득수준":74.81,
            "일자리총점":65.703,
            "가치 총점":78.9232,
            "매매실거래년":20210902.0,
            "매매실거래가":303000.0,
            "전세실거래년":20211030.0,
            "전세실거래가":148500.0,
            "전세가율":49.01,
            "장기전세가율평균":55.86,
            "전세가율거품지수":6.85,
            "검색코드":108228,
            "세대수":843,
            "준공년월":"2016-06-22",
            "준공년차":7,
            "가까운역이름":"잠원",
            "가까운역거리":293.06,
            "역세권여부":"준역세권",
            "30분이내주요거점역":5,
            "1시간이내주요거점역":10,
            "3km이내백화점수":3,
            "5km이내아울렛몰수":0,
            "1km이내대형먀트수":1,
            "500m이내은행수":0,
            "500m이내병원수":17,
            "5km이내대형병원수":5,
            "500m이내공원수":3,
            "3km이내혐오시설수":0,
            "초등학교학업성취도":90.88,
            "중학교학업성취도":91.2,
            "용적률":299,
            "건폐율":16,
            "Y":37.515289,
            "X":127.012151,
            "rank":10.0,
            "area_info":"33평(111.79), 34평(113.31), 34평(113.29), 34평(114.22), 41평(137.46), 41평(137.14), 41평(137.17), 41평(138.01), 50평(168.19), 50평(168.21), 51평(168.6), 51평(169.02)",
            "last_sales":"2021-09-02,303000.0,33평(111.79)"
        },
        {
            "index":244,
            "아파트명":"삼호가든맨션5차",
            "투자타입":"재건축",
            "전용면적(m2)":"115.6",
            "전용면적(평)":"34평",
            "법정동주소":"서울시 서초구 반포동 30-1",
            "도로명주소":"서울시 서초구 서초중앙로 242",
            "세대수":0,
            "입주년차":"--",
            "용적률점수":80,
            "건폐율점수":100,
            "세대당주차수":"--",
            "난방방식":"--",
            "공급면적":90,
            "전용률":80,
            "욕실수":"--",
            "현관타입":"--",
            "주거총점":60.5,
            "지역구공급총점":0.0,
            "역세권":80,
            "30분내 이동가능 거점":100,
            "1시간내 이동가능 거점":100,
            "교통총점":90.0,
            "백화점":100,
            "아울렛몰":0,
            "대형마트":80,
            "은행":100,
            "병원":100,
            "종합병원":100,
            "공원":80,
            "혐오시설":0,
            "인프라총점":84.4,
            "초등학군":92.3,
            "중학군":58.14,
            "학군총점":64.972,
            "인구수":47.98,
            "인구증감":-16.07,
            "인구총점":28.765,
            "일자리":61.8,
            "소득수준":74.81,
            "일자리총점":65.703,
            "가치 총점":78.6658,
            "매매실거래년":20200926.0,
            "매매실거래가":285000.0,
            "전세실거래년":20211120.0,
            "전세실거래가":78750.0,
            "전세가율":39.77,
            "장기전세가율평균":55.86,
            "전세가율거품지수":16.09,
            "검색코드":451,
            "세대수":168,
            "준공년월":"1986-02-21",
            "준공년차":37,
            "가까운역이름":"사평",
            "가까운역거리":315.92,
            "역세권여부":"준역세권",
            "30분이내주요거점역":5,
            "1시간이내주요거점역":15,
            "3km이내백화점수":2,
            "5km이내아울렛몰수":0,
            "1km이내대형먀트수":1,
            "500m이내은행수":7,
            "500m이내병원수":61,
            "5km이내대형병원수":5,
            "500m이내공원수":1,
            "3km이내혐오시설수":0,
            "초등학교학업성취도":92.3,
            "중학교학업성취도":94.1,
            "용적률":183,
            "건폐율":13,
            "Y":37.504432,
            "X":127.011689,
            "rank":11.0,
            "area_info":"34평(115.6), 50평(166.54), 54평(179.94)",
            "last_sales":"2020-09-26,285000.0,54평(179.94)"
        },
        {
            "index":1192,
            "아파트명":"동아",
            "투자타입":"일반",
            "전용면적(m2)":"81.33",
            "전용면적(평)":"24평",
            "법정동주소":"서울시 서초구 잠원동 157",
            "도로명주소":"서울시 서초구 신반포로33길 15",
            "세대수":90,
            "입주년차":20,
            "용적률점수":"--",
            "건폐율점수":"--",
            "세대당주차수":30,
            "난방방식":30,
            "공급면적":"--",
            "전용률":"--",
            "욕실수":50,
            "현관타입":100,
            "주거총점":58.0,
            "지역구공급총점":0.0,
            "역세권":80,
            "30분내 이동가능 거점":100,
            "1시간내 이동가능 거점":100,
            "교통총점":90.0,
            "백화점":100,
            "아울렛몰":0,
            "대형마트":80,
            "은행":100,
            "병원":80,
            "종합병원":100,
            "공원":100,
            "혐오시설":0,
            "인프라총점":83.0,
            "초등학군":97.49,
            "중학군":56.9,
            "학군총점":65.018,
            "인구수":47.98,
            "인구증감":-16.07,
            "인구총점":28.765,
            "일자리":61.8,
            "소득수준":74.81,
            "일자리총점":65.703,
            "가치 총점":77.7527,
            "매매실거래년":20211204.0,
            "매매실거래가":273000.0,
            "전세실거래년":20210829.0,
            "전세실거래가":100000.0,
            "전세가율":54.64,
            "장기전세가율평균":55.86,
            "전세가율거품지수":1.22,
            "검색코드":3009,
            "세대수":991,
            "준공년월":"2002-07-04",
            "준공년차":21,
            "가까운역이름":"반포",
            "가까운역거리":149.26,
            "역세권여부":"역세권",
            "30분이내주요거점역":7,
            "1시간이내주요거점역":15,
            "3km이내백화점수":2,
            "5km이내아울렛몰수":0,
            "1km이내대형먀트수":1,
            "500m이내은행수":8,
            "500m이내병원수":47,
            "5km이내대형병원수":5,
            "500m이내공원수":3,
            "3km이내혐오시설수":0,
            "초등학교학업성취도":97.49,
            "중학교학업성취도":92.1,
            "용적률":316,
            "건폐율":23,
            "Y":37.509144,
            "X":127.010552,
            "rank":12.0,
            "area_info":"24평(81.33), 26평(86.94), 32평(109.07)",
            "last_sales":"2021-12-04,273000.0,32평(109.07)"
        },
        {
            "index":508,
            "아파트명":"신동아",
            "투자타입":"재건축",
            "전용면적(m2)":"109.43",
            "전용면적(평)":"33평",
            "법정동주소":"서울시 서초구 방배동 988-1",
            "도로명주소":"서울시 서초구 효령로 164",
            "세대수":50,
            "입주년차":"--",
            "용적률점수":80,
            "건폐율점수":100,
            "세대당주차수":"--",
            "난방방식":"--",
            "공급면적":90,
            "전용률":100,
            "욕실수":"--",
            "현관타입":"--",
            "주거총점":76.5,
            "지역구공급총점":0.0,
            "역세권":80,
            "30분내 이동가능 거점":100,
            "1시간내 이동가능 거점":100,
            "교통총점":90.0,
            "백화점":100,
            "아울렛몰":0,
            "대형마트":0,
            "은행":100,
            "병원":80,
            "종합병원":100,
            "공원":100,
            "혐오시설":0,
            "인프라총점":71.0,
            "초등학군":92.76,
            "중학군":55.22,
            "학군총점":62.728,
            "인구수":47.98,
            "인구증감":-16.07,
            "인구총점":28.765,
            "일자리":61.8,
            "소득수준":74.81,
            "일자리총점":65.703,
            "가치 총점":77.5092,
            "매매실거래년":20211029.0,
            "매매실거래가":420000.0,
            "전세실거래년":20211204.0,
            "전세실거래가":73000.0,
            "전세가율":29.8,
            "장기전세가율평균":55.86,
            "전세가율거품지수":26.06,
            "검색코드":469,
            "세대수":493,
            "준공년월":"1982-10-13",
            "준공년차":41,
            "가까운역이름":"방배",
            "가까운역거리":331.09,
            "역세권여부":"준역세권",
            "30분이내주요거점역":5,
            "1시간이내주요거점역":15,
            "3km이내백화점수":1,
            "5km이내아울렛몰수":0,
            "1km이내대형먀트수":0,
            "500m이내은행수":5,
            "500m이내병원수":36,
            "5km이내대형병원수":4,
            "500m이내공원수":3,
            "3km이내혐오시설수":0,
            "초등학교학업성취도":92.76,
            "중학교학업성취도":90.3,
            "용적률":173,
            "건폐율":14,
            "Y":37.481269,
            "X":127.001343,
            "rank":13.0,
            "area_info":"33평(109.43), 33평(110.75), 33평(111.74), 33평(111.72), 34평(112.84), 33평(112.29), 33평(112.3), 45평(149.0), 54평(179.84), 54평(179.83), 54평(179.84), 60평(199.3), 60평(199.34), 60평(199.31), 60평(199.28)",
            "last_sales":"2021-10-29,420000.0,54평(179.83)"
        },
        {
            "index":601,
            "아파트명":"래미안서초에스티지S",
            "투자타입":"일반",
            "전용면적(m2)":"111.13",
            "전용면적(평)":"33평",
            "법정동주소":"서울시 서초구 서초동 1754",
            "도로명주소":"서울시 서초구 서운로 104",
            "세대수":50,
            "입주년차":80,
            "용적률점수":"--",
            "건폐율점수":"--",
            "세대당주차수":60,
            "난방방식":100,
            "공급면적":"--",
            "전용률":"--",
            "욕실수":100,
            "현관타입":100,
            "주거총점":72.5,
            "지역구공급총점":0.0,
            "역세권":80,
            "30분내 이동가능 거점":100,
            "1시간내 이동가능 거점":100,
            "교통총점":90.0,
            "백화점":100,
            "아울렛몰":0,
            "대형마트":0,
            "은행":100,
            "병원":100,
            "종합병원":100,
            "공원":0,
            "혐오시설":0,
            "인프라총점":70.0,
            "초등학군":100.0,
            "중학군":58.66,
            "학군총점":66.928,
            "인구수":47.98,
            "인구증감":-16.07,
            "인구총점":28.765,
            "일자리":61.8,
            "소득수준":74.81,
            "일자리총점":65.703,
            "가치 총점":77.0392,
            "매매실거래년":20211124.0,
            "매매실거래가":255000.0,
            "전세실거래년":20211230.0,
            "전세실거래가":115500.0,
            "전세가율":40.24,
            "장기전세가율평균":55.86,
            "전세가율거품지수":15.62,
            "검색코드":111665,
            "세대수":593,
            "준공년월":"2018-01-24",
            "준공년차":5,
            "가까운역이름":"강남",
            "가까운역거리":485.14,
            "역세권여부":"준역세권",
            "30분이내주요거점역":6,
            "1시간이내주요거점역":13,
            "3km이내백화점수":2,
            "5km이내아울렛몰수":0,
            "1km이내대형먀트수":0,
            "500m이내은행수":17,
            "500m이내병원수":85,
            "5km이내대형병원수":4,
            "500m이내공원수":0,
            "3km이내혐오시설수":0,
            "초등학교학업성취도":100.0,
            "중학교학업성취도":95.5,
            "용적률":299,
            "건폐율":19,
            "Y":37.492859,
            "X":127.027121,
            "rank":14.0,
            "area_info":"33평(111.13), 33평(111.42), 33평(112.07), 43평(144.67), 43평(144.83), 43평(145.17), 51평(171.74)",
            "last_sales":"2021-11-24,255000.0,33평(111.42)"
        },
        {
            "index":192,
            "아파트명":"반포센트레빌아스테리움",
            "투자타입":"일반",
            "전용면적(m2)":"76.58",
            "전용면적(평)":"23평",
            "법정동주소":"서울시 서초구 반포동 30-15",
            "도로명주소":"서울시 서초구 사평대로 310-4",
            "세대수":0,
            "입주년차":100,
            "용적률점수":"--",
            "건폐율점수":"--",
            "세대당주차수":60,
            "난방방식":100,
            "공급면적":"--",
            "전용률":"--",
            "욕실수":100,
            "현관타입":100,
            "주거총점":59.0,
            "지역구공급총점":0.0,
            "역세권":80,
            "30분내 이동가능 거점":100,
            "1시간내 이동가능 거점":100,
            "교통총점":90.0,
            "백화점":100,
            "아울렛몰":0,
            "대형마트":80,
            "은행":70,
            "병원":80,
            "종합병원":100,
            "공원":80,
            "혐오시설":0,
            "인프라총점":79.4,
            "초등학군":92.3,
            "중학군":58.14,
            "학군총점":64.972,
            "인구수":47.98,
            "인구증감":-16.07,
            "인구총점":28.765,
            "일자리":61.8,
            "소득수준":74.81,
            "일자리총점":65.703,
            "가치 총점":76.8658,
            "매매실거래년":"18000101",
            "매매실거래가":null,
            "전세실거래년":null,
            "전세실거래가":null,
            "전세가율":null,
            "장기전세가율평균":55.86,
            "전세가율거품지수":null,
            "검색코드":127833,
            "세대수":108,
            "준공년월":"2021-08-01",
            "준공년차":2,
            "가까운역이름":"사평",
            "가까운역거리":128.89,
            "역세권여부":"역세권",
            "30분이내주요거점역":6,
            "1시간이내주요거점역":15,
            "3km이내백화점수":2,
            "5km이내아울렛몰수":0,
            "1km이내대형먀트수":1,
            "500m이내은행수":4,
            "500m이내병원수":35,
            "5km이내대형병원수":5,
            "500m이내공원수":1,
            "3km이내혐오시설수":0,
            "초등학교학업성취도":92.3,
            "중학교학업성취도":94.1,
            "용적률":298,
            "건폐율":29,
            "Y":37.503301,
            "X":127.016172,
            "rank":15.0,
            "area_info":"23평(76.58), 31평(103.6), 31평(103.6), 31평(103.6), 31평(103.6), 34평(114.62)",
            "last_sales":"1800-01-01,nan,23평(76.58)"
        },
        {
            "index":715,
            "아파트명":"서초교대e편한세상",
            "투자타입":"일반",
            "전용면적(m2)":"81.47",
            "전용면적(평)":"24평",
            "법정동주소":"서울시 서초구 서초동 1686-9",
            "도로명주소":"서울시 서초구 서초중앙로24길 33",
            "세대수":50,
            "입주년차":60,
            "용적률점수":"--",
            "건폐율점수":"--",
            "세대당주차수":60,
            "난방방식":100,
            "공급면적":"--",
            "전용률":"--",
            "욕실수":100,
            "현관타입":100,
            "주거총점":68.5,
            "지역구공급총점":0.0,
            "역세권":80,
            "30분내 이동가능 거점":100,
            "1시간내 이동가능 거점":100,
            "교통총점":90.0,
            "백화점":100,
            "아울렛몰":0,
            "대형마트":0,
            "은행":100,
            "병원":100,
            "종합병원":100,
            "공원":80,
            "혐오시설":0,
            "인프라총점":72.4,
            "초등학군":92.89,
            "중학군":58.36,
            "학군총점":65.266,
            "인구수":47.98,
            "인구증감":-16.07,
            "인구총점":28.765,
            "일자리":61.8,
            "소득수준":74.81,
            "일자리총점":65.703,
            "가치 총점":76.7099,
            "매매실거래년":20210518.0,
            "매매실거래가":195000.0,
            "전세실거래년":20211013.0,
            "전세실거래가":54600.0,
            "전세가율":28.0,
            "장기전세가율평균":55.86,
            "전세가율거품지수":27.86,
            "검색코드":101344,
            "세대수":435,
            "준공년월":"2010-05-06",
            "준공년차":13,
            "가까운역이름":"교대",
            "가까운역거리":487.73,
            "역세권여부":"준역세권",
            "30분이내주요거점역":7,
            "1시간이내주요거점역":16,
            "3km이내백화점수":1,
            "5km이내아울렛몰수":0,
            "1km이내대형먀트수":0,
            "500m이내은행수":9,
            "500m이내병원수":83,
            "5km이내대형병원수":4,
            "500m이내공원수":1,
            "3km이내혐오시설수":0,
            "초등학교학업성취도":92.89,
            "중학교학업성취도":93.8,
            "용적률":268,
            "건폐율":19,
            "Y":37.496937,
            "X":127.017375,
            "rank":16.0,
            "area_info":"24평(81.47), 24평(82.34), 34평(113.88), 34평(113.35), 34평(113.74), 34평(114.1), 42평(141.8), 50평(167.18), 52평(173.76), 60평(198.45), 60평(200.86), 60평(200.83), 60평(201.25), 67평(224.42)",
            "last_sales":"2021-05-18,195000.0,24평(81.47)"
        },
        {
            "index":568,
            "아파트명":"래미안리더스원",
            "투자타입":"일반",
            "전용면적(m2)":"84.03",
            "전용면적(평)":"25평",
            "법정동주소":"서울시 서초구 서초동 1755",
            "도로명주소":"서울시 서초구 서운로 62",
            "세대수":90,
            "입주년차":100,
            "용적률점수":"--",
            "건폐율점수":"--",
            "세대당주차수":80,
            "난방방식":100,
            "공급면적":"--",
            "전용률":"--",
            "욕실수":100,
            "현관타입":100,
            "주거총점":93.5,
            "지역구공급총점":0.0,
            "역세권":50,
            "30분내 이동가능 거점":100,
            "1시간내 이동가능 거점":100,
            "교통총점":75.0,
            "백화점":100,
            "아울렛몰":0,
            "대형마트":0,
            "은행":100,
            "병원":100,
            "종합병원":100,
            "공원":80,
            "혐오시설":0,
            "인프라총점":72.4,
            "초등학군":100.0,
            "중학군":58.66,
            "학군총점":66.928,
            "인구수":47.98,
            "인구증감":-16.07,
            "인구총점":28.765,
            "일자리":61.8,
            "소득수준":74.81,
            "일자리총점":65.703,
            "가치 총점":76.7092,
            "매매실거래년":20210812.0,
            "매매실거래가":350000.0,
            "전세실거래년":20211203.0,
            "전세실거래가":100000.0,
            "전세가율":null,
            "장기전세가율평균":55.86,
            "전세가율거품지수":null,
            "검색코드":124311,
            "세대수":1317,
            "준공년월":"2020-09-01",
            "준공년차":3,
            "가까운역이름":"강남",
            "가까운역거리":712.08,
            "역세권여부":"준역세권",
            "30분이내주요거점역":5,
            "1시간이내주요거점역":15,
            "3km이내백화점수":2,
            "5km이내아울렛몰수":0,
            "1km이내대형먀트수":0,
            "500m이내은행수":14,
            "500m이내병원수":68,
            "5km이내대형병원수":3,
            "500m이내공원수":1,
            "3km이내혐오시설수":0,
            "초등학교학업성취도":100.0,
            "중학교학업성취도":95.5,
            "용적률":299,
            "건폐율":18,
            "Y":37.490773,
            "X":127.028121,
            "rank":17.0,
            "area_info":"25평(84.03), 25평(85.41), 29평(97.72), 29평(98.41), 32평(108.94), 33평(111.11), 33평(111.66), 34평(112.68), 43평(142.45), 43평(144.03), 50평(167.93), 50평(168.12), 66평(219.59), 78평(260.38), 90평(299.89)",
            "last_sales":"2021-08-12,350000.0,43평(144.03)"
        },
        {
            "index":392,
            "아파트명":"방배서리풀e-편한세상",
            "투자타입":"일반",
            "전용면적(m2)":"83.92",
            "전용면적(평)":"25평",
            "법정동주소":"서울시 서초구 방배동 906-13",
            "도로명주소":"서울시 서초구 효령로33길 50",
            "세대수":50,
            "입주년차":60,
            "용적률점수":"--",
            "건폐율점수":"--",
            "세대당주차수":80,
            "난방방식":30,
            "공급면적":"--",
            "전용률":"--",
            "욕실수":50,
            "현관타입":100,
            "주거총점":59.5,
            "지역구공급총점":0.0,
            "역세권":80,
            "30분내 이동가능 거점":100,
            "1시간내 이동가능 거점":100,
            "교통총점":90.0,
            "백화점":100,
            "아울렛몰":0,
            "대형마트":80,
            "은행":70,
            "병원":80,
            "종합병원":100,
            "공원":100,
            "혐오시설":0,
            "인프라총점":80.0,
            "초등학군":92.76,
            "중학군":48.46,
            "학군총점":57.32,
            "인구수":47.98,
            "인구증감":-16.07,
            "인구총점":28.765,
            "일자리":61.8,
            "소득수준":74.81,
            "일자리총점":65.703,
            "가치 총점":75.998,
            "매매실거래년":20211223.0,
            "매매실거래가":253000.0,
            "전세실거래년":20210508.0,
            "전세실거래가":100000.0,
            "전세가율":49.26,
            "장기전세가율평균":55.86,
            "전세가율거품지수":6.6,
            "검색코드":25778,
            "세대수":496,
            "준공년월":"2010-08-26",
            "준공년차":13,
            "가까운역이름":"방배",
            "가까운역거리":329.58,
            "역세권여부":"준역세권",
            "30분이내주요거점역":5,
            "1시간이내주요거점역":16,
            "3km이내백화점수":1,
            "5km이내아울렛몰수":0,
            "1km이내대형먀트수":1,
            "500m이내은행수":4,
            "500m이내병원수":48,
            "5km이내대형병원수":4,
            "500m이내공원수":2,
            "3km이내혐오시설수":0,
            "초등학교학업성취도":92.76,
            "중학교학업성취도":78.9,
            "용적률":206,
            "건폐율":24,
            "Y":37.484312,
            "X":126.998447,
            "rank":18.0,
            "area_info":"25평(83.92), 25평(85.42), 33평(110.78), 34평(114.72), 34평(114.67), 41평(137.19), 45평(151.55), 47평(158.64), 56평(187.42), 63평(210.7)",
            "last_sales":"2021-12-23,253000.0,33평(110.78)"
        },
        {
            "index":1289,
            "아파트명":"잠원한신",
            "투자타입":"재건축",
            "전용면적(m2)":"94.42",
            "전용면적(평)":"28평",
            "법정동주소":"서울시 서초구 잠원동 56-3",
            "도로명주소":"서울시 서초구 잠원로 150",
            "세대수":50,
            "입주년차":"--",
            "용적률점수":60,
            "건폐율점수":100,
            "세대당주차수":"--",
            "난방방식":"--",
            "공급면적":70,
            "전용률":100,
            "욕실수":"--",
            "현관타입":"--",
            "주거총점":67.5,
            "지역구공급총점":0.0,
            "역세권":80,
            "30분내 이동가능 거점":100,
            "1시간내 이동가능 거점":100,
            "교통총점":90.0,
            "백화점":100,
            "아울렛몰":0,
            "대형마트":80,
            "은행":0,
            "병원":60,
            "종합병원":100,
            "공원":100,
            "혐오시설":0,
            "인프라총점":71.0,
            "초등학군":90.88,
            "중학군":56.64,
            "학군총점":63.488,
            "인구수":47.98,
            "인구증감":-16.07,
            "인구총점":28.765,
            "일자리":61.8,
            "소득수준":74.81,
            "일자리총점":65.703,
            "가치 총점":75.8232,
            "매매실거래년":20210908.0,
            "매매실거래가":256000.0,
            "전세실거래년":20211216.0,
            "전세실거래가":119000.0,
            "전세가율":46.48,
            "장기전세가율평균":55.86,
            "전세가율거품지수":9.38,
            "검색코드":517,
            "세대수":540,
            "준공년월":"1992-07-16",
            "준공년차":31,
            "가까운역이름":"잠원",
            "가까운역거리":367.09,
            "역세권여부":"준역세권",
            "30분이내주요거점역":6,
            "1시간이내주요거점역":12,
            "3km이내백화점수":2,
            "5km이내아울렛몰수":0,
            "1km이내대형먀트수":1,
            "500m이내은행수":1,
            "500m이내병원수":18,
            "5km이내대형병원수":5,
            "500m이내공원수":3,
            "3km이내혐오시설수":0,
            "초등학교학업성취도":90.88,
            "중학교학업성취도":91.2,
            "용적률":237,
            "건폐율":18,
            "Y":37.516,
            "X":127.010428,
            "rank":19.0,
            "area_info":"28평(94.42)",
            "last_sales":"2021-09-08,256000.0,28평(94.42)"
        },
        {
            "index":168,
            "아파트명":"반포래미안아이파크",
            "투자타입":"일반",
            "전용면적(m2)":"77.27",
            "전용면적(평)":"23평",
            "법정동주소":"서울시 서초구 반포동 1341",
            "도로명주소":"서울시 서초구 서초중앙로 220",
            "세대수":80,
            "입주년차":80,
            "용적률점수":"--",
            "건폐율점수":"--",
            "세대당주차수":60,
            "난방방식":100,
            "공급면적":"--",
            "전용률":"--",
            "욕실수":50,
            "현관타입":100,
            "주거총점":78.0,
            "지역구공급총점":0.0,
            "역세권":80,
            "30분내 이동가능 거점":60,
            "1시간내 이동가능 거점":100,
            "교통총점":78.0,
            "백화점":100,
            "아울렛몰":0,
            "대형마트":80,
            "은행":70,
            "병원":80,
            "종합병원":100,
            "공원":0,
            "혐오시설":0,
            "인프라총점":77.0,
            "초등학군":92.3,
            "중학군":58.14,
            "학군총점":64.972,
            "인구수":47.98,
            "인구증감":-16.07,
            "인구총점":28.765,
            "일자리":61.8,
            "소득수준":74.81,
            "일자리총점":65.703,
            "가치 총점":75.7458,
            "매매실거래년":20210227.0,
            "매매실거래가":425000.0,
            "전세실거래년":20201231.0,
            "전세실거래가":73500.0,
            "전세가율":null,
            "장기전세가율평균":55.86,
            "전세가율거품지수":null,
            "검색코드":112008,
            "세대수":829,
            "준공년월":"2018-08-31",
            "준공년차":5,
            "가까운역이름":"사평",
            "가까운역거리":305.82,
            "역세권여부":"준역세권",
            "30분이내주요거점역":3,
            "1시간이내주요거점역":15,
            "3km이내백화점수":1,
            "5km이내아울렛몰수":0,
            "1km이내대형먀트수":1,
            "500m이내은행수":4,
            "500m이내병원수":36,
            "5km이내대형병원수":5,
            "500m이내공원수":0,
            "3km이내혐오시설수":0,
            "초등학교학업성취도":92.3,
            "중학교학업성취도":94.1,
            "용적률":284,
            "건폐율":17,
            "Y":37.501879,
            "X":127.013411,
            "rank":20.0,
            "area_info":"23평(77.27), 28평(92.98), 28평(93.07), 34평(113.07), 34평(113.19), 40평(132.5), 40평(132.8), 45평(148.87), 45평(150.41), 52평(171.92), 52평(172.86), 59평(196.96)",
            "last_sales":"2021-02-27,425000.0,59평(196.96)"
        },
        {
            "index":258,
            "아파트명":"아크로리버파크",
            "투자타입":"일반",
            "전용면적(m2)":"78.68",
            "전용면적(평)":"23평",
            "법정동주소":"서울시 서초구 반포동 2-12",
            "도로명주소":"서울시 서초구 신반포로15길 19",
            "세대수":100,
            "입주년차":80,
            "용적률점수":"--",
            "건폐율점수":"--",
            "세대당주차수":80,
            "난방방식":100,
            "공급면적":"--",
            "전용률":"--",
            "욕실수":100,
            "현관타입":100,
            "주거총점":93.0,
            "지역구공급총점":0.0,
            "역세권":80,
            "30분내 이동가능 거점":100,
            "1시간내 이동가능 거점":100,
            "교통총점":90.0,
            "백화점":100,
            "아울렛몰":0,
            "대형마트":0,
            "은행":0,
            "병원":10,
            "종합병원":100,
            "공원":80,
            "혐오시설":0,
            "인프라총점":53.4,
            "초등학군":94.84,
            "중학군":56.18,
            "학군총점":63.912,
            "인구수":47.98,
            "인구증감":-16.07,
            "인구총점":28.765,
            "일자리":61.8,
            "소득수준":74.81,
            "일자리총점":65.703,
            "가치 총점":75.7068,
            "매매실거래년":20210805.0,
            "매매실거래가":597000.0,
            "전세실거래년":null,
            "전세실거래가":null,
            "전세가율":null,
            "장기전세가율평균":55.86,
            "전세가율거품지수":null,
            "검색코드":107613,
            "세대수":1612,
            "준공년월":"2016-08-30",
            "준공년차":7,
            "가까운역이름":"신반포",
            "가까운역거리":376.21,
            "역세권여부":"준역세권",
            "30분이내주요거점역":5,
            "1시간이내주요거점역":16,
            "3km이내백화점수":1,
            "5km이내아울렛몰수":0,
            "1km이내대형먀트수":0,
            "500m이내은행수":1,
            "500m이내병원수":4,
            "5km이내대형병원수":5,
            "500m이내공원수":1,
            "3km이내혐오시설수":0,
            "초등학교학업성취도":94.84,
            "중학교학업성취도":92.7,
            "용적률":299,
            "건폐율":19,
            "Y":37.506089,
            "X":126.993312,
            "rank":21.0,
            "area_info":"23평(78.68), 23평(79.24), 24평(80.21), 24평(80.54), 24평(80.25), 33평(110.68), 33평(110.66), 34평(112.74), 34평(112.83), 34평(113.69), 34평(114.05), 34평(114.2), 44평(145.95), 45평(148.8), 45평(149.29), 45평(150.26), 45평(150.74), 46평(152.9), 51평(168.95), 51평(168.66), 52평(172.49), 52평(172.95), 62평(205.35), 64평(211.99), 67평(223.31), 68평(225.87), 71평(236.68), 81평(269.16), 82평(271.16), 94평(313.8), 96평(318.25), 96평(318.75), 96평(318.75)",
            "last_sales":"2021-08-05,597000.0,71평(236.68)"
        },
        {
            "index":1276,
            "아파트명":"아크로리버뷰신반포",
            "투자타입":"일반",
            "전용면적(m2)":"109.57",
            "전용면적(평)":"33평",
            "법정동주소":"서울시 서초구 잠원동 159",
            "도로명주소":"서울시 서초구 잠원로 117",
            "세대수":50,
            "입주년차":80,
            "용적률점수":"--",
            "건폐율점수":"--",
            "세대당주차수":60,
            "난방방식":30,
            "공급면적":"--",
            "전용률":"--",
            "욕실수":100,
            "현관타입":100,
            "주거총점":65.5,
            "지역구공급총점":0.0,
            "역세권":80,
            "30분내 이동가능 거점":100,
            "1시간내 이동가능 거점":100,
            "교통총점":90.0,
            "백화점":100,
            "아울렛몰":0,
            "대형마트":80,
            "은행":0,
            "병원":60,
            "종합병원":100,
            "공원":80,
            "혐오시설":0,
            "인프라총점":70.4,
            "초등학군":97.49,
            "중학군":56.9,
            "학군총점":65.018,
            "인구수":47.98,
            "인구증감":-16.07,
            "인구총점":28.765,
            "일자리":61.8,
            "소득수준":74.81,
            "일자리총점":65.703,
            "가치 총점":75.4727,
            "매매실거래년":20211106.0,
            "매매실거래가":360000.0,
            "전세실거래년":20211218.0,
            "전세실거래가":141750.0,
            "전세가율":37.8,
            "장기전세가율평균":55.86,
            "전세가율거품지수":18.06,
            "검색코드":113295,
            "세대수":595,
            "준공년월":"2018-06-04",
            "준공년차":5,
            "가까운역이름":"잠원",
            "가까운역거리":404.09,
            "역세권여부":"준역세권",
            "30분이내주요거점역":6,
            "1시간이내주요거점역":14,
            "3km이내백화점수":2,
            "5km이내아울렛몰수":0,
            "1km이내대형먀트수":1,
            "500m이내은행수":1,
            "500m이내병원수":13,
            "5km이내대형병원수":5,
            "500m이내공원수":1,
            "3km이내혐오시설수":0,
            "초등학교학업성취도":97.49,
            "중학교학업성취도":92.1,
            "용적률":275,
            "건폐율":15,
            "Y":37.514868,
            "X":127.007489,
            "rank":22.0,
            "area_info":"33평(109.57), 33평(109.63), 35평(117.85), 35평(117.92)",
            "last_sales":"2021-11-06,360000.0,35평(117.85)"
        },
        {
            "index":1310,
            "아파트명":"한신타운",
            "투자타입":"재건축",
            "전용면적(m2)":"79.93",
            "전용면적(평)":"24평",
            "법정동주소":"서울시 서초구 잠원동 60-4",
            "도로명주소":"서울시 서초구 나루터로4길 70-5",
            "세대수":0,
            "입주년차":"--",
            "용적률점수":60,
            "건폐율점수":80,
            "세대당주차수":"--",
            "난방방식":"--",
            "공급면적":50,
            "전용률":80,
            "욕실수":"--",
            "현관타입":"--",
            "주거총점":46.5,
            "지역구공급총점":0.0,
            "역세권":80,
            "30분내 이동가능 거점":100,
            "1시간내 이동가능 거점":100,
            "교통총점":90.0,
            "백화점":100,
            "아울렛몰":0,
            "대형마트":80,
            "은행":100,
            "병원":80,
            "종합병원":100,
            "공원":100,
            "혐오시설":0,
            "인프라총점":83.0,
            "초등학군":97.49,
            "중학군":56.9,
            "학군총점":65.018,
            "인구수":47.98,
            "인구증감":-16.07,
            "인구총점":28.765,
            "일자리":61.8,
            "소득수준":74.81,
            "일자리총점":65.703,
            "가치 총점":75.4527,
            "매매실거래년":20210325.0,
            "매매실거래가":183000.0,
            "전세실거래년":20210710.0,
            "전세실거래가":80000.0,
            "전세가율":45.71,
            "장기전세가율평균":55.86,
            "전세가율거품지수":10.15,
            "검색코드":3527,
            "세대수":110,
            "준공년월":"1989-06-30",
            "준공년차":34,
            "가까운역이름":"반포",
            "가까운역거리":149.84,
            "역세권여부":"역세권",
            "30분이내주요거점역":6,
            "1시간이내주요거점역":16,
            "3km이내백화점수":2,
            "5km이내아울렛몰수":0,
            "1km이내대형먀트수":1,
            "500m이내은행수":7,
            "500m이내병원수":43,
            "5km이내대형병원수":5,
            "500m이내공원수":2,
            "3km이내혐오시설수":0,
            "초등학교학업성취도":97.49,
            "중학교학업성취도":92.1,
            "용적률":245,
            "건폐율":20,
            "Y":37.50951,
            "X":127.01147,
            "rank":23.0,
            "area_info":"24평(79.93), 27평(91.26), 29평(98.02)",
            "last_sales":"2021-03-25,183000.0,29평(98.02)"
        },
        {
            "index":830,
            "아파트명":"서초센트럴아이파크",
            "투자타입":"일반",
            "전용면적(m2)":"104.92",
            "전용면적(평)":"31평",
            "법정동주소":"서울시 서초구 서초동 1582-3",
            "도로명주소":"서울시 서초구 반포대로18길 36",
            "세대수":30,
            "입주년차":100,
            "용적률점수":"--",
            "건폐율점수":"--",
            "세대당주차수":30,
            "난방방식":30,
            "공급면적":"--",
            "전용률":"--",
            "욕실수":100,
            "현관타입":100,
            "주거총점":58.0,
            "지역구공급총점":0.0,
            "역세권":80,
            "30분내 이동가능 거점":80,
            "1시간내 이동가능 거점":100,
            "교통총점":84.0,
            "백화점":100,
            "아울렛몰":0,
            "대형마트":80,
            "은행":100,
            "병원":80,
            "종합병원":100,
            "공원":100,
            "혐오시설":0,
            "인프라총점":83.0,
            "초등학군":94.83,
            "중학군":55.22,
            "학군총점":63.142,
            "인구수":47.98,
            "인구증감":-16.07,
            "인구총점":28.765,
            "일자리":61.8,
            "소득수준":74.81,
            "일자리총점":65.703,
            "가치 총점":75.3713,
            "매매실거래년":20211020.0,
            "매매실거래가":182000.0,
            "전세실거래년":20211123.0,
            "전세실거래가":123000.0,
            "전세가율":67.58,
            "장기전세가율평균":55.86,
            "전세가율거품지수":-11.72,
            "검색코드":118791,
            "세대수":318,
            "준공년월":"2020-09-07",
            "준공년차":3,
            "가까운역이름":"남부터미널",
            "가까운역거리":438.76,
            "역세권여부":"준역세권",
            "30분이내주요거점역":4,
            "1시간이내주요거점역":15,
            "3km이내백화점수":1,
            "5km이내아울렛몰수":0,
            "1km이내대형먀트수":1,
            "500m이내은행수":11,
            "500m이내병원수":52,
            "5km이내대형병원수":3,
            "500m이내공원수":2,
            "3km이내혐오시설수":0,
            "초등학교학업성취도":94.83,
            "중학교학업성취도":90.3,
            "용적률":828,
            "건폐율":38,
            "Y":37.486804,
            "X":127.011758,
            "rank":24.0,
            "area_info":"31평(104.92), 31평(105.25), 31평(105.1), 32평(106.72), 32평(107.07)",
            "last_sales":"2021-10-20,182000.0,31평(104.92)"
        },
        {
            "index":364,
            "아파트명":"방배롯데캐슬아르떼",
            "투자타입":"일반",
            "전용면적(m2)":"84.27",
            "전용면적(평)":"25평",
            "법정동주소":"서울시 서초구 방배동 424-28",
            "도로명주소":"서울시 서초구 방배천로18길 11",
            "세대수":80,
            "입주년차":60,
            "용적률점수":"--",
            "건폐율점수":"--",
            "세대당주차수":60,
            "난방방식":30,
            "공급면적":"--",
            "전용률":"--",
            "욕실수":100,
            "현관타입":100,
            "주거총점":72.0,
            "지역구공급총점":0.0,
            "역세권":50,
            "30분내 이동가능 거점":100,
            "1시간내 이동가능 거점":100,
            "교통총점":75.0,
            "백화점":100,
            "아울렛몰":0,
            "대형마트":80,
            "은행":100,
            "병원":80,
            "종합병원":100,
            "공원":100,
            "혐오시설":0,
            "인프라총점":83.0,
            "초등학군":95.29,
            "중학군":55.3,
            "학군총점":63.298,
            "인구수":47.98,
            "인구증감":-16.07,
            "인구총점":28.765,
            "일자리":61.8,
            "소득수준":74.81,
            "일자리총점":65.703,
            "가치 총점":75.0447,
            "매매실거래년":20211025.0,
            "매매실거래가":300000.0,
            "전세실거래년":20211030.0,
            "전세실거래가":120000.0,
            "전세가율":60.0,
            "장기전세가율평균":55.86,
            "전세가율거품지수":-4.14,
            "검색코드":104449,
            "세대수":744,
            "준공년월":"2013-11-20",
            "준공년차":10,
            "가까운역이름":"사당",
            "가까운역거리":855.46,
            "역세권여부":"비역세권",
            "30분이내주요거점역":8,
            "1시간이내주요거점역":18,
            "3km이내백화점수":1,
            "5km이내아울렛몰수":0,
            "1km이내대형먀트수":1,
            "500m이내은행수":7,
            "500m이내병원수":45,
            "5km이내대형병원수":3,
            "500m이내공원수":2,
            "3km이내혐오시설수":0,
            "초등학교학업성취도":95.29,
            "중학교학업성취도":91.5,
            "용적률":247,
            "건폐율":24,
            "Y":37.483848,
            "X":126.984676,
            "rank":25.0,
            "area_info":"25평(84.27), 25평(84.93), 33평(109.67), 33평(110.78), 33평(110.09), 45평(149.45), 45평(151.33), 53평(175.57), 76평(251.51)",
            "last_sales":"2021-10-25,300000.0,53평(175.57)"
        },
        {
            "index":1218,
            "아파트명":"롯데캐슬갤럭시2차",
            "투자타입":"일반",
            "전용면적(m2)":"128.98",
            "전용면적(평)":"39평",
            "법정동주소":"서울시 서초구 잠원동 50-1",
            "도로명주소":"서울시 서초구 잠원로14길 23",
            "세대수":50,
            "입주년차":40,
            "용적률점수":"--",
            "건폐율점수":"--",
            "세대당주차수":80,
            "난방방식":100,
            "공급면적":"--",
            "전용률":"--",
            "욕실수":100,
            "현관타입":100,
            "주거총점":67.5,
            "지역구공급총점":0.0,
            "역세권":80,
            "30분내 이동가능 거점":100,
            "1시간내 이동가능 거점":100,
            "교통총점":90.0,
            "백화점":100,
            "아울렛몰":0,
            "대형마트":0,
            "은행":70,
            "병원":80,
            "종합병원":100,
            "공원":100,
            "혐오시설":0,
            "인프라총점":68.0,
            "초등학군":90.88,
            "중학군":56.64,
            "학군총점":63.488,
            "인구수":47.98,
            "인구증감":-16.07,
            "인구총점":28.765,
            "일자리":61.8,
            "소득수준":74.81,
            "일자리총점":65.703,
            "가치 총점":74.9232,
            "매매실거래년":20210508.0,
            "매매실거래가":300000.0,
            "전세실거래년":20210904.0,
            "전세실거래가":115500.0,
            "전세가율":51.33,
            "장기전세가율평균":55.86,
            "전세가율거품지수":4.53,
            "검색코드":8502,
            "세대수":428,
            "준공년월":"2004-04-28",
            "준공년차":19,
            "가까운역이름":"신사",
            "가까운역거리":415.22,
            "역세권여부":"준역세권",
            "30분이내주요거점역":5,
            "1시간이내주요거점역":11,
            "3km이내백화점수":3,
            "5km이내아울렛몰수":0,
            "1km이내대형먀트수":0,
            "500m이내은행수":3,
            "500m이내병원수":47,
            "5km이내대형병원수":4,
            "500m이내공원수":3,
            "3km이내혐오시설수":0,
            "초등학교학업성취도":90.88,
            "중학교학업성취도":91.2,
            "용적률":299,
            "건폐율":23,
            "Y":37.518663,
            "X":127.016434,
            "rank":26.0,
            "area_info":"39평(128.98), 39평(129.34), 46평(152.49), 46평(153.85), 50평(168.28)",
            "last_sales":"2021-05-08,300000.0,50평(168.28)"
        },
        {
            "index":1050,
            "아파트명":"현대ESA2",
            "투자타입":"일반",
            "전용면적(m2)":"156.01",
            "전용면적(평)":"47평",
            "법정동주소":"서울시 서초구 서초동 1542-6",
            "도로명주소":"서울시 서초구 반포대로 122",
            "세대수":0,
            "입주년차":20,
            "용적률점수":"--",
            "건폐율점수":"--",
            "세대당주차수":80,
            "난방방식":80,
            "공급면적":"--",
            "전용률":"--",
            "욕실수":100,
            "현관타입":100,
            "주거총점":44.0,
            "지역구공급총점":0.0,
            "역세권":80,
            "30분내 이동가능 거점":100,
            "1시간내 이동가능 거점":100,
            "교통총점":90.0,
            "백화점":100,
            "아울렛몰":0,
            "대형마트":80,
            "은행":100,
            "병원":80,
            "종합병원":100,
            "공원":100,
            "혐오시설":0,
            "인프라총점":83.0,
            "초등학군":94.83,
            "중학군":55.22,
            "학군총점":63.142,
            "인구수":47.98,
            "인구증감":-16.07,
            "인구총점":28.765,
            "일자리":61.8,
            "소득수준":74.81,
            "일자리총점":65.703,
            "가치 총점":74.6713,
            "매매실거래년":20211021.0,
            "매매실거래가":185000.0,
            "전세실거래년":20211002.0,
            "전세실거래가":94500.0,
            "전세가율":51.08,
            "장기전세가율평균":55.86,
            "전세가율거품지수":4.78,
            "검색코드":12476,
            "세대수":174,
            "준공년월":"2003-01-29",
            "준공년차":20,
            "가까운역이름":"서초",
            "가까운역거리":105.07,
            "역세권여부":"역세권",
            "30분이내주요거점역":5,
            "1시간이내주요거점역":16,
            "3km이내백화점수":1,
            "5km이내아울렛몰수":0,
            "1km이내대형먀트수":1,
            "500m이내은행수":15,
            "500m이내병원수":36,
            "5km이내대형병원수":5,
            "500m이내공원수":3,
            "3km이내혐오시설수":0,
            "초등학교학업성취도":94.83,
            "중학교학업성취도":90.3,
            "용적률":1106,
            "건폐율":58,
            "Y":37.491084,
            "X":127.008524,
            "rank":27.0,
            "area_info":"47평(156.01)",
            "last_sales":"2021-10-21,185000.0,47평(156.01)"
        },
        {
            "index":1252,
            "아파트명":"신반포25차",
            "투자타입":"재건축",
            "전용면적(m2)":"113.97",
            "전용면적(평)":"34평",
            "법정동주소":"서울시 서초구 잠원동 61-1",
            "도로명주소":"서울시 서초구 잠원로 136",
            "세대수":0,
            "입주년차":"--",
            "용적률점수":80,
            "건폐율점수":100,
            "세대당주차수":"--",
            "난방방식":"--",
            "공급면적":90,
            "전용률":60,
            "욕실수":"--",
            "현관타입":"--",
            "주거총점":59.5,
            "지역구공급총점":0.0,
            "역세권":80,
            "30분내 이동가능 거점":100,
            "1시간내 이동가능 거점":100,
            "교통총점":90.0,
            "백화점":100,
            "아울렛몰":0,
            "대형마트":80,
            "은행":0,
            "병원":60,
            "종합병원":100,
            "공원":100,
            "혐오시설":0,
            "인프라총점":71.0,
            "초등학군":90.88,
            "중학군":56.64,
            "학군총점":63.488,
            "인구수":47.98,
            "인구증감":-16.07,
            "인구총점":28.765,
            "일자리":61.8,
            "소득수준":74.81,
            "일자리총점":65.703,
            "가치 총점":74.2232,
            "매매실거래년":20210719.0,
            "매매실거래가":275000.0,
            "전세실거래년":20211215.0,
            "전세실거래가":100000.0,
            "전세가율":47.62,
            "장기전세가율평균":55.86,
            "전세가율거품지수":8.24,
            "검색코드":3526,
            "세대수":169,
            "준공년월":"1984-12-20",
            "준공년차":39,
            "가까운역이름":"잠원",
            "가까운역거리":290.56,
            "역세권여부":"준역세권",
            "30분이내주요거점역":6,
            "1시간이내주요거점역":11,
            "3km이내백화점수":2,
            "5km이내아울렛몰수":0,
            "1km이내대형먀트수":1,
            "500m이내은행수":1,
            "500m이내병원수":18,
            "5km이내대형병원수":5,
            "500m이내공원수":2,
            "3km이내혐오시설수":0,
            "초등학교학업성취도":90.88,
            "중학교학업성취도":91.2,
            "용적률":176,
            "건폐율":13,
            "Y":37.51501,
            "X":127.009547,
            "rank":28.0,
            "area_info":"34평(113.97), 38평(126.22)",
            "last_sales":"2021-07-19,275000.0,38평(126.22)"
        },
        {
            "index":1254,
            "아파트명":"신반포27차",
            "투자타입":"재건축",
            "전용면적(m2)":"58.06",
            "전용면적(평)":"17평",
            "법정동주소":"서울시 서초구 잠원동 56-2",
            "도로명주소":"서울시 서초구 잠원로8길 3",
            "세대수":0,
            "입주년차":"--",
            "용적률점수":80,
            "건폐율점수":100,
            "세대당주차수":"--",
            "난방방식":"--",
            "공급면적":50,
            "전용률":100,
            "욕실수":"--",
            "현관타입":"--",
            "주거총점":59.5,
            "지역구공급총점":0.0,
            "역세권":80,
            "30분내 이동가능 거점":100,
            "1시간내 이동가능 거점":100,
            "교통총점":90.0,
            "백화점":100,
            "아울렛몰":0,
            "대형마트":80,
            "은행":0,
            "병원":60,
            "종합병원":100,
            "공원":100,
            "혐오시설":0,
            "인프라총점":71.0,
            "초등학군":90.88,
            "중학군":56.64,
            "학군총점":63.488,
            "인구수":47.98,
            "인구증감":-16.07,
            "인구총점":28.765,
            "일자리":61.8,
            "소득수준":74.81,
            "일자리총점":65.703,
            "가치 총점":74.2232,
            "매매실거래년":20210924.0,
            "매매실거래가":156000.0,
            "전세실거래년":20211127.0,
            "전세실거래가":53000.0,
            "전세가율":33.97,
            "장기전세가율평균":55.86,
            "전세가율거품지수":21.89,
            "검색코드":530,
            "세대수":156,
            "준공년월":"1985-01-11",
            "준공년차":38,
            "가까운역이름":"잠원",
            "가까운역거리":379.66,
            "역세권여부":"준역세권",
            "30분이내주요거점역":6,
            "1시간이내주요거점역":12,
            "3km이내백화점수":2,
            "5km이내아울렛몰수":0,
            "1km이내대형먀트수":1,
            "500m이내은행수":1,
            "500m이내병원수":18,
            "5km이내대형병원수":5,
            "500m이내공원수":2,
            "3km이내혐오시설수":0,
            "초등학교학업성취도":90.88,
            "중학교학업성취도":91.2,
            "용적률":175,
            "건폐율":14,
            "Y":37.515948,
            "X":127.009682,
            "rank":28.0,
            "area_info":"17평(58.06), 35평(118.82)",
            "last_sales":"2021-09-24,156000.0,17평(58.06)"
        },
        {
            "index":237,
            "아파트명":"반포힐스테이트",
            "투자타입":"일반",
            "전용면적(m2)":"86.61",
            "전용면적(평)":"26평",
            "법정동주소":"서울시 서초구 반포동 16-6",
            "도로명주소":"서울시 서초구 신반포로16길 15-20",
            "세대수":30,
            "입주년차":60,
            "용적률점수":"--",
            "건폐율점수":"--",
            "세대당주차수":60,
            "난방방식":100,
            "공급면적":"--",
            "전용률":"--",
            "욕실수":100,
            "현관타입":100,
            "주거총점":61.5,
            "지역구공급총점":0.0,
            "역세권":80,
            "30분내 이동가능 거점":100,
            "1시간내 이동가능 거점":100,
            "교통총점":90.0,
            "백화점":100,
            "아울렛몰":0,
            "대형마트":0,
            "은행":100,
            "병원":60,
            "종합병원":100,
            "공원":100,
            "혐오시설":0,
            "인프라총점":69.0,
            "초등학군":93.35,
            "중학군":57.12,
            "학군총점":64.366,
            "인구수":47.98,
            "인구증감":-16.07,
            "인구총점":28.765,
            "일자리":61.8,
            "소득수준":74.81,
            "일자리총점":65.703,
            "가치 총점":74.1549,
            "매매실거래년":20211211.0,
            "매매실거래가":340000.0,
            "전세실거래년":20211106.0,
            "전세실거래가":110000.0,
            "전세가율":44.0,
            "장기전세가율평균":55.86,
            "전세가율거품지수":11.86,
            "검색코드":100512,
            "세대수":397,
            "준공년월":"2012-04-02",
            "준공년차":11,
            "가까운역이름":"신반포",
            "가까운역거리":224.7,
            "역세권여부":"역세권",
            "30분이내주요거점역":5,
            "1시간이내주요거점역":16,
            "3km이내백화점수":1,
            "5km이내아울렛몰수":0,
            "1km이내대형먀트수":0,
            "500m이내은행수":6,
            "500m이내병원수":25,
            "5km이내대형병원수":5,
            "500m이내공원수":2,
            "3km이내혐오시설수":0,
            "초등학교학업성취도":93.35,
            "중학교학업성취도":94.0,
            "용적률":269,
            "건폐율":16,
            "Y":37.501541,
            "X":126.996878,
            "rank":29.0,
            "area_info":"26평(86.61), 26평(86.6), 26평(87.75), 34평(115.54), 35평(115.73), 57평(190.91), 57평(190.99)",
            "last_sales":"2021-12-11,340000.0,34평(115.54)"
        },
        {
            "index":1001,
            "아파트명":"지웰홈스서초",
            "투자타입":"일반",
            "전용면적(m2)":"22.65",
            "전용면적(평)":"6평",
            "법정동주소":"서울시 서초구 서초동 1575-1",
            "도로명주소":"서울시 서초구 반포대로28길 94",
            "세대수":0,
            "입주년차":100,
            "용적률점수":"--",
            "건폐율점수":"--",
            "세대당주차수":0,
            "난방방식":30,
            "공급면적":"--",
            "전용률":"--",
            "욕실수":50,
            "현관타입":100,
            "주거총점":38.0,
            "지역구공급총점":0.0,
            "역세권":80,
            "30분내 이동가능 거점":100,
            "1시간내 이동가능 거점":100,
            "교통총점":90.0,
            "백화점":100,
            "아울렛몰":0,
            "대형마트":80,
            "은행":100,
            "병원":100,
            "종합병원":100,
            "공원":100,
            "혐오시설":0,
            "인프라총점":85.0,
            "초등학군":94.83,
            "중학군":55.22,
            "학군총점":63.142,
            "인구수":47.98,
            "인구증감":-16.07,
            "인구총점":28.765,
            "일자리":61.8,
            "소득수준":74.81,
            "일자리총점":65.703,
            "가치 총점":74.0713,
            "매매실거래년":"18000101",
            "매매실거래가":null,
            "전세실거래년":null,
            "전세실거래가":null,
            "전세가율":null,
            "장기전세가율평균":55.86,
            "전세가율거품지수":null,
            "검색코드":125532,
            "세대수":154,
            "준공년월":"2019-05-21",
            "준공년차":4,
            "가까운역이름":"교대",
            "가까운역거리":170.84,
            "역세권여부":"역세권",
            "30분이내주요거점역":7,
            "1시간이내주요거점역":16,
            "3km이내백화점수":1,
            "5km이내아울렛몰수":0,
            "1km이내대형먀트수":1,
            "500m이내은행수":20,
            "500m이내병원수":107,
            "5km이내대형병원수":5,
            "500m이내공원수":3,
            "3km이내혐오시설수":0,
            "초등학교학업성취도":94.83,
            "중학교학업성취도":90.3,
            "용적률":628,
            "건폐율":59,
            "Y":37.491985,
            "X":127.013372,
            "rank":30.0,
            "area_info":"6평(22.65), 7평(25.01), 8평(28.49), 8평(29.72), 9평(31.09), 10평(33.97), 10평(33.63)",
            "last_sales":"1800-01-01,nan,6평(22.65)"
        },
        {
            "index":729,
            "아파트명":"서초그랑자이",
            "투자타입":"일반",
            "전용면적(m2)":"83.85",
            "전용면적(평)":"25평",
            "법정동주소":"서울시 서초구 서초동 1335",
            "도로명주소":"서울시 서초구 효령로 391",
            "세대수":90,
            "입주년차":100,
            "용적률점수":"--",
            "건폐율점수":"--",
            "세대당주차수":80,
            "난방방식":100,
            "공급면적":"--",
            "전용률":"--",
            "욕실수":100,
            "현관타입":100,
            "주거총점":93.5,
            "지역구공급총점":0.0,
            "역세권":50,
            "30분내 이동가능 거점":80,
            "1시간내 이동가능 거점":100,
            "교통총점":69.0,
            "백화점":100,
            "아울렛몰":0,
            "대형마트":0,
            "은행":100,
            "병원":80,
            "종합병원":100,
            "공원":80,
            "혐오시설":0,
            "인프라총점":70.4,
            "초등학군":100.0,
            "중학군":58.66,
            "학군총점":66.928,
            "인구수":47.98,
            "인구증감":-16.07,
            "인구총점":28.765,
            "일자리":61.8,
            "소득수준":74.81,
            "일자리총점":65.703,
            "가치 총점":74.0092,
            "매매실거래년":20211018.0,
            "매매실거래가":450000.0,
            "전세실거래년":null,
            "전세실거래가":null,
            "전세가율":null,
            "장기전세가율평균":55.86,
            "전세가율거품지수":null,
            "검색코드":126726,
            "세대수":1446,
            "준공년월":"2021-06-01",
            "준공년차":2,
            "가까운역이름":"강남",
            "가까운역거리":910.36,
            "역세권여부":"비역세권",
            "30분이내주요거점역":4,
            "1시간이내주요거점역":15,
            "3km이내백화점수":2,
            "5km이내아울렛몰수":0,
            "1km이내대형먀트수":0,
            "500m이내은행수":5,
            "500m이내병원수":32,
            "5km이내대형병원수":3,
            "500m이내공원수":1,
            "3km이내혐오시설수":0,
            "초등학교학업성취도":100.0,
            "중학교학업성취도":95.5,
            "용적률":299,
            "건폐율":15,
            "Y":37.489133,
            "X":127.025992,
            "rank":31.0,
            "area_info":"25평(83.85), 25평(84.77), 25평(84.48), 25평(85.04), 30평(101.27), 30평(102.21), 34평(112.78), 34평(113.93), 34평(115.05), 34평(115.05), 34평(115.05), 37평(122.36), 37평(123.6), 38평(127.98), 38평(128.21), 45평(148.8), 45평(150.27), 45평(150.31), 58평(192.97)",
            "last_sales":"2021-10-18,450000.0,45평(148.8)"
        },
        {
            "index":659,
            "아파트명":"마제스타시티힐스테이트서리풀",
            "투자타입":"일반",
            "전용면적(m2)":"88.47",
            "전용면적(평)":"26평",
            "법정동주소":"서울시 서초구 서초동 1498-5",
            "도로명주소":"서울시 서초구 서초대로38길 12",
            "세대수":0,
            "입주년차":80,
            "용적률점수":"--",
            "건폐율점수":"--",
            "세대당주차수":30,
            "난방방식":30,
            "공급면적":"--",
            "전용률":"--",
            "욕실수":100,
            "현관타입":100,
            "주거총점":43.5,
            "지역구공급총점":0.0,
            "역세권":80,
            "30분내 이동가능 거점":100,
            "1시간내 이동가능 거점":100,
            "교통총점":90.0,
            "백화점":100,
            "아울렛몰":0,
            "대형마트":80,
            "은행":100,
            "병원":60,
            "종합병원":100,
            "공원":100,
            "혐오시설":0,
            "인프라총점":81.0,
            "초등학군":94.83,
            "중학군":55.22,
            "학군총점":63.142,
            "인구수":47.98,
            "인구증감":-16.07,
            "인구총점":28.765,
            "일자리":61.8,
            "소득수준":74.81,
            "일자리총점":65.703,
            "가치 총점":73.9713,
            "매매실거래년":20210626.0,
            "매매실거래가":172000.0,
            "전세실거래년":20210727.0,
            "전세실거래가":15000.0,
            "전세가율":8.9,
            "장기전세가율평균":55.86,
            "전세가율거품지수":46.96,
            "검색코드":109213,
            "세대수":116,
            "준공년월":"2017-06-29",
            "준공년차":6,
            "가까운역이름":"서초",
            "가까운역거리":250.37,
            "역세권여부":"준역세권",
            "30분이내주요거점역":7,
            "1시간이내주요거점역":16,
            "3km이내백화점수":1,
            "5km이내아울렛몰수":0,
            "1km이내대형먀트수":1,
            "500m이내은행수":7,
            "500m이내병원수":17,
            "5km이내대형병원수":5,
            "500m이내공원수":2,
            "3km이내혐오시설수":0,
            "초등학교학업성취도":94.83,
            "중학교학업성취도":90.3,
            "용적률":399,
            "건폐율":47,
            "Y":37.490268,
            "X":127.005958,
            "rank":32.0,
            "area_info":"26평(88.47), 26평(88.02)",
            "last_sales":"2021-06-26,172000.0,26평(88.02)"
        },
        {
            "index":552,
            "아파트명":"더샵서초",
            "투자타입":"일반",
            "전용면적(m2)":"43.93",
            "전용면적(평)":"13평",
            "법정동주소":"서울시 서초구 서초동 1445-14",
            "도로명주소":"서울시 서초구 서초중앙로2길 21",
            "세대수":30,
            "입주년차":40,
            "용적률점수":"--",
            "건폐율점수":"--",
            "세대당주차수":100,
            "난방방식":100,
            "공급면적":"--",
            "전용률":"--",
            "욕실수":50,
            "현관타입":100,
            "주거총점":58.5,
            "지역구공급총점":0.0,
            "역세권":80,
            "30분내 이동가능 거점":100,
            "1시간내 이동가능 거점":100,
            "교통총점":90.0,
            "백화점":100,
            "아울렛몰":0,
            "대형마트":0,
            "은행":100,
            "병원":80,
            "종합병원":100,
            "공원":100,
            "혐오시설":0,
            "인프라총점":71.0,
            "초등학군":90.54,
            "중학군":55.22,
            "학군총점":62.284,
            "인구수":47.98,
            "인구증감":-16.07,
            "인구총점":28.765,
            "일자리":61.8,
            "소득수준":74.81,
            "일자리총점":65.703,
            "가치 총점":73.8426,
            "매매실거래년":20201028.0,
            "매매실거래가":164000.0,
            "전세실거래년":20210527.0,
            "전세실거래가":38320.0,
            "전세가율":70.96,
            "장기전세가율평균":55.86,
            "전세가율거품지수":-15.1,
            "검색코드":12232,
            "세대수":329,
            "준공년월":"2006-01-19",
            "준공년차":17,
            "가까운역이름":"남부터미널",
            "가까운역거리":214.85,
            "역세권여부":"역세권",
            "30분이내주요거점역":6,
            "1시간이내주요거점역":14,
            "3km이내백화점수":1,
            "5km이내아울렛몰수":0,
            "1km이내대형먀트수":0,
            "500m이내은행수":7,
            "500m이내병원수":34,
            "5km이내대형병원수":3,
            "500m이내공원수":4,
            "3km이내혐오시설수":0,
            "초등학교학업성취도":90.54,
            "중학교학업성취도":90.3,
            "용적률":699,
            "건폐율":46,
            "Y":37.484115,
            "X":127.018345,
            "rank":33.0,
            "area_info":"13평(43.93), 14평(47.79), 35평(118.64), 43평(144.3), 50평(165.45), 52평(172.43), 53평(177.81), 56평(186.05), 56평(186.1), 68평(227.13), 69평(229.33), 78평(258.23), 86평(286.95)",
            "last_sales":"2020-10-28,164000.0,56평(186.1)"
        },
        {
            "index":858,
            "아파트명":"서초아트자이",
            "투자타입":"일반",
            "전용면적(m2)":"181.1",
            "전용면적(평)":"54평",
            "법정동주소":"서울시 서초구 서초동 1583-10",
            "도로명주소":"서울시 서초구 반포대로 58",
            "세대수":0,
            "입주년차":60,
            "용적률점수":"--",
            "건폐율점수":"--",
            "세대당주차수":100,
            "난방방식":30,
            "공급면적":"--",
            "전용률":"--",
            "욕실수":100,
            "현관타입":100,
            "주거총점":50.0,
            "지역구공급총점":0.0,
            "역세권":80,
            "30분내 이동가능 거점":80,
            "1시간내 이동가능 거점":100,
            "교통총점":84.0,
            "백화점":100,
            "아울렛몰":0,
            "대형마트":80,
            "은행":100,
            "병원":80,
            "종합병원":100,
            "공원":100,
            "혐오시설":0,
            "인프라총점":83.0,
            "초등학군":94.83,
            "중학군":55.22,
            "학군총점":63.142,
            "인구수":47.98,
            "인구증감":-16.07,
            "인구총점":28.765,
            "일자리":61.8,
            "소득수준":74.81,
            "일자리총점":65.703,
            "가치 총점":73.7713,
            "매매실거래년":20211112.0,
            "매매실거래가":205000.0,
            "전세실거래년":20211211.0,
            "전세실거래가":120750.0,
            "전세가율":48.69,
            "장기전세가율평균":55.86,
            "전세가율거품지수":7.17,
            "검색코드":27300,
            "세대수":164,
            "준공년월":"2009-06-26",
            "준공년차":14,
            "가까운역이름":"남부터미널",
            "가까운역거리":431.67,
            "역세권여부":"준역세권",
            "30분이내주요거점역":4,
            "1시간이내주요거점역":15,
            "3km이내백화점수":1,
            "5km이내아울렛몰수":0,
            "1km이내대형먀트수":1,
            "500m이내은행수":10,
            "500m이내병원수":48,
            "5km이내대형병원수":3,
            "500m이내공원수":3,
            "3km이내혐오시설수":0,
            "초등학교학업성취도":94.83,
            "중학교학업성취도":90.3,
            "용적률":426,
            "건폐율":66,
            "Y":37.485687,
            "X":127.011371,
            "rank":34.0,
            "area_info":"54평(181.1), 62평(207.48), 101평(336.7)",
            "last_sales":"2021-11-12,205000.0,101평(336.7)"
        },
        {
            "index":583,
            "아파트명":"래미안서초스위트",
            "투자타입":"일반",
            "전용면적(m2)":"80.1",
            "전용면적(평)":"24평",
            "법정동주소":"서울시 서초구 서초동 1301-6",
            "도로명주소":"서울시 서초구 서운로 221",
            "세대수":30,
            "입주년차":60,
            "용적률점수":"--",
            "건폐율점수":"--",
            "세대당주차수":30,
            "난방방식":100,
            "공급면적":"--",
            "전용률":"--",
            "욕실수":100,
            "현관타입":100,
            "주거총점":57.0,
            "지역구공급총점":0.0,
            "역세권":80,
            "30분내 이동가능 거점":100,
            "1시간내 이동가능 거점":100,
            "교통총점":90.0,
            "백화점":100,
            "아울렛몰":0,
            "대형마트":0,
            "은행":70,
            "병원":100,
            "종합병원":100,
            "공원":100,
            "혐오시설":0,
            "인프라총점":70.0,
            "초등학군":92.89,
            "중학군":58.36,
            "학군총점":65.266,
            "인구수":47.98,
            "인구증감":-16.07,
            "인구총점":28.765,
            "일자리":61.8,
            "소득수준":74.81,
            "일자리총점":65.703,
            "가치 총점":73.6899,
            "매매실거래년":20201202.0,
            "매매실거래가":223000.0,
            "전세실거래년":20210824.0,
            "전세실거래가":24429.0,
            "전세가율":13.72,
            "장기전세가율평균":55.86,
            "전세가율거품지수":42.14,
            "검색코드":25772,
            "세대수":392,
            "준공년월":"2009-04-30",
            "준공년차":14,
            "가까운역이름":"신논현",
            "가까운역거리":494.29,
            "역세권여부":"준역세권",
            "30분이내주요거점역":6,
            "1시간이내주요거점역":16,
            "3km이내백화점수":3,
            "5km이내아울렛몰수":0,
            "1km이내대형먀트수":0,
            "500m이내은행수":4,
            "500m이내병원수":106,
            "5km이내대형병원수":4,
            "500m이내공원수":2,
            "3km이내혐오시설수":0,
            "초등학교학업성취도":92.89,
            "중학교학업성취도":93.8,
            "용적률":277,
            "건폐율":13,
            "Y":37.502179,
            "X":127.020359,
            "rank":35.0,
            "area_info":"24평(80.1), 34평(112.74), 34평(114.81), 38평(125.96), 38평(125.85), 38평(125.95)",
            "last_sales":"2020-12-02,223000.0,38평(125.95)"
        },
        {
            "index":655,
            "아파트명":"롯데캐슬클래식",
            "투자타입":"일반",
            "전용면적(m2)":"94.91",
            "전용면적(평)":"28평",
            "법정동주소":"서울시 서초구 서초동 1312-3",
            "도로명주소":"서울시 서초구 서운로 197",
            "세대수":90,
            "입주년차":40,
            "용적률점수":"--",
            "건폐율점수":"--",
            "세대당주차수":60,
            "난방방식":100,
            "공급면적":"--",
            "전용률":"--",
            "욕실수":100,
            "현관타입":100,
            "주거총점":78.5,
            "지역구공급총점":0.0,
            "역세권":50,
            "30분내 이동가능 거점":100,
            "1시간내 이동가능 거점":100,
            "교통총점":75.0,
            "백화점":100,
            "아울렛몰":0,
            "대형마트":0,
            "은행":100,
            "병원":100,
            "종합병원":100,
            "공원":100,
            "혐오시설":0,
            "인프라총점":73.0,
            "초등학군":92.89,
            "중학군":58.36,
            "학군총점":65.266,
            "인구수":47.98,
            "인구증감":-16.07,
            "인구총점":28.765,
            "일자리":61.8,
            "소득수준":74.81,
            "일자리총점":65.703,
            "가치 총점":73.6399,
            "매매실거래년":20210706.0,
            "매매실거래가":215000.0,
            "전세실거래년":20211106.0,
            "전세실거래가":88200.0,
            "전세가율":41.02,
            "장기전세가율평균":55.86,
            "전세가율거품지수":14.84,
            "검색코드":11844,
            "세대수":990,
            "준공년월":"2006-06-07",
            "준공년차":17,
            "가까운역이름":"신논현",
            "가까운역거리":537.14,
            "역세권여부":"준역세권",
            "30분이내주요거점역":7,
            "1시간이내주요거점역":14,
            "3km이내백화점수":2,
            "5km이내아울렛몰수":0,
            "1km이내대형먀트수":0,
            "500m이내은행수":8,
            "500m이내병원수":182,
            "5km이내대형병원수":4,
            "500m이내공원수":2,
            "3km이내혐오시설수":0,
            "초등학교학업성취도":92.89,
            "중학교학업성취도":93.8,
            "용적률":296,
            "건폐율":16,
            "Y":37.500515,
            "X":127.021806,
            "rank":36.0,
            "area_info":"28평(94.91), 32평(106.52), 42평(142.14), 46평(154.9)",
            "last_sales":"2021-07-06,215000.0,28평(94.91)"
        },
        {
            "index":198,
            "아파트명":"반포써밋",
            "투자타입":"일반",
            "전용면적(m2)":"77.86",
            "전용면적(평)":"23평",
            "법정동주소":"서울시 서초구 반포동 1342",
            "도로명주소":"서울시 서초구 고무래로 89",
            "세대수":80,
            "입주년차":80,
            "용적률점수":"--",
            "건폐율점수":"--",
            "세대당주차수":60,
            "난방방식":100,
            "공급면적":"--",
            "전용률":"--",
            "욕실수":100,
            "현관타입":100,
            "주거총점":83.0,
            "지역구공급총점":0.0,
            "역세권":80,
            "30분내 이동가능 거점":80,
            "1시간내 이동가능 거점":100,
            "교통총점":84.0,
            "백화점":100,
            "아울렛몰":0,
            "대형마트":0,
            "은행":0,
            "병원":60,
            "종합병원":100,
            "공원":100,
            "혐오시설":0,
            "인프라총점":59.0,
            "초등학군":92.3,
            "중학군":58.36,
            "학군총점":65.148,
            "인구수":47.98,
            "인구증감":-16.07,
            "인구총점":28.765,
            "일자리":61.8,
            "소득수준":74.81,
            "일자리총점":65.703,
            "가치 총점":73.4722,
            "매매실거래년":20200310.0,
            "매매실거래가":300000.0,
            "전세실거래년":null,
            "전세실거래가":null,
            "전세가율":null,
            "장기전세가율평균":55.86,
            "전세가율거품지수":null,
            "검색코드":111687,
            "세대수":764,
            "준공년월":"2018-09-21",
            "준공년차":5,
            "가까운역이름":"사평",
            "가까운역거리":378.21,
            "역세권여부":"준역세권",
            "30분이내주요거점역":4,
            "1시간이내주요거점역":14,
            "3km이내백화점수":2,
            "5km이내아울렛몰수":0,
            "1km이내대형먀트수":0,
            "500m이내은행수":1,
            "500m이내병원수":11,
            "5km이내대형병원수":4,
            "500m이내공원수":2,
            "3km이내혐오시설수":0,
            "초등학교학업성취도":92.3,
            "중학교학업성취도":93.8,
            "용적률":293,
            "건폐율":19,
            "Y":37.50156,
            "X":127.017953,
            "rank":37.0,
            "area_info":"23평(77.86), 23평(78.86), 23평(78.25), 32평(108.87), 33평(109.71), 33평(110.52), 33평(110.47), 41평(136.85), 41평(137.97), 43평(142.44), 51평(170.68)",
            "last_sales":"2020-03-10,300000.0,51평(170.68)"
        },
        {
            "index":469,
            "아파트명":"삼익",
            "투자타입":"재건축",
            "전용면적(m2)":"94.54",
            "전용면적(평)":"28평",
            "법정동주소":"서울시 서초구 방배동 1018-1",
            "도로명주소":"서울시 서초구 효령로34길 79",
            "세대수":50,
            "입주년차":"--",
            "용적률점수":80,
            "건폐율점수":100,
            "세대당주차수":"--",
            "난방방식":"--",
            "공급면적":70,
            "전용률":100,
            "욕실수":"--",
            "현관타입":"--",
            "주거총점":75.5,
            "지역구공급총점":0.0,
            "역세권":80,
            "30분내 이동가능 거점":80,
            "1시간내 이동가능 거점":100,
            "교통총점":84.0,
            "백화점":100,
            "아울렛몰":0,
            "대형마트":0,
            "은행":70,
            "병원":60,
            "종합병원":100,
            "공원":100,
            "혐오시설":0,
            "인프라총점":66.0,
            "초등학군":92.76,
            "중학군":53.06,
            "학군총점":61.0,
            "인구수":47.98,
            "인구증감":-16.07,
            "인구총점":28.765,
            "일자리":61.8,
            "소득수준":74.81,
            "일자리총점":65.703,
            "가치 총점":73.45,
            "매매실거래년":20210724.0,
            "매매실거래가":260000.0,
            "전세실거래년":20210809.0,
            "전세실거래가":30000.0,
            "전세가율":16.67,
            "장기전세가율평균":55.86,
            "전세가율거품지수":39.19,
            "검색코드":467,
            "세대수":408,
            "준공년월":"1981-12-16",
            "준공년차":42,
            "가까운역이름":"방배",
            "가까운역거리":406.64,
            "역세권여부":"준역세권",
            "30분이내주요거점역":4,
            "1시간이내주요거점역":15,
            "3km이내백화점수":1,
            "5km이내아울렛몰수":0,
            "1km이내대형먀트수":0,
            "500m이내은행수":4,
            "500m이내병원수":23,
            "5km이내대형병원수":4,
            "500m이내공원수":3,
            "3km이내혐오시설수":0,
            "초등학교학업성취도":92.76,
            "중학교학업성취도":87.7,
            "용적률":161,
            "건폐율":14,
            "Y":37.479459,
            "X":127.001481,
            "rank":38.0,
            "area_info":"28평(94.54), 28평(94.71), 28평(94.88), 28평(95.14), 29평(96.89), 49평(163.47)",
            "last_sales":"2021-07-24,260000.0,49평(163.47)"
        },
        {
            "index":76,
            "아파트명":"디에이치라클라스",
            "투자타입":"일반",
            "전용면적(m2)":"69.11",
            "전용면적(평)":"20평",
            "법정동주소":"서울시 서초구 반포동 1343",
            "도로명주소":"서울시 서초구 서초중앙로 206",
            "세대수":80,
            "입주년차":100,
            "용적률점수":"--",
            "건폐율점수":"--",
            "세대당주차수":60,
            "난방방식":100,
            "공급면적":"--",
            "전용률":"--",
            "욕실수":50,
            "현관타입":100,
            "주거총점":82.0,
            "지역구공급총점":0.0,
            "역세권":80,
            "30분내 이동가능 거점":60,
            "1시간내 이동가능 거점":100,
            "교통총점":78.0,
            "백화점":100,
            "아울렛몰":0,
            "대형마트":0,
            "은행":70,
            "병원":80,
            "종합병원":100,
            "공원":0,
            "혐오시설":0,
            "인프라총점":65.0,
            "초등학군":92.3,
            "중학군":58.14,
            "학군총점":64.972,
            "인구수":47.98,
            "인구증감":-16.07,
            "인구총점":28.765,
            "일자리":61.8,
            "소득수준":74.81,
            "일자리총점":65.703,
            "가치 총점":72.9458,
            "매매실거래년":"18000101",
            "매매실거래가":null,
            "전세실거래년":null,
            "전세실거래가":null,
            "전세가율":null,
            "장기전세가율평균":55.86,
            "전세가율거품지수":null,
            "검색코드":125080,
            "세대수":848,
            "준공년월":"2021-06-04",
            "준공년차":2,
            "가까운역이름":"사평",
            "가까운역거리":405.7,
            "역세권여부":"준역세권",
            "30분이내주요거점역":3,
            "1시간이내주요거점역":14,
            "3km이내백화점수":1,
            "5km이내아울렛몰수":0,
            "1km이내대형먀트수":0,
            "500m이내은행수":4,
            "500m이내병원수":40,
            "5km이내대형병원수":5,
            "500m이내공원수":0,
            "3km이내혐오시설수":0,
            "초등학교학업성취도":92.3,
            "중학교학업성취도":94.1,
            "용적률":299,
            "건폐율":17,
            "Y":37.500695,
            "X":127.014008,
            "rank":39.0,
            "area_info":"20평(69.11), 24평(81.05), 24평(81.25), 24평(81.8), 33평(111.35), 34평(112.57), 33평(112.19), 34평(112.73), 41평(137.86), 41평(138.76), 45평(151.46), 52평(173.86)",
            "last_sales":"1800-01-01,nan,20평(69.11)"
        },
        {
            "index":360,
            "아파트명":"방배롯데캐슬로제",
            "투자타입":"일반",
            "전용면적(m2)":"202.76",
            "전용면적(평)":"61평",
            "법정동주소":"서울시 서초구 방배동 849-30",
            "도로명주소":"서울시 서초구 방배로26길 41",
            "세대수":0,
            "입주년차":60,
            "용적률점수":"--",
            "건폐율점수":"--",
            "세대당주차수":100,
            "난방방식":30,
            "공급면적":"--",
            "전용률":"--",
            "욕실수":100,
            "현관타입":100,
            "주거총점":50.0,
            "지역구공급총점":0.0,
            "역세권":80,
            "30분내 이동가능 거점":80,
            "1시간내 이동가능 거점":100,
            "교통총점":84.0,
            "백화점":100,
            "아울렛몰":0,
            "대형마트":80,
            "은행":100,
            "병원":60,
            "종합병원":100,
            "공원":80,
            "혐오시설":0,
            "인프라총점":80.4,
            "초등학군":93.56,
            "중학군":55.06,
            "학군총점":62.76,
            "인구수":47.98,
            "인구증감":-16.07,
            "인구총점":28.765,
            "일자리":61.8,
            "소득수준":74.81,
            "일자리총점":65.703,
            "가치 총점":72.934,
            "매매실거래년":20211213.0,
            "매매실거래가":335000.0,
            "전세실거래년":20210710.0,
            "전세실거래가":230000.0,
            "전세가율":75.41,
            "장기전세가율평균":55.86,
            "전세가율거품지수":-19.55,
            "검색코드":26687,
            "세대수":130,
            "준공년월":"2009-07-01",
            "준공년차":14,
            "가까운역이름":"내방",
            "가까운역거리":305.58,
            "역세권여부":"준역세권",
            "30분이내주요거점역":4,
            "1시간이내주요거점역":17,
            "3km이내백화점수":1,
            "5km이내아울렛몰수":0,
            "1km이내대형먀트수":1,
            "500m이내은행수":7,
            "500m이내병원수":27,
            "5km이내대형병원수":5,
            "500m이내공원수":1,
            "3km이내혐오시설수":0,
            "초등학교학업성취도":93.56,
            "중학교학업성취도":89.7,
            "용적률":209,
            "건폐율":28,
            "Y":37.490222,
            "X":126.99462,
            "rank":40.0,
            "area_info":"61평(202.76), 72평(238.4), 72평(240.42), 88평(292.65)",
            "last_sales":"2021-12-13,335000.0,72평(240.42)"
        },
        {
            "index":1285,
            "아파트명":"잠원월드메르디앙",
            "투자타입":"일반",
            "전용면적(m2)":"107.46",
            "전용면적(평)":"32평",
            "법정동주소":"서울시 서초구 잠원동 33-11",
            "도로명주소":"서울시 서초구 신반포로45길 71",
            "세대수":0,
            "입주년차":20,
            "용적률점수":"--",
            "건폐율점수":"--",
            "세대당주차수":30,
            "난방방식":30,
            "공급면적":"--",
            "전용률":"--",
            "욕실수":100,
            "현관타입":100,
            "주거총점":31.5,
            "지역구공급총점":0.0,
            "역세권":80,
            "30분내 이동가능 거점":100,
            "1시간내 이동가능 거점":100,
            "교통총점":90.0,
            "백화점":100,
            "아울렛몰":0,
            "대형마트":80,
            "은행":100,
            "병원":100,
            "종합병원":100,
            "공원":100,
            "혐오시설":0,
            "인프라총점":85.0,
            "초등학군":90.88,
            "중학군":56.64,
            "학군총점":63.488,
            "인구수":47.98,
            "인구증감":-16.07,
            "인구총점":28.765,
            "일자리":61.8,
            "소득수준":74.81,
            "일자리총점":65.703,
            "가치 총점":72.8232,
            "매매실거래년":20211010.0,
            "매매실거래가":179000.0,
            "전세실거래년":20211130.0,
            "전세실거래가":75000.0,
            "전세가율":41.9,
            "장기전세가율평균":55.86,
            "전세가율거품지수":13.96,
            "검색코드":3416,
            "세대수":107,
            "준공년월":"2002-02-21",
            "준공년차":21,
            "가까운역이름":"잠원",
            "가까운역거리":448.67,
            "역세권여부":"준역세권",
            "30분이내주요거점역":7,
            "1시간이내주요거점역":11,
            "3km이내백화점수":3,
            "5km이내아울렛몰수":0,
            "1km이내대형먀트수":1,
            "500m이내은행수":6,
            "500m이내병원수":61,
            "5km이내대형병원수":5,
            "500m이내공원수":3,
            "3km이내혐오시설수":0,
            "초등학교학업성취도":90.88,
            "중학교학업성취도":91.2,
            "용적률":291,
            "건폐율":29,
            "Y":37.512535,
            "X":127.016299,
            "rank":41.0,
            "area_info":"32평(107.46), 44평(146.22)",
            "last_sales":"2021-10-10,179000.0,32평(107.46)"
        },
        {
            "index":1051,
            "아파트명":"현대성우",
            "투자타입":"일반",
            "전용면적(m2)":"156.17",
            "전용면적(평)":"47평",
            "법정동주소":"서울시 서초구 서초동 1316-15",
            "도로명주소":"서울시 서초구 강남대로61길 23",
            "세대수":0,
            "입주년차":20,
            "용적률점수":"--",
            "건폐율점수":"--",
            "세대당주차수":100,
            "난방방식":100,
            "공급면적":"--",
            "전용률":"--",
            "욕실수":100,
            "현관타입":100,
            "주거총점":49.0,
            "지역구공급총점":0.0,
            "역세권":80,
            "30분내 이동가능 거점":100,
            "1시간내 이동가능 거점":100,
            "교통총점":90.0,
            "백화점":100,
            "아울렛몰":0,
            "대형마트":0,
            "은행":100,
            "병원":100,
            "종합병원":100,
            "공원":80,
            "혐오시설":0,
            "인프라총점":72.4,
            "초등학군":92.89,
            "중학군":58.36,
            "학군총점":65.266,
            "인구수":47.98,
            "인구증감":-16.07,
            "인구총점":28.765,
            "일자리":61.8,
            "소득수준":74.81,
            "일자리총점":65.703,
            "가치 총점":72.8099,
            "매매실거래년":20201024.0,
            "매매실거래가":158000.0,
            "전세실거래년":20191221.0,
            "전세실거래가":115000.0,
            "전세가율":83.03,
            "장기전세가율평균":55.86,
            "전세가율거품지수":-27.17,
            "검색코드":9785,
            "세대수":138,
            "준공년월":"2002-11-28",
            "준공년차":21,
            "가까운역이름":"강남",
            "가까운역거리":324.28,
            "역세권여부":"준역세권",
            "30분이내주요거점역":8,
            "1시간이내주요거점역":15,
            "3km이내백화점수":2,
            "5km이내아울렛몰수":0,
            "1km이내대형먀트수":0,
            "500m이내은행수":18,
            "500m이내병원수":180,
            "5km이내대형병원수":4,
            "500m이내공원수":1,
            "3km이내혐오시설수":0,
            "초등학교학업성취도":92.89,
            "중학교학업성취도":93.8,
            "용적률":969,
            "건폐율":67,
            "Y":37.498107,
            "X":127.024443,
            "rank":42.0,
            "area_info":"47평(156.17), 53평(176.6), 53평(176.49), 53평(176.85), 54평(181.23), 57평(189.43), 57평(191.5), 58평(193.5), 59평(198.1), 59평(198.18), 61평(203.97), 62평(206.6), 86평(285.61)",
            "last_sales":"2020-10-24,158000.0,59평(198.18)"
        },
        {
            "index":1064,
            "아파트명":"현대슈퍼빌",
            "투자타입":"일반",
            "전용면적(m2)":"204.96",
            "전용면적(평)":"62평",
            "법정동주소":"서울시 서초구 서초동 1446-11",
            "도로명주소":"서울시 서초구 서초중앙로 15",
            "세대수":50,
            "입주년차":20,
            "용적률점수":"--",
            "건폐율점수":"--",
            "세대당주차수":80,
            "난방방식":100,
            "공급면적":"--",
            "전용률":"--",
            "욕실수":100,
            "현관타입":100,
            "주거총점":63.5,
            "지역구공급총점":0.0,
            "역세권":80,
            "30분내 이동가능 거점":80,
            "1시간내 이동가능 거점":100,
            "교통총점":84.0,
            "백화점":100,
            "아울렛몰":0,
            "대형마트":0,
            "은행":100,
            "병원":80,
            "종합병원":100,
            "공원":100,
            "혐오시설":0,
            "인프라총점":71.0,
            "초등학군":90.54,
            "중학군":55.22,
            "학군총점":62.284,
            "인구수":47.98,
            "인구증감":-16.07,
            "인구총점":28.765,
            "일자리":61.8,
            "소득수준":74.81,
            "일자리총점":65.703,
            "가치 총점":72.7426,
            "매매실거래년":20211112.0,
            "매매실거래가":275000.0,
            "전세실거래년":20190608.0,
            "전세실거래가":120000.0,
            "전세가율":50.42,
            "장기전세가율평균":55.86,
            "전세가율거품지수":5.44,
            "검색코드":3410,
            "세대수":645,
            "준공년월":"2003-10-13",
            "준공년차":20,
            "가까운역이름":"남부터미널",
            "가까운역거리":243.45,
            "역세권여부":"역세권",
            "30분이내주요거점역":4,
            "1시간이내주요거점역":13,
            "3km이내백화점수":1,
            "5km이내아울렛몰수":0,
            "1km이내대형먀트수":0,
            "500m이내은행수":6,
            "500m이내병원수":35,
            "5km이내대형병원수":3,
            "500m이내공원수":2,
            "3km이내혐오시설수":0,
            "초등학교학업성취도":90.54,
            "중학교학업성취도":90.3,
            "용적률":584,
            "건폐율":25,
            "Y":37.482825,
            "X":127.016089,
            "rank":43.0,
            "area_info":"62평(204.96), 63평(211.57), 69평(228.1), 77평(254.55), 86평(284.3), 89평(297.52), 89평(297.52), 93평(307.44), 100평(330.58), 101평(337.19)",
            "last_sales":"2021-11-12,275000.0,69평(228.1)"
        },
        {
            "index":1190,
            "아파트명":"금호베스트빌",
            "투자타입":"일반",
            "전용면적(m2)":"101.34",
            "전용면적(평)":"30평",
            "법정동주소":"서울시 서초구 잠원동 58",
            "도로명주소":"서울시 서초구 나루터로 46",
            "세대수":0,
            "입주년차":20,
            "용적률점수":"--",
            "건폐율점수":"--",
            "세대당주차수":80,
            "난방방식":100,
            "공급면적":"--",
            "전용률":"--",
            "욕실수":100,
            "현관타입":100,
            "주거총점":46.0,
            "지역구공급총점":0.0,
            "역세권":80,
            "30분내 이동가능 거점":100,
            "1시간내 이동가능 거점":100,
            "교통총점":90.0,
            "백화점":100,
            "아울렛몰":0,
            "대형마트":80,
            "은행":20,
            "병원":80,
            "종합병원":100,
            "공원":100,
            "혐오시설":0,
            "인프라총점":75.0,
            "초등학군":90.88,
            "중학군":56.64,
            "학군총점":63.488,
            "인구수":47.98,
            "인구증감":-16.07,
            "인구총점":28.765,
            "일자리":61.8,
            "소득수준":74.81,
            "일자리총점":65.703,
            "가치 총점":72.7232,
            "매매실거래년":20210916.0,
            "매매실거래가":250000.0,
            "전세실거래년":20210226.0,
            "전세실거래가":140000.0,
            "전세가율":56.0,
            "장기전세가율평균":55.86,
            "전세가율거품지수":-0.14,
            "검색코드":3413,
            "세대수":117,
            "준공년월":"2002-11-04",
            "준공년차":21,
            "가까운역이름":"잠원",
            "가까운역거리":338.11,
            "역세권여부":"준역세권",
            "30분이내주요거점역":6,
            "1시간이내주요거점역":11,
            "3km이내백화점수":3,
            "5km이내아울렛몰수":0,
            "1km이내대형먀트수":1,
            "500m이내은행수":2,
            "500m이내병원수":54,
            "5km이내대형병원수":5,
            "500m이내공원수":5,
            "3km이내혐오시설수":0,
            "초등학교학업성취도":90.88,
            "중학교학업성취도":91.2,
            "용적률":298,
            "건폐율":23,
            "Y":37.514715,
            "X":127.014155,
            "rank":44.0,
            "area_info":"30평(101.34), 50평(166.07)",
            "last_sales":"2021-09-16,250000.0,30평(101.34)"
        },
        {
            "index":914,
            "아파트명":"서초한빛삼성",
            "투자타입":"일반",
            "전용면적(m2)":"84.96",
            "전용면적(평)":"25평",
            "법정동주소":"서울시 서초구 서초동 1509-1",
            "도로명주소":"서울시 서초구 서초대로40길 72",
            "세대수":0,
            "입주년차":20,
            "용적률점수":"--",
            "건폐율점수":"--",
            "세대당주차수":60,
            "난방방식":30,
            "공급면적":"--",
            "전용률":"--",
            "욕실수":100,
            "현관타입":100,
            "주거총점":36.0,
            "지역구공급총점":0.0,
            "역세권":80,
            "30분내 이동가능 거점":100,
            "1시간내 이동가능 거점":100,
            "교통총점":90.0,
            "백화점":100,
            "아울렛몰":0,
            "대형마트":80,
            "은행":100,
            "병원":60,
            "종합병원":100,
            "공원":100,
            "혐오시설":0,
            "인프라총점":81.0,
            "초등학군":94.83,
            "중학군":55.22,
            "학군총점":63.142,
            "인구수":47.98,
            "인구증감":-16.07,
            "인구총점":28.765,
            "일자리":61.8,
            "소득수준":74.81,
            "일자리총점":65.703,
            "가치 총점":72.4713,
            "매매실거래년":20210719.0,
            "매매실거래가":133000.0,
            "전세실거래년":20211222.0,
            "전세실거래가":60900.0,
            "전세가율":45.79,
            "장기전세가율평균":55.86,
            "전세가율거품지수":10.07,
            "검색코드":1167,
            "세대수":264,
            "준공년월":"1999-11-26",
            "준공년차":24,
            "가까운역이름":"서초",
            "가까운역거리":388.21,
            "역세권여부":"준역세권",
            "30분이내주요거점역":6,
            "1시간이내주요거점역":16,
            "3km이내백화점수":1,
            "5km이내아울렛몰수":0,
            "1km이내대형먀트수":1,
            "500m이내은행수":8,
            "500m이내병원수":19,
            "5km이내대형병원수":4,
            "500m이내공원수":3,
            "3km이내혐오시설수":0,
            "초등학교학업성취도":94.83,
            "중학교학업성취도":90.3,
            "용적률":281,
            "건폐율":23,
            "Y":37.488406,
            "X":127.007863,
            "rank":45.0,
            "area_info":"25평(84.96), 38평(126.22), 38평(126.18), 42평(140.87)",
            "last_sales":"2021-07-19,133000.0,25평(84.96)"
        },
        {
            "index":668,
            "아파트명":"삼성서초가든스위트",
            "투자타입":"일반",
            "전용면적(m2)":"236.14",
            "전용면적(평)":"71평",
            "법정동주소":"서울시 서초구 서초동 1326",
            "도로명주소":"서울시 서초구 서운로 122",
            "세대수":0,
            "입주년차":20,
            "용적률점수":"--",
            "건폐율점수":"--",
            "세대당주차수":100,
            "난방방식":80,
            "공급면적":"--",
            "전용률":"--",
            "욕실수":100,
            "현관타입":100,
            "주거총점":47.0,
            "지역구공급총점":0.0,
            "역세권":80,
            "30분내 이동가능 거점":100,
            "1시간내 이동가능 거점":100,
            "교통총점":90.0,
            "백화점":100,
            "아울렛몰":0,
            "대형마트":0,
            "은행":100,
            "병원":100,
            "종합병원":100,
            "공원":0,
            "혐오시설":0,
            "인프라총점":70.0,
            "초등학군":100.0,
            "중학군":58.66,
            "학군총점":66.928,
            "인구수":47.98,
            "인구증감":-16.07,
            "인구총점":28.765,
            "일자리":61.8,
            "소득수준":74.81,
            "일자리총점":65.703,
            "가치 총점":71.9392,
            "매매실거래년":20200327.0,
            "매매실거래가":370000.0,
            "전세실거래년":null,
            "전세실거래가":null,
            "전세가율":null,
            "장기전세가율평균":55.86,
            "전세가율거품지수":null,
            "검색코드":3008,
            "세대수":141,
            "준공년월":"2000-06-24",
            "준공년차":23,
            "가까운역이름":"강남",
            "가까운역거리":317.28,
            "역세권여부":"준역세권",
            "30분이내주요거점역":6,
            "1시간이내주요거점역":14,
            "3km이내백화점수":2,
            "5km이내아울렛몰수":0,
            "1km이내대형먀트수":0,
            "500m이내은행수":22,
            "500m이내병원수":128,
            "5km이내대형병원수":4,
            "500m이내공원수":0,
            "3km이내혐오시설수":0,
            "초등학교학업성취도":100.0,
            "중학교학업성취도":95.5,
            "용적률":277,
            "건폐율":24,
            "Y":37.494845,
            "X":127.02585,
            "rank":46.0,
            "area_info":"71평(236.14), 72평(238.46), 72평(238.5), 72평(238.91), 72평(238.26), 72평(239.04), 77평(255.74), 79평(263.38), 80평(267.67), 81평(268.53), 82평(273.03), 83평(275.44), 86평(287.01), 107평(353.93), 106평(353.58), 107평(354.1), 107평(354.43), 107평(354.48), 107평(354.59), 107평(354.94), 107평(355.07), 107평(355.28), 107평(355.48), 107평(355.33)",
            "last_sales":"2020-03-27,370000.0,107평(355.33)"
        },
        {
            "index":385,
            "아파트명":"방배브라운스톤",
            "투자타입":"일반",
            "전용면적(m2)":"94.56",
            "전용면적(평)":"28평",
            "법정동주소":"서울시 서초구 방배동 899-16",
            "도로명주소":"서울시 서초구 서초대로26길 19",
            "세대수":0,
            "입주년차":40,
            "용적률점수":"--",
            "건폐율점수":"--",
            "세대당주차수":60,
            "난방방식":30,
            "공급면적":"--",
            "전용률":"--",
            "욕실수":50,
            "현관타입":100,
            "주거총점":35.0,
            "지역구공급총점":0.0,
            "역세권":80,
            "30분내 이동가능 거점":100,
            "1시간내 이동가능 거점":100,
            "교통총점":90.0,
            "백화점":100,
            "아울렛몰":0,
            "대형마트":80,
            "은행":100,
            "병원":80,
            "종합병원":100,
            "공원":80,
            "혐오시설":0,
            "인프라총점":82.4,
            "초등학군":92.76,
            "중학군":48.46,
            "학군총점":57.32,
            "인구수":47.98,
            "인구증감":-16.07,
            "인구총점":28.765,
            "일자리":61.8,
            "소득수준":74.81,
            "일자리총점":65.703,
            "가치 총점":71.818,
            "매매실거래년":20180820.0,
            "매매실거래가":150000.0,
            "전세실거래년":null,
            "전세실거래가":null,
            "전세가율":null,
            "장기전세가율평균":55.86,
            "전세가율거품지수":null,
            "검색코드":13140,
            "세대수":145,
            "준공년월":"2005-08-17",
            "준공년차":18,
            "가까운역이름":"내방",
            "가까운역거리":172.4,
            "역세권여부":"역세권",
            "30분이내주요거점역":7,
            "1시간이내주요거점역":17,
            "3km이내백화점수":1,
            "5km이내아울렛몰수":0,
            "1km이내대형먀트수":1,
            "500m이내은행수":5,
            "500m이내병원수":46,
            "5km이내대형병원수":4,
            "500m이내공원수":1,
            "3km이내혐오시설수":0,
            "초등학교학업성취도":92.76,
            "중학교학업성취도":78.9,
            "용적률":249,
            "건폐율":23,
            "Y":37.48693,
            "X":126.995264,
            "rank":47.0,
            "area_info":"28평(94.56), 32평(106.08), 32평(106.71), 32평(106.64), 32평(107.03), 36평(121.76), 43평(143.07)",
            "last_sales":"2018-08-20,150000.0,43평(143.07)"
        },
        {
            "index":589,
            "아파트명":"래미안서초에스티지",
            "투자타입":"일반",
            "전용면적(m2)":"85.16",
            "전용면적(평)":"25평",
            "법정동주소":"서울시 서초구 서초동 1332-13",
            "도로명주소":"서울시 서초구 서운로 107",
            "세대수":50,
            "입주년차":80,
            "용적률점수":"--",
            "건폐율점수":"--",
            "세대당주차수":60,
            "난방방식":100,
            "공급면적":"--",
            "전용률":"--",
            "욕실수":100,
            "현관타입":100,
            "주거총점":72.5,
            "지역구공급총점":0.0,
            "역세권":50,
            "30분내 이동가능 거점":100,
            "1시간내 이동가능 거점":100,
            "교통총점":75.0,
            "백화점":100,
            "아울렛몰":0,
            "대형마트":0,
            "은행":100,
            "병원":100,
            "종합병원":100,
            "공원":0,
            "혐오시설":0,
            "인프라총점":70.0,
            "초등학군":100.0,
            "중학군":58.66,
            "학군총점":66.928,
            "인구수":47.98,
            "인구증감":-16.07,
            "인구총점":28.765,
            "일자리":61.8,
            "소득수준":74.81,
            "일자리총점":65.703,
            "가치 총점":71.7892,
            "매매실거래년":20180106.0,
            "매매실거래가":205000.0,
            "전세실거래년":20211031.0,
            "전세실거래가":55125.0,
            "전세가율":null,
            "장기전세가율평균":55.86,
            "전세가율거품지수":null,
            "검색코드":110364,
            "세대수":421,
            "준공년월":"2016-12-23",
            "준공년차":7,
            "가까운역이름":"강남",
            "가까운역거리":540.5,
            "역세권여부":"준역세권",
            "30분이내주요거점역":5,
            "1시간이내주요거점역":14,
            "3km이내백화점수":2,
            "5km이내아울렛몰수":0,
            "1km이내대형먀트수":0,
            "500m이내은행수":11,
            "500m이내병원수":85,
            "5km이내대형병원수":4,
            "500m이내공원수":0,
            "3km이내혐오시설수":0,
            "초등학교학업성취도":100.0,
            "중학교학업성취도":95.5,
            "용적률":299,
            "건폐율":18,
            "Y":37.492833,
            "X":127.025172,
            "rank":48.0,
            "area_info":"25평(85.16), 25평(85.76), 33평(109.34), 33평(110.37), 33평(111.18), 40평(134.94), 40평(134.47), 47평(156.68), 48평(160.11), 52평(174.17), 55평(182.53), 55평(183.93)",
            "last_sales":"2018-01-06,205000.0,52평(174.17)"
        },
        {
            "index":608,
            "아파트명":"래미안서초유니빌",
            "투자타입":"일반",
            "전용면적(m2)":"46.34",
            "전용면적(평)":"14평",
            "법정동주소":"서울시 서초구 서초동 1445-4",
            "도로명주소":"서울시 서초구 서초중앙로 26",
            "세대수":50,
            "입주년차":20,
            "용적률점수":"--",
            "건폐율점수":"--",
            "세대당주차수":0,
            "난방방식":30,
            "공급면적":"--",
            "전용률":"--",
            "욕실수":50,
            "현관타입":10,
            "주거총점":30.5,
            "지역구공급총점":0.0,
            "역세권":100,
            "30분내 이동가능 거점":100,
            "1시간내 이동가능 거점":100,
            "교통총점":100.0,
            "백화점":100,
            "아울렛몰":0,
            "대형마트":0,
            "은행":100,
            "병원":80,
            "종합병원":100,
            "공원":100,
            "혐오시설":0,
            "인프라총점":71.0,
            "초등학군":90.54,
            "중학군":55.22,
            "학군총점":62.284,
            "인구수":47.98,
            "인구증감":-16.07,
            "인구총점":28.765,
            "일자리":61.8,
            "소득수준":74.81,
            "일자리총점":65.703,
            "가치 총점":71.7426,
            "매매실거래년":20210312.0,
            "매매실거래가":71900.0,
            "전세실거래년":20200710.0,
            "전세실거래가":28000.0,
            "전세가율":80.46,
            "장기전세가율평균":55.86,
            "전세가율거품지수":-24.6,
            "검색코드":11539,
            "세대수":440,
            "준공년월":"2003-08-22",
            "준공년차":20,
            "가까운역이름":"남부터미널",
            "가까운역거리":81.35,
            "역세권여부":"초역세권",
            "30분이내주요거점역":7,
            "1시간이내주요거점역":15,
            "3km이내백화점수":1,
            "5km이내아울렛몰수":0,
            "1km이내대형먀트수":0,
            "500m이내은행수":8,
            "500m이내병원수":42,
            "5km이내대형병원수":3,
            "500m이내공원수":3,
            "3km이내혐오시설수":0,
            "초등학교학업성취도":90.54,
            "중학교학업성취도":90.3,
            "용적률":977,
            "건폐율":59,
            "Y":37.484562,
            "X":127.016915,
            "rank":49.0,
            "area_info":"14평(46.34), 14평(48.15), 15평(49.81), 15평(50.13), 17평(57.16), 17평(57.15), 17평(59.37), 17평(59.37), 18평(60.49), 18평(61.59), 18평(61.59), 18평(61.58), 19평(63.08), 19평(63.08), 19평(64.45), 19평(64.45), 20평(67.7), 20평(67.69), 20평(68.3), 20평(68.3), 20평(68.59), 20평(68.59), 21평(70.43), 21평(70.42), 23평(76.68), 24평(79.75), 24평(82.54), 27평(90.38), 27평(90.38)",
            "last_sales":"2021-03-12,71900.0,24평(79.75)"
        },
        {
            "index":428,
            "아파트명":"방배아트자이",
            "투자타입":"일반",
            "전용면적(m2)":"80.56",
            "전용면적(평)":"24평",
            "법정동주소":"서울시 서초구 방배동 3278",
            "도로명주소":"서울시 서초구 명달로9길 57",
            "세대수":30,
            "입주년차":80,
            "용적률점수":"--",
            "건폐율점수":"--",
            "세대당주차수":60,
            "난방방식":100,
            "공급면적":"--",
            "전용률":"--",
            "욕실수":100,
            "현관타입":100,
            "주거총점":65.5,
            "지역구공급총점":0.0,
            "역세권":80,
            "30분내 이동가능 거점":80,
            "1시간내 이동가능 거점":100,
            "교통총점":84.0,
            "백화점":100,
            "아울렛몰":0,
            "대형마트":0,
            "은행":70,
            "병원":60,
            "종합병원":100,
            "공원":100,
            "혐오시설":0,
            "인프라총점":66.0,
            "초등학군":92.76,
            "중학군":55.22,
            "학군총점":62.728,
            "인구수":47.98,
            "인구증감":-16.07,
            "인구총점":28.765,
            "일자리":61.8,
            "소득수준":74.81,
            "일자리총점":65.703,
            "가치 총점":71.7092,
            "매매실거래년":20210712.0,
            "매매실거래가":240000.0,
            "전세실거래년":20211127.0,
            "전세실거래가":100000.0,
            "전세가율":58.48,
            "장기전세가율평균":55.86,
            "전세가율거품지수":-2.62,
            "검색코드":115037,
            "세대수":353,
            "준공년월":"2018-10-01",
            "준공년차":5,
            "가까운역이름":"방배",
            "가까운역거리":443.7,
            "역세권여부":"준역세권",
            "30분이내주요거점역":4,
            "1시간이내주요거점역":16,
            "3km이내백화점수":1,
            "5km이내아울렛몰수":0,
            "1km이내대형먀트수":0,
            "500m이내은행수":4,
            "500m이내병원수":19,
            "5km이내대형병원수":4,
            "500m이내공원수":3,
            "3km이내혐오시설수":0,
            "초등학교학업성취도":92.76,
            "중학교학업성취도":90.3,
            "용적률":243,
            "건폐율":28,
            "Y":37.480072,
            "X":127.002326,
            "rank":50.0,
            "area_info":"24평(80.56), 24평(80.75), 24평(80.58), 32평(108.8), 32평(108.77), 33평(109.43), 47평(156.58), 48평(159.29)",
            "last_sales":"2021-07-12,240000.0,33평(109.43)"
        },
        {
            "index":701,
            "아파트명":"삼풍",
            "투자타입":"재건축",
            "전용면적(m2)":"107.48",
            "전용면적(평)":"32평",
            "법정동주소":"서울시 서초구 서초동 1685",
            "도로명주소":"서울시 서초구 서초중앙로 200",
            "세대수":100,
            "입주년차":"--",
            "용적률점수":60,
            "건폐율점수":100,
            "세대당주차수":"--",
            "난방방식":"--",
            "공급면적":90,
            "전용률":60,
            "욕실수":"--",
            "현관타입":"--",
            "주거총점":81.5,
            "지역구공급총점":0.0,
            "역세권":50,
            "30분내 이동가능 거점":80,
            "1시간내 이동가능 거점":100,
            "교통총점":69.0,
            "백화점":100,
            "아울렛몰":0,
            "대형마트":0,
            "은행":100,
            "병원":80,
            "종합병원":100,
            "공원":80,
            "혐오시설":0,
            "인프라총점":70.4,
            "초등학군":92.39,
            "중학군":58.36,
            "학군총점":65.166,
            "인구수":47.98,
            "인구증감":-16.07,
            "인구총점":28.765,
            "일자리":61.8,
            "소득수준":74.81,
            "일자리총점":65.703,
            "가치 총점":71.3449,
            "매매실거래년":20211112.0,
            "매매실거래가":265000.0,
            "전세실거래년":20211230.0,
            "전세실거래가":68250.0,
            "전세가율":25.75,
            "장기전세가율평균":55.86,
            "전세가율거품지수":30.11,
            "검색코드":481,
            "세대수":2390,
            "준공년월":"1988-07-20",
            "준공년차":35,
            "가까운역이름":"사평",
            "가까운역거리":563.13,
            "역세권여부":"준역세권",
            "30분이내주요거점역":4,
            "1시간이내주요거점역":15,
            "3km이내백화점수":1,
            "5km이내아울렛몰수":0,
            "1km이내대형먀트수":0,
            "500m이내은행수":6,
            "500m이내병원수":48,
            "5km이내대형병원수":5,
            "500m이내공원수":1,
            "3km이내혐오시설수":0,
            "초등학교학업성취도":92.39,
            "중학교학업성취도":93.8,
            "용적률":221,
            "건폐율":16,
            "Y":37.499179,
            "X":127.016033,
            "rank":51.0,
            "area_info":"32평(107.48), 45평(151.0), 46평(154.33), 56평(185.91), 57평(189.05), 58평(192.9)",
            "last_sales":"2021-11-12,265000.0,32평(107.48)"
        },
        {
            "index":440,
            "아파트명":"방배자이",
            "투자타입":"일반",
            "전용면적(m2)":"185.43",
            "전용면적(평)":"56평",
            "법정동주소":"서울시 서초구 방배동 888-53",
            "도로명주소":"서울시 서초구 방배로18길 67",
            "세대수":0,
            "입주년차":20,
            "용적률점수":"--",
            "건폐율점수":"--",
            "세대당주차수":100,
            "난방방식":30,
            "공급면적":"--",
            "전용률":"--",
            "욕실수":100,
            "현관타입":100,
            "주거총점":42.0,
            "지역구공급총점":0.0,
            "역세권":80,
            "30분내 이동가능 거점":80,
            "1시간내 이동가능 거점":100,
            "교통총점":84.0,
            "백화점":100,
            "아울렛몰":0,
            "대형마트":80,
            "은행":70,
            "병원":80,
            "종합병원":100,
            "공원":80,
            "혐오시설":0,
            "인프라총점":79.4,
            "초등학군":92.76,
            "중학군":55.06,
            "학군총점":62.6,
            "인구수":47.98,
            "인구증감":-16.07,
            "인구총점":28.765,
            "일자리":61.8,
            "소득수준":74.81,
            "일자리총점":65.703,
            "가치 총점":71.01,
            "매매실거래년":20210531.0,
            "매매실거래가":220000.0,
            "전세실거래년":20210712.0,
            "전세실거래가":140000.0,
            "전세가율":63.64,
            "장기전세가율평균":55.86,
            "전세가율거품지수":-7.78,
            "검색코드":8760,
            "세대수":136,
            "준공년월":"2003-11-01",
            "준공년차":20,
            "가까운역이름":"내방",
            "가까운역거리":485.82,
            "역세권여부":"준역세권",
            "30분이내주요거점역":4,
            "1시간이내주요거점역":15,
            "3km이내백화점수":1,
            "5km이내아울렛몰수":0,
            "1km이내대형먀트수":1,
            "500m이내은행수":4,
            "500m이내병원수":33,
            "5km이내대형병원수":4,
            "500m이내공원수":1,
            "3km이내혐오시설수":0,
            "초등학교학업성취도":92.76,
            "중학교학업성취도":89.7,
            "용적률":294,
            "건폐율":30,
            "Y":37.486663,
            "X":126.998886,
            "rank":52.0,
            "area_info":"56평(185.43), 66평(218.51)",
            "last_sales":"2021-05-31,220000.0,56평(185.43)"
        },
        {
            "index":826,
            "아파트명":"서초삼성래미안",
            "투자타입":"일반",
            "전용면적(m2)":"108.16",
            "전용면적(평)":"32평",
            "법정동주소":"서울시 서초구 서초동 1641-1",
            "도로명주소":"서울시 서초구 사임당로17길 116",
            "세대수":0,
            "입주년차":20,
            "용적률점수":"--",
            "건폐율점수":"--",
            "세대당주차수":60,
            "난방방식":100,
            "공급면적":"--",
            "전용률":"--",
            "욕실수":100,
            "현관타입":100,
            "주거총점":43.0,
            "지역구공급총점":0.0,
            "역세권":80,
            "30분내 이동가능 거점":100,
            "1시간내 이동가능 거점":100,
            "교통총점":90.0,
            "백화점":100,
            "아울렛몰":0,
            "대형마트":0,
            "은행":100,
            "병원":100,
            "종합병원":100,
            "공원":0,
            "혐오시설":0,
            "인프라총점":70.0,
            "초등학군":92.89,
            "중학군":58.66,
            "학군총점":65.506,
            "인구수":47.98,
            "인구증감":-16.07,
            "인구총점":28.765,
            "일자리":61.8,
            "소득수준":74.81,
            "일자리총점":65.703,
            "가치 총점":70.9259,
            "매매실거래년":20210927.0,
            "매매실거래가":240000.0,
            "전세실거래년":20211221.0,
            "전세실거래가":84000.0,
            "전세가율":40.0,
            "장기전세가율평균":55.86,
            "전세가율거품지수":15.86,
            "검색코드":3407,
            "세대수":299,
            "준공년월":"2001-05-21",
            "준공년차":22,
            "가까운역이름":"교대",
            "가까운역거리":476.34,
            "역세권여부":"준역세권",
            "30분이내주요거점역":6,
            "1시간이내주요거점역":15,
            "3km이내백화점수":1,
            "5km이내아울렛몰수":0,
            "1km이내대형먀트수":0,
            "500m이내은행수":6,
            "500m이내병원수":74,
            "5km이내대형병원수":4,
            "500m이내공원수":0,
            "3km이내혐오시설수":0,
            "초등학교학업성취도":92.89,
            "중학교학업성취도":95.5,
            "용적률":295,
            "건폐율":24,
            "Y":37.493179,
            "X":127.019471,
            "rank":53.0,
            "area_info":"32평(108.16), 32평(108.06), 46평(154.86), 57평(191.27)",
            "last_sales":"2021-09-27,240000.0,46평(154.86)"
        },
        {
            "index":303,
            "아파트명":"대우효령",
            "투자타입":"재건축",
            "전용면적(m2)":"97.39",
            "전용면적(평)":"29평",
            "법정동주소":"서울시 서초구 방배동 1038",
            "도로명주소":"서울시 서초구 효령로 84",
            "세대수":30,
            "입주년차":"--",
            "용적률점수":80,
            "건폐율점수":100,
            "세대당주차수":"--",
            "난방방식":"--",
            "공급면적":70,
            "전용률":80,
            "욕실수":"--",
            "현관타입":"--",
            "주거총점":68.5,
            "지역구공급총점":0.0,
            "역세권":80,
            "30분내 이동가능 거점":80,
            "1시간내 이동가능 거점":100,
            "교통총점":84.0,
            "백화점":100,
            "아울렛몰":0,
            "대형마트":0,
            "은행":20,
            "병원":80,
            "종합병원":100,
            "공원":100,
            "혐오시설":0,
            "인프라총점":63.0,
            "초등학군":92.76,
            "중학군":48.46,
            "학군총점":57.32,
            "인구수":47.98,
            "인구증감":-16.07,
            "인구총점":28.765,
            "일자리":61.8,
            "소득수준":74.81,
            "일자리총점":65.703,
            "가치 총점":70.598,
            "매매실거래년":20210917.0,
            "매매실거래가":192000.0,
            "전세실거래년":20211220.0,
            "전세실거래가":66000.0,
            "전세가율":34.38,
            "장기전세가율평균":55.86,
            "전세가율거품지수":21.48,
            "검색코드":466,
            "세대수":364,
            "준공년월":"1992-11-25",
            "준공년차":31,
            "가까운역이름":"방배",
            "가까운역거리":390.95,
            "역세권여부":"준역세권",
            "30분이내주요거점역":4,
            "1시간이내주요거점역":14,
            "3km이내백화점수":1,
            "5km이내아울렛몰수":0,
            "1km이내대형먀트수":0,
            "500m이내은행수":2,
            "500m이내병원수":31,
            "5km이내대형병원수":4,
            "500m이내공원수":7,
            "3km이내혐오시설수":0,
            "초등학교학업성취도":92.76,
            "중학교학업성취도":78.9,
            "용적률":194,
            "건폐율":19,
            "Y":37.479789,
            "X":126.993675,
            "rank":54.0,
            "area_info":"29평(97.39)",
            "last_sales":"2021-09-17,192000.0,29평(97.39)"
        },
        {
            "index":338,
            "아파트명":"방배동부센트레빌",
            "투자타입":"일반",
            "전용면적(m2)":"164.49",
            "전용면적(평)":"49평",
            "법정동주소":"서울시 서초구 방배동 3275",
            "도로명주소":"서울시 서초구 방배로 278",
            "세대수":0,
            "입주년차":40,
            "용적률점수":"--",
            "건폐율점수":"--",
            "세대당주차수":80,
            "난방방식":30,
            "공급면적":"--",
            "전용률":"--",
            "욕실수":100,
            "현관타입":100,
            "주거총점":43.0,
            "지역구공급총점":0.0,
            "역세권":80,
            "30분내 이동가능 거점":100,
            "1시간내 이동가능 거점":100,
            "교통총점":90.0,
            "백화점":100,
            "아울렛몰":0,
            "대형마트":0,
            "은행":100,
            "병원":60,
            "종합병원":100,
            "공원":100,
            "혐오시설":0,
            "인프라총점":69.0,
            "초등학군":93.56,
            "중학군":55.78,
            "학군총점":63.336,
            "인구수":47.98,
            "인구증감":-16.07,
            "인구총점":28.765,
            "일자리":61.8,
            "소득수준":74.81,
            "일자리총점":65.703,
            "가치 총점":70.3004,
            "매매실거래년":20210626.0,
            "매매실거래가":275000.0,
            "전세실거래년":20211228.0,
            "전세실거래가":185000.0,
            "전세가율":67.27,
            "장기전세가율평균":55.86,
            "전세가율거품지수":-11.41,
            "검색코드":10495,
            "세대수":122,
            "준공년월":"2004-11-12",
            "준공년차":19,
            "가까운역이름":"구반포",
            "가까운역거리":415.51,
            "역세권여부":"준역세권",
            "30분이내주요거점역":5,
            "1시간이내주요거점역":16,
            "3km이내백화점수":1,
            "5km이내아울렛몰수":0,
            "1km이내대형먀트수":0,
            "500m이내은행수":5,
            "500m이내병원수":13,
            "5km이내대형병원수":4,
            "500m이내공원수":4,
            "3km이내혐오시설수":0,
            "초등학교학업성취도":93.56,
            "중학교학업성취도":91.1,
            "용적률":283,
            "건폐율":17,
            "Y":37.497662,
            "X":126.987973,
            "rank":55.0,
            "area_info":"49평(164.49), 57평(191.55)",
            "last_sales":"2021-06-26,275000.0,49평(164.49)"
        },
        {
            "index":954,
            "아파트명":"아크로비스타",
            "투자타입":"일반",
            "전용면적(m2)":"128.37",
            "전용면적(평)":"38평",
            "법정동주소":"서울시 서초구 서초동 1685-3",
            "도로명주소":"서울시 서초구 서초중앙로 188",
            "세대수":80,
            "입주년차":40,
            "용적률점수":"--",
            "건폐율점수":"--",
            "세대당주차수":100,
            "난방방식":100,
            "공급면적":"--",
            "전용률":"--",
            "욕실수":100,
            "현관타입":50,
            "주거총점":76.0,
            "지역구공급총점":0.0,
            "역세권":50,
            "30분내 이동가능 거점":80,
            "1시간내 이동가능 거점":100,
            "교통총점":69.0,
            "백화점":100,
            "아울렛몰":0,
            "대형마트":0,
            "은행":100,
            "병원":80,
            "종합병원":100,
            "공원":80,
            "혐오시설":0,
            "인프라총점":70.4,
            "초등학군":92.39,
            "중학군":58.14,
            "학군총점":64.99,
            "인구수":47.98,
            "인구증감":-16.07,
            "인구총점":28.765,
            "일자리":61.8,
            "소득수준":74.81,
            "일자리총점":65.703,
            "가치 총점":70.2185,
            "매매실거래년":20211006.0,
            "매매실거래가":350000.0,
            "전세실거래년":20200316.0,
            "전세실거래가":105000.0,
            "전세가율":80.77,
            "장기전세가율평균":55.86,
            "전세가율거품지수":-24.91,
            "검색코드":3104,
            "세대수":757,
            "준공년월":"2004-06-25",
            "준공년차":19,
            "가까운역이름":"교대",
            "가까운역거리":594.25,
            "역세권여부":"준역세권",
            "30분이내주요거점역":4,
            "1시간이내주요거점역":14,
            "3km이내백화점수":1,
            "5km이내아울렛몰수":0,
            "1km이내대형먀트수":0,
            "500m이내은행수":6,
            "500m이내병원수":57,
            "5km이내대형병원수":5,
            "500m이내공원수":1,
            "3km이내혐오시설수":0,
            "초등학교학업성취도":92.39,
            "중학교학업성취도":94.1,
            "용적률":712,
            "건폐율":39,
            "Y":37.498694,
            "X":127.013031,
            "rank":56.0,
            "area_info":"38평(128.37), 47평(155.6), 51평(170.18), 52평(173.98), 53평(175.21), 56평(187.98), 56평(188.09), 57평(188.94), 57평(191.17), 58평(192.08), 61평(204.2), 62평(207.05), 63평(208.39), 65평(217.22), 65평(218.06), 66평(220.39), 67평(223.36), 76평(252.41), 78평(258.57), 78평(261.13), 84평(278.09), 91평(300.88), 92평(305.47)",
            "last_sales":"2021-10-06,350000.0,78평(258.57)"
        },
        {
            "index":782,
            "아파트명":"서초롯데캐슬리버티",
            "투자타입":"일반",
            "전용면적(m2)":"81.94",
            "전용면적(평)":"24평",
            "법정동주소":"서울시 서초구 서초동 1620-20",
            "도로명주소":"서울시 서초구 사임당로10길 39",
            "세대수":0,
            "입주년차":40,
            "용적률점수":"--",
            "건폐율점수":"--",
            "세대당주차수":60,
            "난방방식":30,
            "공급면적":"--",
            "전용률":"--",
            "욕실수":100,
            "현관타입":100,
            "주거총점":40.0,
            "지역구공급총점":0.0,
            "역세권":80,
            "30분내 이동가능 거점":100,
            "1시간내 이동가능 거점":100,
            "교통총점":90.0,
            "백화점":100,
            "아울렛몰":0,
            "대형마트":0,
            "은행":100,
            "병원":80,
            "종합병원":100,
            "공원":100,
            "혐오시설":0,
            "인프라총점":71.0,
            "초등학군":90.54,
            "중학군":55.22,
            "학군총점":62.284,
            "인구수":47.98,
            "인구증감":-16.07,
            "인구총점":28.765,
            "일자리":61.8,
            "소득수준":74.81,
            "일자리총점":65.703,
            "가치 총점":70.1426,
            "매매실거래년":20201208.0,
            "매매실거래가":175000.0,
            "전세실거래년":20170518.0,
            "전세실거래가":61500.0,
            "전세가율":59.31,
            "장기전세가율평균":55.86,
            "전세가율거품지수":-3.45,
            "검색코드":13440,
            "세대수":132,
            "준공년월":"2005-03-23",
            "준공년차":18,
            "가까운역이름":"남부터미널",
            "가까운역거리":278.44,
            "역세권여부":"준역세권",
            "30분이내주요거점역":5,
            "1시간이내주요거점역":15,
            "3km이내백화점수":1,
            "5km이내아울렛몰수":0,
            "1km이내대형먀트수":0,
            "500m이내은행수":8,
            "500m이내병원수":44,
            "5km이내대형병원수":3,
            "500m이내공원수":2,
            "3km이내혐오시설수":0,
            "초등학교학업성취도":90.54,
            "중학교학업성취도":90.3,
            "용적률":238,
            "건폐율":34,
            "Y":37.48748,
            "X":127.01673,
            "rank":57.0,
            "area_info":"24평(81.94), 29평(96.5), 32평(106.8), 39평(131.09), 43평(142.62), 43평(143.28), 45평(150.85), 45평(151.21), 45평(152.02)",
            "last_sales":"2020-12-08,175000.0,45평(151.21)"
        },
        {
            "index":868,
            "아파트명":"서초자이",
            "투자타입":"일반",
            "전용면적(m2)":"106.97",
            "전용면적(평)":"32평",
            "법정동주소":"서울시 서초구 서초동 1444-7",
            "도로명주소":"서울시 서초구 효령로68길 81",
            "세대수":0,
            "입주년차":40,
            "용적률점수":"--",
            "건폐율점수":"--",
            "세대당주차수":80,
            "난방방식":100,
            "공급면적":"--",
            "전용률":"--",
            "욕실수":100,
            "현관타입":100,
            "주거총점":50.0,
            "지역구공급총점":0.0,
            "역세권":80,
            "30분내 이동가능 거점":80,
            "1시간내 이동가능 거점":100,
            "교통총점":84.0,
            "백화점":100,
            "아울렛몰":0,
            "대형마트":0,
            "은행":100,
            "병원":80,
            "종합병원":100,
            "공원":100,
            "혐오시설":0,
            "인프라총점":71.0,
            "초등학군":90.54,
            "중학군":55.22,
            "학군총점":62.284,
            "인구수":47.98,
            "인구증감":-16.07,
            "인구총점":28.765,
            "일자리":61.8,
            "소득수준":74.81,
            "일자리총점":65.703,
            "가치 총점":70.0426,
            "매매실거래년":20210523.0,
            "매매실거래가":255000.0,
            "전세실거래년":20200801.0,
            "전세실거래가":95000.0,
            "전세가율":59.38,
            "장기전세가율평균":55.86,
            "전세가율거품지수":-3.52,
            "검색코드":18547,
            "세대수":184,
            "준공년월":"2006-04-18",
            "준공년차":17,
            "가까운역이름":"남부터미널",
            "가까운역거리":345.89,
            "역세권여부":"준역세권",
            "30분이내주요거점역":4,
            "1시간이내주요거점역":14,
            "3km이내백화점수":1,
            "5km이내아울렛몰수":0,
            "1km이내대형먀트수":0,
            "500m이내은행수":6,
            "500m이내병원수":31,
            "5km이내대형병원수":3,
            "500m이내공원수":3,
            "3km이내혐오시설수":0,
            "초등학교학업성취도":90.54,
            "중학교학업성취도":90.3,
            "용적률":257,
            "건폐율":20,
            "Y":37.484985,
            "X":127.020109,
            "rank":58.0,
            "area_info":"32평(106.97), 44평(147.27), 49평(165.28), 55평(184.32)",
            "last_sales":"2021-05-23,255000.0,55평(184.32)"
        },
        {
            "index":1247,
            "아파트명":"블루힐하우스",
            "투자타입":"일반",
            "전용면적(m2)":"80.07",
            "전용면적(평)":"24평",
            "법정동주소":"서울시 서초구 잠원동 71-1",
            "도로명주소":"서울시 서초구 잠원로 85",
            "세대수":0,
            "입주년차":20,
            "용적률점수":"--",
            "건폐율점수":"--",
            "세대당주차수":30,
            "난방방식":30,
            "공급면적":"--",
            "전용률":"--",
            "욕실수":50,
            "현관타입":100,
            "주거총점":26.5,
            "지역구공급총점":0.0,
            "역세권":80,
            "30분내 이동가능 거점":100,
            "1시간내 이동가능 거점":100,
            "교통총점":90.0,
            "백화점":100,
            "아울렛몰":0,
            "대형마트":80,
            "은행":70,
            "병원":60,
            "종합병원":100,
            "공원":100,
            "혐오시설":0,
            "인프라총점":78.0,
            "초등학군":97.49,
            "중학군":56.9,
            "학군총점":65.018,
            "인구수":47.98,
            "인구증감":-16.07,
            "인구총점":28.765,
            "일자리":61.8,
            "소득수준":74.81,
            "일자리총점":65.703,
            "가치 총점":69.9527,
            "매매실거래년":20210518.0,
            "매매실거래가":170000.0,
            "전세실거래년":20211218.0,
            "전세실거래가":94000.0,
            "전세가율":63.95,
            "장기전세가율평균":55.86,
            "전세가율거품지수":-8.09,
            "검색코드":1168,
            "세대수":125,
            "준공년월":"1999-11-06",
            "준공년차":24,
            "가까운역이름":"잠원",
            "가까운역거리":470.9,
            "역세권여부":"준역세권",
            "30분이내주요거점역":6,
            "1시간이내주요거점역":14,
            "3km이내백화점수":2,
            "5km이내아울렛몰수":0,
            "1km이내대형먀트수":1,
            "500m이내은행수":3,
            "500m이내병원수":24,
            "5km이내대형병원수":5,
            "500m이내공원수":6,
            "3km이내혐오시설수":0,
            "초등학교학업성취도":97.49,
            "중학교학업성취도":92.1,
            "용적률":358,
            "건폐율":24,
            "Y":37.511737,
            "X":127.006039,
            "rank":59.0,
            "area_info":"24평(80.07), 34평(113.1)",
            "last_sales":"2021-05-18,170000.0,34평(113.1)"
        },
        {
            "index":861,
            "아파트명":"서초이오빌",
            "투자타입":"일반",
            "전용면적(m2)":"48.96",
            "전용면적(평)":"14평",
            "법정동주소":"서울시 서초구 서초동 1593-7",
            "도로명주소":"서울시 서초구 효령로53길 45",
            "세대수":50,
            "입주년차":20,
            "용적률점수":"--",
            "건폐율점수":"--",
            "세대당주차수":0,
            "난방방식":30,
            "공급면적":"--",
            "전용률":"--",
            "욕실수":50,
            "현관타입":10,
            "주거총점":30.5,
            "지역구공급총점":0.0,
            "역세권":80,
            "30분내 이동가능 거점":80,
            "1시간내 이동가능 거점":100,
            "교통총점":84.0,
            "백화점":100,
            "아울렛몰":0,
            "대형마트":80,
            "은행":100,
            "병원":80,
            "종합병원":100,
            "공원":100,
            "혐오시설":0,
            "인프라총점":83.0,
            "초등학군":94.83,
            "중학군":55.22,
            "학군총점":63.142,
            "인구수":47.98,
            "인구증감":-16.07,
            "인구총점":28.765,
            "일자리":61.8,
            "소득수준":74.81,
            "일자리총점":65.703,
            "가치 총점":69.8713,
            "매매실거래년":20211114.0,
            "매매실거래가":39000.0,
            "전세실거래년":20211111.0,
            "전세실거래가":26250.0,
            "전세가율":88.09,
            "장기전세가율평균":55.86,
            "전세가율거품지수":-32.23,
            "검색코드":12234,
            "세대수":462,
            "준공년월":"2003-08-13",
            "준공년차":20,
            "가까운역이름":"남부터미널",
            "가까운역거리":333.23,
            "역세권여부":"준역세권",
            "30분이내주요거점역":4,
            "1시간이내주요거점역":15,
            "3km이내백화점수":1,
            "5km이내아울렛몰수":0,
            "1km이내대형먀트수":1,
            "500m이내은행수":10,
            "500m이내병원수":51,
            "5km이내대형병원수":3,
            "500m이내공원수":4,
            "3km이내혐오시설수":0,
            "초등학교학업성취도":94.83,
            "중학교학업성취도":90.3,
            "용적률":914,
            "건폐율":39,
            "Y":37.486602,
            "X":127.012987,
            "rank":60.0,
            "area_info":"14평(48.96), 14평(48.96), 17평(57.68), 18평(61.38), 18평(61.38), 20평(67.79), 23평(78.09)",
            "last_sales":"2021-11-14,39000.0,18평(61.38)"
        },
        {
            "index":294,
            "아파트명":"한신서래",
            "투자타입":"재건축",
            "전용면적(m2)":"67.44",
            "전용면적(평)":"20평",
            "법정동주소":"서울시 서초구 반포동 70-1",
            "도로명주소":"서울시 서초구 사평대로28길 31",
            "세대수":50,
            "입주년차":"--",
            "용적률점수":80,
            "건폐율점수":80,
            "세대당주차수":"--",
            "난방방식":"--",
            "공급면적":50,
            "전용률":40,
            "욕실수":"--",
            "현관타입":"--",
            "주거총점":67.5,
            "지역구공급총점":0.0,
            "역세권":50,
            "30분내 이동가능 거점":100,
            "1시간내 이동가능 거점":100,
            "교통총점":75.0,
            "백화점":100,
            "아울렛몰":0,
            "대형마트":0,
            "은행":100,
            "병원":60,
            "종합병원":100,
            "공원":100,
            "혐오시설":0,
            "인프라총점":69.0,
            "초등학군":93.35,
            "중학군":55.06,
            "학군총점":62.718,
            "인구수":47.98,
            "인구증감":-16.07,
            "인구총점":28.765,
            "일자리":61.8,
            "소득수준":74.81,
            "일자리총점":65.703,
            "가치 총점":69.8577,
            "매매실거래년":20211015.0,
            "매매실거래가":240000.0,
            "전세실거래년":20211215.0,
            "전세실거래가":37800.0,
            "전세가율":22.37,
            "장기전세가율평균":55.86,
            "전세가율거품지수":33.49,
            "검색코드":459,
            "세대수":414,
            "준공년월":"1987-12-31",
            "준공년차":36,
            "가까운역이름":"신반포",
            "가까운역거리":632.38,
            "역세권여부":"준역세권",
            "30분이내주요거점역":5,
            "1시간이내주요거점역":15,
            "3km이내백화점수":1,
            "5km이내아울렛몰수":0,
            "1km이내대형먀트수":0,
            "500m이내은행수":6,
            "500m이내병원수":16,
            "5km이내대형병원수":5,
            "500m이내공원수":2,
            "3km이내혐오시설수":0,
            "초등학교학업성취도":93.35,
            "중학교학업성취도":89.7,
            "용적률":216,
            "건폐율":20,
            "Y":37.49929,
            "X":127.00086,
            "rank":61.0,
            "area_info":"20평(67.44), 27평(89.58), 41평(136.65), 42평(140.6), 48평(161.31), 53평(175.47)",
            "last_sales":"2021-10-15,240000.0,48평(161.31)"
        },
        {
            "index":775,
            "아파트명":"서초래미안",
            "투자타입":"일반",
            "전용면적(m2)":"112.73",
            "전용면적(평)":"34평",
            "법정동주소":"서울시 서초구 서초동 1682",
            "도로명주소":"서울시 서초구 서초대로65길 13-10",
            "세대수":90,
            "입주년차":20,
            "용적률점수":"--",
            "건폐율점수":"--",
            "세대당주차수":60,
            "난방방식":30,
            "공급면적":"--",
            "전용률":"--",
            "욕실수":100,
            "현관타입":100,
            "주거총점":67.5,
            "지역구공급총점":0.0,
            "역세권":50,
            "30분내 이동가능 거점":100,
            "1시간내 이동가능 거점":100,
            "교통총점":75.0,
            "백화점":100,
            "아울렛몰":0,
            "대형마트":0,
            "은행":70,
            "병원":80,
            "종합병원":100,
            "공원":80,
            "혐오시설":0,
            "인프라총점":67.4,
            "초등학군":92.39,
            "중학군":58.36,
            "학군총점":65.166,
            "인구수":47.98,
            "인구증감":-16.07,
            "인구총점":28.765,
            "일자리":61.8,
            "소득수준":74.81,
            "일자리총점":65.703,
            "가치 총점":69.7449,
            "매매실거래년":20211127.0,
            "매매실거래가":237500.0,
            "전세실거래년":20211213.0,
            "전세실거래가":99750.0,
            "전세가율":42.0,
            "장기전세가율평균":55.86,
            "전세가율거품지수":13.86,
            "검색코드":1285,
            "세대수":1129,
            "준공년월":"2003-05-10",
            "준공년차":20,
            "가까운역이름":"사평",
            "가까운역거리":714.01,
            "역세권여부":"준역세권",
            "30분이내주요거점역":5,
            "1시간이내주요거점역":14,
            "3km이내백화점수":1,
            "5km이내아울렛몰수":0,
            "1km이내대형먀트수":0,
            "500m이내은행수":3,
            "500m이내병원수":35,
            "5km이내대형병원수":4,
            "500m이내공원수":1,
            "3km이내혐오시설수":0,
            "초등학교학업성취도":92.39,
            "중학교학업성취도":93.8,
            "용적률":320,
            "건폐율":20,
            "Y":37.498528,
            "X":127.019039,
            "rank":62.0,
            "area_info":"34평(112.73), 34평(113.66), 39평(129.54), 44평(146.45), 44평(146.93), 50평(165.5), 50평(167.09)",
            "last_sales":"2021-11-27,237500.0,34평(112.73)"
        },
        {
            "index":637,
            "아파트명":"롯데캐슬주피터",
            "투자타입":"일반",
            "전용면적(m2)":"110.44",
            "전용면적(평)":"33평",
            "법정동주소":"서울시 서초구 서초동 1359-50",
            "도로명주소":"서울시 서초구 서운로6길 15-20",
            "세대수":0,
            "입주년차":20,
            "용적률점수":"--",
            "건폐율점수":"--",
            "세대당주차수":100,
            "난방방식":30,
            "공급면적":"--",
            "전용률":"--",
            "욕실수":100,
            "현관타입":100,
            "주거총점":42.0,
            "지역구공급총점":0.0,
            "역세권":80,
            "30분내 이동가능 거점":100,
            "1시간내 이동가능 거점":100,
            "교통총점":90.0,
            "백화점":100,
            "아울렛몰":0,
            "대형마트":0,
            "은행":100,
            "병원":60,
            "종합병원":100,
            "공원":100,
            "혐오시설":0,
            "인프라총점":69.0,
            "초등학군":90.54,
            "중학군":53.14,
            "학군총점":60.62,
            "인구수":47.98,
            "인구증감":-16.07,
            "인구총점":28.765,
            "일자리":61.8,
            "소득수준":74.81,
            "일자리총점":65.703,
            "가치 총점":69.693,
            "매매실거래년":20201223.0,
            "매매실거래가":177000.0,
            "전세실거래년":20120423.0,
            "전세실거래가":43000.0,
            "전세가율":32.09,
            "장기전세가율평균":55.86,
            "전세가율거품지수":23.77,
            "검색코드":9642,
            "세대수":110,
            "준공년월":"2003-11-29",
            "준공년차":20,
            "가까운역이름":"양재",
            "가까운역거리":447.95,
            "역세권여부":"준역세권",
            "30분이내주요거점역":5,
            "1시간이내주요거점역":15,
            "3km이내백화점수":1,
            "5km이내아울렛몰수":0,
            "1km이내대형먀트수":0,
            "500m이내은행수":14,
            "500m이내병원수":26,
            "5km이내대형병원수":4,
            "500m이내공원수":2,
            "3km이내혐오시설수":0,
            "초등학교학업성취도":90.54,
            "중학교학업성취도":88.1,
            "용적률":271,
            "건폐율":30,
            "Y":37.486377,
            "X":127.030403,
            "rank":63.0,
            "area_info":"33평(110.44), 34평(114.01), 35평(116.72), 40평(133.16), 44평(145.58), 44평(146.66), 45평(148.81), 45평(150.9), 46평(153.07), 47평(158.06), 51평(171.79), 52평(172.17), 53평(175.7), 55평(184.2), 56평(186.25), 56평(187.99), 58평(195.0), 59평(197.29)",
            "last_sales":"2020-12-23,177000.0,59평(197.29)"
        },
        {
            "index":229,
            "아파트명":"반포푸르지오",
            "투자타입":"일반",
            "전용면적(m2)":"64.17",
            "전용면적(평)":"19평",
            "법정동주소":"서울시 서초구 반포동 10",
            "도로명주소":"서울시 서초구 신반포로15길 4",
            "세대수":0,
            "입주년차":20,
            "용적률점수":"--",
            "건폐율점수":"--",
            "세대당주차수":30,
            "난방방식":30,
            "공급면적":"--",
            "전용률":"--",
            "욕실수":50,
            "현관타입":100,
            "주거총점":26.5,
            "지역구공급총점":0.0,
            "역세권":100,
            "30분내 이동가능 거점":100,
            "1시간내 이동가능 거점":100,
            "교통총점":100.0,
            "백화점":100,
            "아울렛몰":0,
            "대형마트":0,
            "은행":70,
            "병원":60,
            "종합병원":100,
            "공원":80,
            "혐오시설":0,
            "인프라총점":65.4,
            "초등학군":93.35,
            "중학군":57.12,
            "학군총점":64.366,
            "인구수":47.98,
            "인구증감":-16.07,
            "인구총점":28.765,
            "일자리":61.8,
            "소득수준":74.81,
            "일자리총점":65.703,
            "가치 총점":69.5749,
            "매매실거래년":20210502.0,
            "매매실거래가":225000.0,
            "전세실거래년":20160824.0,
            "전세실거래가":50000.0,
            "전세가율":47.76,
            "장기전세가율평균":55.86,
            "전세가율거품지수":8.1,
            "검색코드":3501,
            "세대수":237,
            "준공년월":"2000-10-30",
            "준공년차":23,
            "가까운역이름":"신반포",
            "가까운역거리":39.16,
            "역세권여부":"초역세권",
            "30분이내주요거점역":5,
            "1시간이내주요거점역":16,
            "3km이내백화점수":1,
            "5km이내아울렛몰수":0,
            "1km이내대형먀트수":0,
            "500m이내은행수":4,
            "500m이내병원수":15,
            "5km이내대형병원수":5,
            "500m이내공원수":1,
            "3km이내혐오시설수":0,
            "초등학교학업성취도":93.35,
            "중학교학업성취도":94.0,
            "용적률":283,
            "건폐율":30,
            "Y":37.503757,
            "X":126.995819,
            "rank":64.0,
            "area_info":"19평(64.17), 20평(67.41), 21평(72.04), 22평(75.53), 23평(76.85), 23평(76.72), 31평(102.62), 32평(108.81)",
            "last_sales":"2021-05-02,225000.0,32평(108.81)"
        },
        {
            "index":795,
            "아파트명":"서초리시온",
            "투자타입":"일반",
            "전용면적(m2)":"33.21",
            "전용면적(평)":"10평",
            "법정동주소":"서울시 서초구 서초동 1671-5",
            "도로명주소":"서울시 서초구 서초중앙로22길 25",
            "세대수":0,
            "입주년차":20,
            "용적률점수":"--",
            "건폐율점수":"--",
            "세대당주차수":0,
            "난방방식":30,
            "공급면적":"--",
            "전용률":"--",
            "욕실수":50,
            "현관타입":10,
            "주거총점":13.0,
            "지역구공급총점":0.0,
            "역세권":80,
            "30분내 이동가능 거점":100,
            "1시간내 이동가능 거점":100,
            "교통총점":90.0,
            "백화점":100,
            "아울렛몰":0,
            "대형마트":80,
            "은행":100,
            "병원":100,
            "종합병원":100,
            "공원":100,
            "혐오시설":0,
            "인프라총점":85.0,
            "초등학군":92.89,
            "중학군":58.66,
            "학군총점":65.506,
            "인구수":47.98,
            "인구증감":-16.07,
            "인구총점":28.765,
            "일자리":61.8,
            "소득수준":74.81,
            "일자리총점":65.703,
            "가치 총점":69.4259,
            "매매실거래년":20120423.0,
            "매매실거래가":50000.0,
            "전세실거래년":null,
            "전세실거래가":null,
            "전세가율":null,
            "장기전세가율평균":55.86,
            "전세가율거품지수":null,
            "검색코드":9059,
            "세대수":293,
            "준공년월":"2003-04-22",
            "준공년차":20,
            "가까운역이름":"교대",
            "가까운역거리":127.14,
            "역세권여부":"역세권",
            "30분이내주요거점역":8,
            "1시간이내주요거점역":15,
            "3km이내백화점수":1,
            "5km이내아울렛몰수":0,
            "1km이내대형먀트수":1,
            "500m이내은행수":18,
            "500m이내병원수":107,
            "5km이내대형병원수":4,
            "500m이내공원수":2,
            "3km이내혐오시설수":0,
            "초등학교학업성취도":92.89,
            "중학교학업성취도":95.5,
            "용적률":622,
            "건폐율":57,
            "Y":37.49346,
            "X":127.01552,
            "rank":65.0,
            "area_info":"10평(33.21), 11평(38.04), 11평(39.19), 12평(40.72), 12평(41.85), 12평(42.88), 13평(43.48), 13평(44.76), 14평(46.63), 14평(46.61), 15평(51.46), 15평(51.0), 16평(53.61), 16평(53.97), 16평(53.89), 16평(53.3), 17평(57.66), 17평(58.44), 18평(61.62), 18평(62.58), 19평(63.82), 19평(63.64), 20평(67.35), 21평(70.72), 21평(72.17), 21평(72.15), 23평(77.01), 23평(77.55), 25평(85.83), 26평(87.86), 30평(100.47)",
            "last_sales":"2012-04-23,50000.0,30평(100.47)"
        },
        {
            "index":1037,
            "아파트명":"현대",
            "투자타입":"재건축",
            "전용면적(m2)":"91.52",
            "전용면적(평)":"27평",
            "법정동주소":"서울시 서초구 서초동 1346",
            "도로명주소":"서울시 서초구 효령로72길 14",
            "세대수":50,
            "입주년차":"--",
            "용적률점수":80,
            "건폐율점수":100,
            "세대당주차수":"--",
            "난방방식":"--",
            "공급면적":70,
            "전용률":40,
            "욕실수":"--",
            "현관타입":"--",
            "주거총점":72.5,
            "지역구공급총점":0.0,
            "역세권":50,
            "30분내 이동가능 거점":100,
            "1시간내 이동가능 거점":100,
            "교통총점":75.0,
            "백화점":100,
            "아울렛몰":0,
            "대형마트":0,
            "은행":70,
            "병원":30,
            "종합병원":100,
            "공원":100,
            "혐오시설":0,
            "인프라총점":63.0,
            "초등학군":90.54,
            "중학군":58.66,
            "학군총점":65.036,
            "인구수":47.98,
            "인구증감":-16.07,
            "인구총점":28.765,
            "일자리":61.8,
            "소득수준":74.81,
            "일자리총점":65.703,
            "가치 총점":69.4054,
            "매매실거래년":20211007.0,
            "매매실거래가":200000.0,
            "전세실거래년":20211125.0,
            "전세실거래가":43000.0,
            "전세가율":25.75,
            "장기전세가율평균":55.86,
            "전세가율거품지수":30.11,
            "검색코드":840,
            "세대수":412,
            "준공년월":"1989-12-18",
            "준공년차":34,
            "가까운역이름":"남부터미널",
            "가까운역거리":655.3,
            "역세권여부":"준역세권",
            "30분이내주요거점역":5,
            "1시간이내주요거점역":13,
            "3km이내백화점수":2,
            "5km이내아울렛몰수":0,
            "1km이내대형먀트수":0,
            "500m이내은행수":3,
            "500m이내병원수":9,
            "5km이내대형병원수":3,
            "500m이내공원수":2,
            "3km이내혐오시설수":0,
            "초등학교학업성취도":90.54,
            "중학교학업성취도":95.5,
            "용적률":196,
            "건폐율":17,
            "Y":37.485942,
            "X":127.023523,
            "rank":66.0,
            "area_info":"27평(91.52), 27평(92.42), 31평(102.93), 31평(103.53), 31평(103.45), 31평(103.46), 33평(109.27)",
            "last_sales":"2021-10-07,200000.0,33평(109.27)"
        },
        {
            "index":1195,
            "아파트명":"래미안신반포리오센트",
            "투자타입":"일반",
            "전용면적(m2)":"85.91",
            "전용면적(평)":"25평",
            "법정동주소":"서울시 서초구 잠원동 161",
            "도로명주소":"서울시 서초구 잠원로14길 32",
            "세대수":50,
            "입주년차":100,
            "용적률점수":"--",
            "건폐율점수":"--",
            "세대당주차수":80,
            "난방방식":100,
            "공급면적":"--",
            "전용률":"--",
            "욕실수":100,
            "현관타입":100,
            "주거총점":79.5,
            "지역구공급총점":0.0,
            "역세권":50,
            "30분내 이동가능 거점":100,
            "1시간내 이동가능 거점":100,
            "교통총점":75.0,
            "백화점":100,
            "아울렛몰":0,
            "대형마트":0,
            "은행":0,
            "병원":60,
            "종합병원":100,
            "공원":100,
            "혐오시설":0,
            "인프라총점":59.0,
            "초등학군":90.88,
            "중학군":56.64,
            "학군총점":63.488,
            "인구수":47.98,
            "인구증감":-16.07,
            "인구총점":28.765,
            "일자리":61.8,
            "소득수준":74.81,
            "일자리총점":65.703,
            "가치 총점":69.3732,
            "매매실거래년":20211112.0,
            "매매실거래가":385000.0,
            "전세실거래년":20210531.0,
            "전세실거래가":94500.0,
            "전세가율":null,
            "장기전세가율평균":55.86,
            "전세가율거품지수":null,
            "검색코드":114533,
            "세대수":475,
            "준공년월":"2019-06-21",
            "준공년차":4,
            "가까운역이름":"신사",
            "가까운역거리":608.84,
            "역세권여부":"준역세권",
            "30분이내주요거점역":6,
            "1시간이내주요거점역":11,
            "3km이내백화점수":3,
            "5km이내아울렛몰수":0,
            "1km이내대형먀트수":0,
            "500m이내은행수":0,
            "500m이내병원수":26,
            "5km이내대형병원수":5,
            "500m이내공원수":4,
            "3km이내혐오시설수":0,
            "초등학교학업성취도":90.88,
            "중학교학업성취도":91.2,
            "용적률":299,
            "건폐율":19,
            "Y":37.518478,
            "X":127.013762,
            "rank":67.0,
            "area_info":"25평(85.91), 26평(86.21), 34평(114.72), 34평(114.75), 34평(114.75), 42평(141.37), 52평(172.8)",
            "last_sales":"2021-11-12,385000.0,52평(172.8)"
        },
        {
            "index":989,
            "아파트명":"우성5차",
            "투자타입":"일반",
            "전용면적(m2)":"74.48",
            "전용면적(평)":"22평",
            "법정동주소":"서울시 서초구 서초동 1326-17",
            "도로명주소":"서울시 서초구 서초대로74길 30",
            "세대수":50,
            "입주년차":0,
            "용적률점수":"--",
            "건폐율점수":"--",
            "세대당주차수":0,
            "난방방식":100,
            "공급면적":"--",
            "전용률":"--",
            "욕실수":50,
            "현관타입":10,
            "주거총점":33.5,
            "지역구공급총점":0.0,
            "역세권":80,
            "30분내 이동가능 거점":100,
            "1시간내 이동가능 거점":100,
            "교통총점":90.0,
            "백화점":100,
            "아울렛몰":0,
            "대형마트":0,
            "은행":100,
            "병원":100,
            "종합병원":100,
            "공원":0,
            "혐오시설":0,
            "인프라총점":70.0,
            "초등학군":100.0,
            "중학군":58.66,
            "학군총점":66.928,
            "인구수":47.98,
            "인구증감":-16.07,
            "인구총점":28.765,
            "일자리":61.8,
            "소득수준":74.81,
            "일자리총점":65.703,
            "가치 총점":69.2392,
            "매매실거래년":20200804.0,
            "매매실거래가":220000.0,
            "전세실거래년":20211030.0,
            "전세실거래가":70000.0,
            "전세가율":81.87,
            "장기전세가율평균":55.86,
            "전세가율거품지수":-26.01,
            "검색코드":490,
            "세대수":408,
            "준공년월":"1998-05-28",
            "준공년차":25,
            "가까운역이름":"강남",
            "가까운역거리":310.86,
            "역세권여부":"준역세권",
            "30분이내주요거점역":8,
            "1시간이내주요거점역":13,
            "3km이내백화점수":2,
            "5km이내아울렛몰수":0,
            "1km이내대형먀트수":0,
            "500m이내은행수":22,
            "500m이내병원수":128,
            "5km이내대형병원수":4,
            "500m이내공원수":0,
            "3km이내혐오시설수":0,
            "초등학교학업성취도":100.0,
            "중학교학업성취도":95.5,
            "용적률":295,
            "건폐율":18,
            "Y":37.494502,
            "X":127.026894,
            "rank":68.0,
            "area_info":"22평(74.48), 24평(79.88), 30평(99.73), 33평(110.47), 50평(167.83)",
            "last_sales":"2020-08-04,220000.0,50평(167.83)"
        },
        {
            "index":1280,
            "아파트명":"잠원대우아이빌",
            "투자타입":"일반",
            "전용면적(m2)":"39.6",
            "전용면적(평)":"11평",
            "법정동주소":"서울시 서초구 잠원동 42-13",
            "도로명주소":"서울시 서초구 신반포로45길 23",
            "세대수":0,
            "입주년차":20,
            "용적률점수":"--",
            "건폐율점수":"--",
            "세대당주차수":0,
            "난방방식":30,
            "공급면적":"--",
            "전용률":"--",
            "욕실수":50,
            "현관타입":10,
            "주거총점":13.0,
            "지역구공급총점":0.0,
            "역세권":80,
            "30분내 이동가능 거점":100,
            "1시간내 이동가능 거점":100,
            "교통총점":90.0,
            "백화점":100,
            "아울렛몰":0,
            "대형마트":80,
            "은행":100,
            "병원":100,
            "종합병원":100,
            "공원":100,
            "혐오시설":0,
            "인프라총점":85.0,
            "초등학군":90.88,
            "중학군":56.64,
            "학군총점":63.488,
            "인구수":47.98,
            "인구증감":-16.07,
            "인구총점":28.765,
            "일자리":61.8,
            "소득수준":74.81,
            "일자리총점":65.703,
            "가치 총점":69.1232,
            "매매실거래년":20210609.0,
            "매매실거래가":105000.0,
            "전세실거래년":20211014.0,
            "전세실거래가":26000.0,
            "전세가율":56.77,
            "장기전세가율평균":55.86,
            "전세가율거품지수":-0.91,
            "검색코드":3415,
            "세대수":168,
            "준공년월":"2001-07-30",
            "준공년차":22,
            "가까운역이름":"논현",
            "가까운역거리":279.3,
            "역세권여부":"준역세권",
            "30분이내주요거점역":7,
            "1시간이내주요거점역":15,
            "3km이내백화점수":3,
            "5km이내아울렛몰수":0,
            "1km이내대형먀트수":1,
            "500m이내은행수":6,
            "500m이내병원수":61,
            "5km이내대형병원수":4,
            "500m이내공원수":4,
            "3km이내혐오시설수":0,
            "초등학교학업성취도":90.88,
            "중학교학업성취도":91.2,
            "용적률":298,
            "건폐율":48,
            "Y":37.511452,
            "X":127.018281,
            "rank":69.0,
            "area_info":"11평(39.6), 12평(41.89), 15평(49.98), 15평(51.0), 21평(69.65)",
            "last_sales":"2021-06-09,105000.0,21평(69.65)"
        },
        {
            "index":1307,
            "아파트명":"한신로얄",
            "투자타입":"재건축",
            "전용면적(m2)":"90.43",
            "전용면적(평)":"27평",
            "법정동주소":"서울시 서초구 잠원동 63-34",
            "도로명주소":"서울시 서초구 신반포로33길 64",
            "세대수":0,
            "입주년차":"--",
            "용적률점수":20,
            "건폐율점수":80,
            "세대당주차수":"--",
            "난방방식":"--",
            "공급면적":70,
            "전용률":100,
            "욕실수":"--",
            "현관타입":"--",
            "주거총점":32.5,
            "지역구공급총점":0.0,
            "역세권":80,
            "30분내 이동가능 거점":100,
            "1시간내 이동가능 거점":100,
            "교통총점":90.0,
            "백화점":100,
            "아울렛몰":0,
            "대형마트":80,
            "은행":0,
            "병원":60,
            "종합병원":100,
            "공원":100,
            "혐오시설":0,
            "인프라총점":71.0,
            "초등학군":97.49,
            "중학군":56.9,
            "학군총점":65.018,
            "인구수":47.98,
            "인구증감":-16.07,
            "인구총점":28.765,
            "일자리":61.8,
            "소득수준":74.81,
            "일자리총점":65.703,
            "가치 총점":69.0527,
            "매매실거래년":20210507.0,
            "매매실거래가":195000.0,
            "전세실거래년":20211127.0,
            "전세실거래가":103000.0,
            "전세가율":52.82,
            "장기전세가율평균":55.86,
            "전세가율거품지수":3.04,
            "검색코드":539,
            "세대수":208,
            "준공년월":"1992-06-23",
            "준공년차":31,
            "가까운역이름":"잠원",
            "가까운역거리":205.0,
            "역세권여부":"역세권",
            "30분이내주요거점역":5,
            "1시간이내주요거점역":11,
            "3km이내백화점수":2,
            "5km이내아울렛몰수":0,
            "1km이내대형먀트수":1,
            "500m이내은행수":1,
            "500m이내병원수":21,
            "5km이내대형병원수":5,
            "500m이내공원수":2,
            "3km이내혐오시설수":0,
            "초등학교학업성취도":97.49,
            "중학교학업성취도":92.1,
            "용적률":268,
            "건폐율":24,
            "Y":37.513356,
            "X":127.009021,
            "rank":70.0,
            "area_info":"27평(90.43), 27평(90.37), 28평(93.78)",
            "last_sales":"2021-05-07,195000.0,27평(90.43)"
        },
        {
            "index":692,
            "아파트명":"삼성쉐르빌II",
            "투자타입":"일반",
            "전용면적(m2)":"50.63",
            "전용면적(평)":"15평",
            "법정동주소":"서울시 서초구 서초동 1330",
            "도로명주소":"서울시 서초구 강남대로53길 11",
            "세대수":30,
            "입주년차":20,
            "용적률점수":"--",
            "건폐율점수":"--",
            "세대당주차수":0,
            "난방방식":30,
            "공급면적":"--",
            "전용률":"--",
            "욕실수":50,
            "현관타입":100,
            "주거총점":32.5,
            "지역구공급총점":0.0,
            "역세권":80,
            "30분내 이동가능 거점":100,
            "1시간내 이동가능 거점":100,
            "교통총점":90.0,
            "백화점":100,
            "아울렛몰":0,
            "대형마트":0,
            "은행":100,
            "병원":100,
            "종합병원":100,
            "공원":0,
            "혐오시설":0,
            "인프라총점":70.0,
            "초등학군":100.0,
            "중학군":58.66,
            "학군총점":66.928,
            "인구수":47.98,
            "인구증감":-16.07,
            "인구총점":28.765,
            "일자리":61.8,
            "소득수준":74.81,
            "일자리총점":65.703,
            "가치 총점":69.0392,
            "매매실거래년":20211207.0,
            "매매실거래가":29500.0,
            "전세실거래년":20220103.0,
            "전세실거래가":30000.0,
            "전세가율":101.69,
            "장기전세가율평균":55.86,
            "전세가율거품지수":-45.83,
            "검색코드":9615,
            "세대수":365,
            "준공년월":"2002-03-25",
            "준공년차":21,
            "가까운역이름":"강남",
            "가까운역거리":357.68,
            "역세권여부":"준역세권",
            "30분이내주요거점역":9,
            "1시간이내주요거점역":14,
            "3km이내백화점수":2,
            "5km이내아울렛몰수":0,
            "1km이내대형먀트수":0,
            "500m이내은행수":21,
            "500m이내병원수":106,
            "5km이내대형병원수":4,
            "500m이내공원수":0,
            "3km이내혐오시설수":0,
            "초등학교학업성취도":100.0,
            "중학교학업성취도":95.5,
            "용적률":1008,
            "건폐율":59,
            "Y":37.49396,
            "X":127.027795,
            "rank":71.0,
            "area_info":"15평(50.63), 15평(50.59), 15평(50.7), 20평(69.31), 22평(73.48), 22평(75.98), 22평(75.97), 22평(75.99), 30평(101.38)",
            "last_sales":"2021-12-07,29500.0,15평(50.63)"
        },
        {
            "index":835,
            "아파트명":"서초쌍용플래티넘",
            "투자타입":"일반",
            "전용면적(m2)":"45.36",
            "전용면적(평)":"13평",
            "법정동주소":"서울시 서초구 서초동 1445-13",
            "도로명주소":"서울시 서초구 서초중앙로 18",
            "세대수":0,
            "입주년차":40,
            "용적률점수":"--",
            "건폐율점수":"--",
            "세대당주차수":100,
            "난방방식":30,
            "공급면적":"--",
            "전용률":"--",
            "욕실수":50,
            "현관타입":10,
            "주거총점":32.0,
            "지역구공급총점":0.0,
            "역세권":80,
            "30분내 이동가능 거점":100,
            "1시간내 이동가능 거점":100,
            "교통총점":90.0,
            "백화점":100,
            "아울렛몰":0,
            "대형마트":0,
            "은행":100,
            "병원":80,
            "종합병원":100,
            "공원":100,
            "혐오시설":0,
            "인프라총점":71.0,
            "초등학군":90.54,
            "중학군":55.22,
            "학군총점":62.284,
            "인구수":47.98,
            "인구증감":-16.07,
            "인구총점":28.765,
            "일자리":61.8,
            "소득수준":74.81,
            "일자리총점":65.703,
            "가치 총점":68.5426,
            "매매실거래년":20211001.0,
            "매매실거래가":135000.0,
            "전세실거래년":null,
            "전세실거래가":null,
            "전세가율":null,
            "장기전세가율평균":55.86,
            "전세가율거품지수":null,
            "검색코드":17774,
            "세대수":109,
            "준공년월":"2006-02-24",
            "준공년차":17,
            "가까운역이름":"남부터미널",
            "가까운역거리":132.17,
            "역세권여부":"역세권",
            "30분이내주요거점역":7,
            "1시간이내주요거점역":15,
            "3km이내백화점수":1,
            "5km이내아울렛몰수":0,
            "1km이내대형먀트수":0,
            "500m이내은행수":8,
            "500m이내병원수":37,
            "5km이내대형병원수":3,
            "500m이내공원수":4,
            "3km이내혐오시설수":0,
            "초등학교학업성취도":90.54,
            "중학교학업성취도":90.3,
            "용적률":797,
            "건폐율":57,
            "Y":37.484114,
            "X":127.017169,
            "rank":72.0,
            "area_info":"13평(45.36), 17평(57.27), 22평(72.73), 21평(72.29), 22평(73.26), 26평(89.24), 28평(94.06), 28평(94.82), 32평(106.74), 32평(107.89)",
            "last_sales":"2021-10-01,135000.0,32평(107.89)"
        },
        {
            "index":382,
            "아파트명":"방배브라운가",
            "투자타입":"일반",
            "전용면적(m2)":"105.93",
            "전용면적(평)":"32평",
            "법정동주소":"서울시 서초구 방배동 930-1",
            "도로명주소":"서울시 서초구 방배로19길 67",
            "세대수":0,
            "입주년차":40,
            "용적률점수":"--",
            "건폐율점수":"--",
            "세대당주차수":60,
            "난방방식":30,
            "공급면적":"--",
            "전용률":"--",
            "욕실수":100,
            "현관타입":100,
            "주거총점":40.0,
            "지역구공급총점":0.0,
            "역세권":80,
            "30분내 이동가능 거점":80,
            "1시간내 이동가능 거점":100,
            "교통총점":84.0,
            "백화점":100,
            "아울렛몰":0,
            "대형마트":80,
            "은행":20,
            "병원":80,
            "종합병원":100,
            "공원":100,
            "혐오시설":0,
            "인프라총점":75.0,
            "초등학군":92.76,
            "중학군":48.46,
            "학군총점":57.32,
            "인구수":47.98,
            "인구증감":-16.07,
            "인구총점":28.765,
            "일자리":61.8,
            "소득수준":74.81,
            "일자리총점":65.703,
            "가치 총점":68.498,
            "매매실거래년":20211006.0,
            "매매실거래가":200000.0,
            "전세실거래년":20211222.0,
            "전세실거래가":91000.0,
            "전세가율":60.67,
            "장기전세가율평균":55.86,
            "전세가율거품지수":-4.81,
            "검색코드":8498,
            "세대수":161,
            "준공년월":"2006-05-26",
            "준공년차":17,
            "가까운역이름":"내방",
            "가까운역거리":483.26,
            "역세권여부":"준역세권",
            "30분이내주요거점역":4,
            "1시간이내주요거점역":16,
            "3km이내백화점수":1,
            "5km이내아울렛몰수":0,
            "1km이내대형먀트수":1,
            "500m이내은행수":2,
            "500m이내병원수":35,
            "5km이내대형병원수":4,
            "500m이내공원수":5,
            "3km이내혐오시설수":0,
            "초등학교학업성취도":92.76,
            "중학교학업성취도":78.9,
            "용적률":271,
            "건폐율":22,
            "Y":37.48349,
            "X":126.9918,
            "rank":73.0,
            "area_info":"32평(105.93), 32평(106.41), 47평(156.43)",
            "last_sales":"2021-10-06,200000.0,47평(156.43)"
        },
        {
            "index":334,
            "아파트명":"방배대우디오빌",
            "투자타입":"일반",
            "전용면적(m2)":"38.67",
            "전용면적(평)":"11평",
            "법정동주소":"서울시 서초구 방배동 866-20",
            "도로명주소":"서울시 서초구 서초대로 17",
            "세대수":50,
            "입주년차":40,
            "용적률점수":"--",
            "건폐율점수":"--",
            "세대당주차수":30,
            "난방방식":30,
            "공급면적":"--",
            "전용률":"--",
            "욕실수":50,
            "현관타입":10,
            "주거총점":39.0,
            "지역구공급총점":0.0,
            "역세권":50,
            "30분내 이동가능 거점":100,
            "1시간내 이동가능 거점":100,
            "교통총점":75.0,
            "백화점":100,
            "아울렛몰":0,
            "대형마트":80,
            "은행":100,
            "병원":80,
            "종합병원":100,
            "공원":100,
            "혐오시설":0,
            "인프라총점":83.0,
            "초등학군":95.29,
            "중학군":55.3,
            "학군총점":63.298,
            "인구수":47.98,
            "인구증감":-16.07,
            "인구총점":28.765,
            "일자리":61.8,
            "소득수준":74.81,
            "일자리총점":65.703,
            "가치 총점":68.4447,
            "매매실거래년":20211114.0,
            "매매실거래가":39500.0,
            "전세실거래년":20211223.0,
            "전세실거래가":27300.0,
            "전세가율":89.51,
            "장기전세가율평균":55.86,
            "전세가율거품지수":-33.65,
            "검색코드":19698,
            "세대수":412,
            "준공년월":"2005-07-05",
            "준공년차":18,
            "가까운역이름":"내방",
            "가까운역거리":838.34,
            "역세권여부":"비역세권",
            "30분이내주요거점역":8,
            "1시간이내주요거점역":17,
            "3km이내백화점수":1,
            "5km이내아울렛몰수":0,
            "1km이내대형먀트수":1,
            "500m이내은행수":9,
            "500m이내병원수":53,
            "5km이내대형병원수":3,
            "500m이내공원수":3,
            "3km이내혐오시설수":0,
            "초등학교학업성취도":95.29,
            "중학교학업성취도":91.5,
            "용적률":659,
            "건폐율":49,
            "Y":37.485971,
            "X":126.984241,
            "rank":74.0,
            "area_info":"11평(38.67), 12평(39.69), 14평(49.13), 15평(50.51)",
            "last_sales":"2021-11-14,39500.0,15평(50.51)"
        },
        {
            "index":1290,
            "아파트명":"잠원한신그린",
            "투자타입":"일반",
            "전용면적(m2)":"96.5",
            "전용면적(평)":"29평",
            "법정동주소":"서울시 서초구 잠원동 65-8",
            "도로명주소":"서울시 서초구 신반포로33길 71",
            "세대수":0,
            "입주년차":0,
            "용적률점수":"--",
            "건폐율점수":"--",
            "세대당주차수":0,
            "난방방식":100,
            "공급면적":"--",
            "전용률":"--",
            "욕실수":100,
            "현관타입":100,
            "주거총점":30.0,
            "지역구공급총점":0.0,
            "역세권":80,
            "30분내 이동가능 거점":100,
            "1시간내 이동가능 거점":100,
            "교통총점":90.0,
            "백화점":100,
            "아울렛몰":0,
            "대형마트":80,
            "은행":0,
            "병원":60,
            "종합병원":100,
            "공원":80,
            "혐오시설":0,
            "인프라총점":70.4,
            "초등학군":97.49,
            "중학군":56.9,
            "학군총점":65.018,
            "인구수":47.98,
            "인구증감":-16.07,
            "인구총점":28.765,
            "일자리":61.8,
            "소득수준":74.81,
            "일자리총점":65.703,
            "가치 총점":68.3727,
            "매매실거래년":20210715.0,
            "매매실거래가":233000.0,
            "전세실거래년":20211214.0,
            "전세실거래가":115000.0,
            "전세가율":49.36,
            "장기전세가율평균":55.86,
            "전세가율거품지수":6.5,
            "검색코드":538,
            "세대수":150,
            "준공년월":"1993-01-21",
            "준공년차":30,
            "가까운역이름":"잠원",
            "가까운역거리":294.62,
            "역세권여부":"준역세권",
            "30분이내주요거점역":6,
            "1시간이내주요거점역":13,
            "3km이내백화점수":2,
            "5km이내아울렛몰수":0,
            "1km이내대형먀트수":1,
            "500m이내은행수":1,
            "500m이내병원수":21,
            "5km이내대형병원수":5,
            "500m이내공원수":1,
            "3km이내혐오시설수":0,
            "초등학교학업성취도":97.49,
            "중학교학업성취도":92.1,
            "용적률":227,
            "건폐율":17,
            "Y":37.513292,
            "X":127.007948,
            "rank":75.0,
            "area_info":"29평(96.5)",
            "last_sales":"2021-07-15,233000.0,29평(96.5)"
        },
        {
            "index":300,
            "아파트명":"현대동궁",
            "투자타입":"재건축",
            "전용면적(m2)":"82.31",
            "전용면적(평)":"24평",
            "법정동주소":"서울시 서초구 반포동 64-5",
            "도로명주소":"서울시 서초구 사평대로 154",
            "세대수":0,
            "입주년차":"--",
            "용적률점수":80,
            "건폐율점수":100,
            "세대당주차수":"--",
            "난방방식":"--",
            "공급면적":70,
            "전용률":80,
            "욕실수":"--",
            "현관타입":"--",
            "주거총점":59.5,
            "지역구공급총점":0.0,
            "역세권":50,
            "30분내 이동가능 거점":100,
            "1시간내 이동가능 거점":100,
            "교통총점":75.0,
            "백화점":100,
            "아울렛몰":0,
            "대형마트":0,
            "은행":100,
            "병원":60,
            "종합병원":100,
            "공원":80,
            "혐오시설":0,
            "인프라총점":68.4,
            "초등학군":93.35,
            "중학군":57.12,
            "학군총점":64.366,
            "인구수":47.98,
            "인구증감":-16.07,
            "인구총점":28.765,
            "일자리":61.8,
            "소득수준":74.81,
            "일자리총점":65.703,
            "가치 총점":68.3249,
            "매매실거래년":20210705.0,
            "매매실거래가":168500.0,
            "전세실거래년":20211210.0,
            "전세실거래가":55650.0,
            "전세가율":33.03,
            "장기전세가율평균":55.86,
            "전세가율거품지수":22.83,
            "검색코드":462,
            "세대수":224,
            "준공년월":"1991-07-20",
            "준공년차":32,
            "가까운역이름":"고속터미널",
            "가까운역거리":558.25,
            "역세권여부":"준역세권",
            "30분이내주요거점역":6,
            "1시간이내주요거점역":16,
            "3km이내백화점수":1,
            "5km이내아울렛몰수":0,
            "1km이내대형먀트수":0,
            "500m이내은행수":8,
            "500m이내병원수":22,
            "5km이내대형병원수":5,
            "500m이내공원수":1,
            "3km이내혐오시설수":0,
            "초등학교학업성취도":93.35,
            "중학교학업성취도":94.0,
            "용적률":195,
            "건폐율":14,
            "Y":37.500412,
            "X":127.001891,
            "rank":76.0,
            "area_info":"24평(82.31), 28평(95.76), 29평(96.28)",
            "last_sales":"2021-07-05,168500.0,24평(82.31)"
        },
        {
            "index":661,
            "아파트명":"밀라텔쉐르빌(엠쉐르빌)",
            "투자타입":"일반",
            "전용면적(m2)":"42.38",
            "전용면적(평)":"12평",
            "법정동주소":"서울시 서초구 서초동 1316-31",
            "도로명주소":"서울시 서초구 강남대로61길 17",
            "세대수":0,
            "입주년차":20,
            "용적률점수":"--",
            "건폐율점수":"--",
            "세대당주차수":30,
            "난방방식":30,
            "공급면적":"--",
            "전용률":"--",
            "욕실수":50,
            "현관타입":100,
            "주거총점":26.5,
            "지역구공급총점":0.0,
            "역세권":80,
            "30분내 이동가능 거점":100,
            "1시간내 이동가능 거점":100,
            "교통총점":90.0,
            "백화점":100,
            "아울렛몰":0,
            "대형마트":0,
            "은행":100,
            "병원":100,
            "종합병원":100,
            "공원":80,
            "혐오시설":0,
            "인프라총점":72.4,
            "초등학군":92.89,
            "중학군":58.36,
            "학군총점":65.266,
            "인구수":47.98,
            "인구증감":-16.07,
            "인구총점":28.765,
            "일자리":61.8,
            "소득수준":74.81,
            "일자리총점":65.703,
            "가치 총점":68.3099,
            "매매실거래년":20210607.0,
            "매매실거래가":85000.0,
            "전세실거래년":20210810.0,
            "전세실거래가":24000.0,
            "전세가율":72.73,
            "장기전세가율평균":55.86,
            "전세가율거품지수":-16.87,
            "검색코드":12226,
            "세대수":125,
            "준공년월":"2001-07-31",
            "준공년차":22,
            "가까운역이름":"강남",
            "가까운역거리":304.95,
            "역세권여부":"준역세권",
            "30분이내주요거점역":9,
            "1시간이내주요거점역":14,
            "3km이내백화점수":2,
            "5km이내아울렛몰수":0,
            "1km이내대형먀트수":0,
            "500m이내은행수":19,
            "500m이내병원수":185,
            "5km이내대형병원수":4,
            "500m이내공원수":1,
            "3km이내혐오시설수":0,
            "초등학교학업성취도":92.89,
            "중학교학업성취도":93.8,
            "용적률":1095,
            "건폐율":58,
            "Y":37.498713,
            "X":127.025064,
            "rank":77.0,
            "area_info":"12평(42.38), 17평(59.19), 18평(60.05), 19평(65.24), 25평(84.75), 26평(86.92), 38평(127.22)",
            "last_sales":"2021-06-07,85000.0,25평(84.75)"
        },
        {
            "index":373,
            "아파트명":"방배마에스트로",
            "투자타입":"일반",
            "전용면적(m2)":"38.91",
            "전용면적(평)":"11평",
            "법정동주소":"서울시 서초구 방배동 866-10",
            "도로명주소":"서울시 서초구 서초대로 13",
            "세대수":0,
            "입주년차":100,
            "용적률점수":"--",
            "건폐율점수":"--",
            "세대당주차수":0,
            "난방방식":30,
            "공급면적":"--",
            "전용률":"--",
            "욕실수":50,
            "현관타입":100,
            "주거총점":38.0,
            "지역구공급총점":0.0,
            "역세권":50,
            "30분내 이동가능 거점":100,
            "1시간내 이동가능 거점":100,
            "교통총점":75.0,
            "백화점":100,
            "아울렛몰":0,
            "대형마트":80,
            "은행":100,
            "병원":80,
            "종합병원":100,
            "공원":100,
            "혐오시설":0,
            "인프라총점":83.0,
            "초등학군":95.29,
            "중학군":55.3,
            "학군총점":63.298,
            "인구수":47.98,
            "인구증감":-16.07,
            "인구총점":28.765,
            "일자리":61.8,
            "소득수준":74.81,
            "일자리총점":65.703,
            "가치 총점":68.2447,
            "매매실거래년":20211025.0,
            "매매실거래가":89800.0,
            "전세실거래년":20210427.0,
            "전세실거래가":48000.0,
            "전세가율":63.58,
            "장기전세가율평균":55.86,
            "전세가율거품지수":-7.72,
            "검색코드":113975,
            "세대수":118,
            "준공년월":"2019-01-21",
            "준공년차":4,
            "가까운역이름":"내방",
            "가까운역거리":870.11,
            "역세권여부":"비역세권",
            "30분이내주요거점역":8,
            "1시간이내주요거점역":17,
            "3km이내백화점수":1,
            "5km이내아울렛몰수":0,
            "1km이내대형먀트수":1,
            "500m이내은행수":9,
            "500m이내병원수":53,
            "5km이내대형병원수":3,
            "500m이내공원수":2,
            "3km이내혐오시설수":0,
            "초등학교학업성취도":95.29,
            "중학교학업성취도":91.5,
            "용적률":629,
            "건폐율":59,
            "Y":37.486006,
            "X":126.983863,
            "rank":78.0,
            "area_info":"11평(38.91), 12평(42.27), 13평(44.39), 15평(50.53), 15평(52.03), 15평(52.87), 16평(53.02), 22평(74.58), 23평(77.44)",
            "last_sales":"2021-10-25,89800.0,16평(53.02)"
        },
        {
            "index":791,
            "아파트명":"서초롯데캐슬프레지던트",
            "투자타입":"일반",
            "전용면적(m2)":"111.05",
            "전용면적(평)":"33평",
            "법정동주소":"서울시 서초구 서초동 1681-8",
            "도로명주소":"서울시 서초구 서초중앙로24길 57",
            "세대수":0,
            "입주년차":80,
            "용적률점수":"--",
            "건폐율점수":"--",
            "세대당주차수":60,
            "난방방식":100,
            "공급면적":"--",
            "전용률":"--",
            "욕실수":100,
            "현관타입":100,
            "주거총점":55.0,
            "지역구공급총점":0.0,
            "역세권":50,
            "30분내 이동가능 거점":100,
            "1시간내 이동가능 거점":100,
            "교통총점":75.0,
            "백화점":100,
            "아울렛몰":0,
            "대형마트":0,
            "은행":100,
            "병원":80,
            "종합병원":100,
            "공원":80,
            "혐오시설":0,
            "인프라총점":70.4,
            "초등학군":92.89,
            "중학군":58.36,
            "학군총점":65.266,
            "인구수":47.98,
            "인구증감":-16.07,
            "인구총점":28.765,
            "일자리":61.8,
            "소득수준":74.81,
            "일자리총점":65.703,
            "가치 총점":68.1599,
            "매매실거래년":20210527.0,
            "매매실거래가":225000.0,
            "전세실거래년":20211230.0,
            "전세실거래가":115500.0,
            "전세가율":51.33,
            "장기전세가율평균":55.86,
            "전세가율거품지수":4.53,
            "검색코드":104694,
            "세대수":280,
            "준공년월":"2014-11-14",
            "준공년차":9,
            "가까운역이름":"교대",
            "가까운역거리":632.75,
            "역세권여부":"준역세권",
            "30분이내주요거점역":8,
            "1시간이내주요거점역":14,
            "3km이내백화점수":2,
            "5km이내아울렛몰수":0,
            "1km이내대형먀트수":0,
            "500m이내은행수":6,
            "500m이내병원수":56,
            "5km이내대형병원수":4,
            "500m이내공원수":1,
            "3km이내혐오시설수":0,
            "초등학교학업성취도":92.89,
            "중학교학업성취도":93.8,
            "용적률":283,
            "건폐율":16,
            "Y":37.496912,
            "X":127.019738,
            "rank":79.0,
            "area_info":"33평(111.05), 33평(111.22), 46평(152.89), 56평(187.11)",
            "last_sales":"2021-05-27,225000.0,33평(111.05)"
        },
        {
            "index":1267,
            "아파트명":"신반포청구",
            "투자타입":"일반",
            "전용면적(m2)":"80.55",
            "전용면적(평)":"24평",
            "법정동주소":"서울시 서초구 잠원동 63-2",
            "도로명주소":"서울시 서초구 신반포로33길 66",
            "세대수":30,
            "입주년차":0,
            "용적률점수":"--",
            "건폐율점수":"--",
            "세대당주차수":0,
            "난방방식":30,
            "공급면적":"--",
            "전용률":"--",
            "욕실수":50,
            "현관타입":100,
            "주거총점":28.5,
            "지역구공급총점":0.0,
            "역세권":80,
            "30분내 이동가능 거점":100,
            "1시간내 이동가능 거점":100,
            "교통총점":90.0,
            "백화점":100,
            "아울렛몰":0,
            "대형마트":80,
            "은행":0,
            "병원":60,
            "종합병원":100,
            "공원":80,
            "혐오시설":0,
            "인프라총점":70.4,
            "초등학군":97.49,
            "중학군":56.9,
            "학군총점":65.018,
            "인구수":47.98,
            "인구증감":-16.07,
            "인구총점":28.765,
            "일자리":61.8,
            "소득수준":74.81,
            "일자리총점":65.703,
            "가치 총점":68.0727,
            "매매실거래년":20211120.0,
            "매매실거래가":195000.0,
            "전세실거래년":20211120.0,
            "전세실거래가":68200.0,
            "전세가율":34.97,
            "장기전세가율평균":55.86,
            "전세가율거품지수":20.89,
            "검색코드":518,
            "세대수":347,
            "준공년월":"1998-01-24",
            "준공년차":25,
            "가까운역이름":"잠원",
            "가까운역거리":303.98,
            "역세권여부":"준역세권",
            "30분이내주요거점역":6,
            "1시간이내주요거점역":12,
            "3km이내백화점수":2,
            "5km이내아울렛몰수":0,
            "1km이내대형먀트수":1,
            "500m이내은행수":1,
            "500m이내병원수":21,
            "5km이내대형병원수":5,
            "500m이내공원수":1,
            "3km이내혐오시설수":0,
            "초등학교학업성취도":97.49,
            "중학교학업성취도":92.1,
            "용적률":328,
            "건폐율":24,
            "Y":37.514334,
            "X":127.008403,
            "rank":80.0,
            "area_info":"24평(80.55), 24평(80.09), 33평(109.65), 33평(109.64)",
            "last_sales":"2021-11-20,195000.0,24평(80.55)"
        },
        {
            "index":1234,
            "아파트명":"반포한신타워",
            "투자타입":"일반",
            "전용면적(m2)":"83.77",
            "전용면적(평)":"25평",
            "법정동주소":"서울시 서초구 잠원동 71-11",
            "도로명주소":"서울시 서초구 잠원로3길 8",
            "세대수":0,
            "입주년차":0,
            "용적률점수":"--",
            "건폐율점수":"--",
            "세대당주차수":0,
            "난방방식":80,
            "공급면적":"--",
            "전용률":"--",
            "욕실수":50,
            "현관타입":10,
            "주거총점":14.0,
            "지역구공급총점":0.0,
            "역세권":80,
            "30분내 이동가능 거점":100,
            "1시간내 이동가능 거점":100,
            "교통총점":90.0,
            "백화점":100,
            "아울렛몰":0,
            "대형마트":80,
            "은행":70,
            "병원":80,
            "종합병원":100,
            "공원":100,
            "혐오시설":0,
            "인프라총점":80.0,
            "초등학군":97.49,
            "중학군":56.9,
            "학군총점":65.018,
            "인구수":47.98,
            "인구증감":-16.07,
            "인구총점":28.765,
            "일자리":61.8,
            "소득수준":74.81,
            "일자리총점":65.703,
            "가치 총점":68.0527,
            "매매실거래년":20190625.0,
            "매매실거래가":178500.0,
            "전세실거래년":20210309.0,
            "전세실거래가":72000.0,
            "전세가율":58.06,
            "장기전세가율평균":55.86,
            "전세가율거품지수":-2.2,
            "검색코드":540,
            "세대수":250,
            "준공년월":"1996-08-05",
            "준공년차":27,
            "가까운역이름":"잠원",
            "가까운역거리":496.26,
            "역세권여부":"준역세권",
            "30분이내주요거점역":5,
            "1시간이내주요거점역":14,
            "3km이내백화점수":2,
            "5km이내아울렛몰수":0,
            "1km이내대형먀트수":1,
            "500m이내은행수":4,
            "500m이내병원수":34,
            "5km이내대형병원수":5,
            "500m이내공원수":6,
            "3km이내혐오시설수":0,
            "초등학교학업성취도":97.49,
            "중학교학업성취도":92.1,
            "용적률":271,
            "건폐율":24,
            "Y":37.51098,
            "X":127.00606,
            "rank":81.0,
            "area_info":"25평(83.77), 25평(84.91), 28평(94.19), 29평(97.14), 32평(106.91), 32평(106.0), 35평(115.87), 36평(121.76), 39평(131.05), 47평(158.42), 48평(159.44), 48평(159.43), 48평(159.58)",
            "last_sales":"2019-06-25,178500.0,36평(121.76)"
        },
        {
            "index":1008,
            "아파트명":"진흥",
            "투자타입":"재건축",
            "전용면적(m2)":"107.5",
            "전용면적(평)":"32평",
            "법정동주소":"서울시 서초구 서초동 1315",
            "도로명주소":"서울시 서초구 서초대로 385",
            "세대수":50,
            "입주년차":"--",
            "용적률점수":0,
            "건폐율점수":0,
            "세대당주차수":"--",
            "난방방식":"--",
            "공급면적":90,
            "전용률":100,
            "욕실수":"--",
            "현관타입":"--",
            "주거총점":24.5,
            "지역구공급총점":0.0,
            "역세권":80,
            "30분내 이동가능 거점":100,
            "1시간내 이동가능 거점":100,
            "교통총점":90.0,
            "백화점":100,
            "아울렛몰":0,
            "대형마트":0,
            "은행":100,
            "병원":100,
            "종합병원":100,
            "공원":80,
            "혐오시설":0,
            "인프라총점":72.4,
            "초등학군":92.89,
            "중학군":58.36,
            "학군총점":65.266,
            "인구수":47.98,
            "인구증감":-16.07,
            "인구총점":28.765,
            "일자리":61.8,
            "소득수준":74.81,
            "일자리총점":65.703,
            "가치 총점":67.9099,
            "매매실거래년":20211129.0,
            "매매실거래가":325000.0,
            "전세실거래년":20211223.0,
            "전세실거래가":50000.0,
            "전세가율":18.52,
            "장기전세가율평균":55.86,
            "전세가율거품지수":37.34,
            "검색코드":492,
            "세대수":615,
            "준공년월":"1979-08-22",
            "준공년차":44,
            "가까운역이름":"강남",
            "가까운역거리":442.74,
            "역세권여부":"준역세권",
            "30분이내주요거점역":6,
            "1시간이내주요거점역":14,
            "3km이내백화점수":2,
            "5km이내아울렛몰수":0,
            "1km이내대형먀트수":0,
            "500m이내은행수":19,
            "500m이내병원수":132,
            "5km이내대형병원수":4,
            "500m이내공원수":1,
            "3km이내혐오시설수":0,
            "초등학교학업성취도":92.89,
            "중학교학업성취도":93.8,
            "용적률":0,
            "건폐율":0,
            "Y":37.497326,
            "X":127.022911,
            "rank":82.0,
            "area_info":"32평(107.5), 42평(140.69), 42평(140.72), 52평(172.16)",
            "last_sales":"2021-11-29,325000.0,42평(140.69)"
        },
        {
            "index":1251,
            "아파트명":"신반포20차",
            "투자타입":"재건축",
            "전용면적(m2)":"155.6",
            "전용면적(평)":"47평",
            "법정동주소":"서울시 서초구 잠원동 60-78",
            "도로명주소":"서울시 서초구 나루터로4길 60",
            "세대수":0,
            "입주년차":"--",
            "용적률점수":0,
            "건폐율점수":0,
            "세대당주차수":"--",
            "난방방식":"--",
            "공급면적":100,
            "전용률":100,
            "욕실수":"--",
            "현관타입":"--",
            "주거총점":10.0,
            "지역구공급총점":0.0,
            "역세권":80,
            "30분내 이동가능 거점":100,
            "1시간내 이동가능 거점":100,
            "교통총점":90.0,
            "백화점":100,
            "아울렛몰":0,
            "대형마트":80,
            "은행":100,
            "병원":80,
            "종합병원":100,
            "공원":100,
            "혐오시설":0,
            "인프라총점":83.0,
            "초등학군":88.49,
            "중학군":56.9,
            "학군총점":63.218,
            "인구수":47.98,
            "인구증감":-16.07,
            "인구총점":28.765,
            "일자리":61.8,
            "소득수준":74.81,
            "일자리총점":65.703,
            "가치 총점":67.8827,
            "매매실거래년":20211023.0,
            "매매실거래가":347000.0,
            "전세실거래년":20211215.0,
            "전세실거래가":130000.0,
            "전세가율":37.46,
            "장기전세가율평균":55.86,
            "전세가율거품지수":18.4,
            "검색코드":3525,
            "세대수":112,
            "준공년월":"1983-12-23",
            "준공년차":40,
            "가까운역이름":"반포",
            "가까운역거리":250.66,
            "역세권여부":"준역세권",
            "30분이내주요거점역":6,
            "1시간이내주요거점역":15,
            "3km이내백화점수":2,
            "5km이내아울렛몰수":0,
            "1km이내대형먀트수":1,
            "500m이내은행수":6,
            "500m이내병원수":43,
            "5km이내대형병원수":5,
            "500m이내공원수":3,
            "3km이내혐오시설수":0,
            "초등학교학업성취도":88.49,
            "중학교학업성취도":92.1,
            "용적률":0,
            "건폐율":0,
            "Y":37.510426,
            "X":127.011938,
            "rank":83.0,
            "area_info":"47평(155.6)",
            "last_sales":"2021-10-23,347000.0,47평(155.6)"
        },
        {
            "index":1292,
            "아파트명":"잠원현대훼밀리",
            "투자타입":"일반",
            "전용면적(m2)":"73.43",
            "전용면적(평)":"22평",
            "법정동주소":"서울시 서초구 잠원동 59-3",
            "도로명주소":"서울시 서초구 신반포로 261",
            "세대수":0,
            "입주년차":0,
            "용적률점수":"--",
            "건폐율점수":"--",
            "세대당주차수":0,
            "난방방식":30,
            "공급면적":"--",
            "전용률":"--",
            "욕실수":50,
            "현관타입":10,
            "주거총점":9.0,
            "지역구공급총점":0.0,
            "역세권":80,
            "30분내 이동가능 거점":100,
            "1시간내 이동가능 거점":100,
            "교통총점":90.0,
            "백화점":100,
            "아울렛몰":0,
            "대형마트":80,
            "은행":100,
            "병원":80,
            "종합병원":100,
            "공원":100,
            "혐오시설":0,
            "인프라총점":83.0,
            "초등학군":88.49,
            "중학군":58.14,
            "학군총점":64.21,
            "인구수":47.98,
            "인구증감":-16.07,
            "인구총점":28.765,
            "일자리":61.8,
            "소득수준":74.81,
            "일자리총점":65.703,
            "가치 총점":67.8315,
            "매매실거래년":20210410.0,
            "매매실거래가":155000.0,
            "전세실거래년":20210527.0,
            "전세실거래가":115000.0,
            "전세가율":74.19,
            "장기전세가율평균":55.86,
            "전세가율거품지수":-18.33,
            "검색코드":546,
            "세대수":113,
            "준공년월":"1997-08-27",
            "준공년차":26,
            "가까운역이름":"반포",
            "가까운역거리":138.96,
            "역세권여부":"역세권",
            "30분이내주요거점역":6,
            "1시간이내주요거점역":15,
            "3km이내백화점수":2,
            "5km이내아울렛몰수":0,
            "1km이내대형먀트수":1,
            "500m이내은행수":5,
            "500m이내병원수":40,
            "5km이내대형병원수":5,
            "500m이내공원수":2,
            "3km이내혐오시설수":0,
            "초등학교학업성취도":88.49,
            "중학교학업성취도":94.1,
            "용적률":342,
            "건폐율":24,
            "Y":37.509064,
            "X":127.012838,
            "rank":84.0,
            "area_info":"22평(73.43), 31평(104.2), 31평(104.19)",
            "last_sales":"2021-04-10,155000.0,22평(73.43)"
        },
        {
            "index":454,
            "아파트명":"방배현대홈타운1차",
            "투자타입":"일반",
            "전용면적(m2)":"85.04",
            "전용면적(평)":"25평",
            "법정동주소":"서울시 서초구 방배동 1344",
            "도로명주소":"서울시 서초구 서초대로1길 30",
            "세대수":50,
            "입주년차":20,
            "용적률점수":"--",
            "건폐율점수":"--",
            "세대당주차수":30,
            "난방방식":30,
            "공급면적":"--",
            "전용률":"--",
            "욕실수":50,
            "현관타입":10,
            "주거총점":35.0,
            "지역구공급총점":0.0,
            "역세권":50,
            "30분내 이동가능 거점":100,
            "1시간내 이동가능 거점":100,
            "교통총점":75.0,
            "백화점":100,
            "아울렛몰":0,
            "대형마트":80,
            "은행":100,
            "병원":80,
            "종합병원":100,
            "공원":100,
            "혐오시설":0,
            "인프라총점":83.0,
            "초등학군":95.29,
            "중학군":55.3,
            "학군총점":63.298,
            "인구수":47.98,
            "인구증감":-16.07,
            "인구총점":28.765,
            "일자리":61.8,
            "소득수준":74.81,
            "일자리총점":65.703,
            "가치 총점":67.6447,
            "매매실거래년":20211209.0,
            "매매실거래가":220000.0,
            "전세실거래년":20211110.0,
            "전세실거래가":56700.0,
            "전세가율":31.5,
            "장기전세가율평균":55.86,
            "전세가율거품지수":24.36,
            "검색코드":464,
            "세대수":644,
            "준공년월":"1999-11-09",
            "준공년차":24,
            "가까운역이름":"내방",
            "가까운역거리":907.74,
            "역세권여부":"비역세권",
            "30분이내주요거점역":8,
            "1시간이내주요거점역":16,
            "3km이내백화점수":1,
            "5km이내아울렛몰수":0,
            "1km이내대형먀트수":1,
            "500m이내은행수":8,
            "500m이내병원수":51,
            "5km이내대형병원수":4,
            "500m이내공원수":2,
            "3km이내혐오시설수":0,
            "초등학교학업성취도":95.29,
            "중학교학업성취도":91.5,
            "용적률":272,
            "건폐율":23,
            "Y":37.489189,
            "X":126.983417,
            "rank":85.0,
            "area_info":"25평(85.04), 33평(109.44), 42평(141.97), 45평(151.84), 49평(163.97)",
            "last_sales":"2021-12-09,220000.0,33평(109.44)"
        },
        {
            "index":410,
            "아파트명":"방배아크로타워",
            "투자타입":"일반",
            "전용면적(m2)":"65.64",
            "전용면적(평)":"19평",
            "법정동주소":"서울시 서초구 방배동 923-6",
            "도로명주소":"서울시 서초구 방배로13길 18",
            "세대수":0,
            "입주년차":40,
            "용적률점수":"--",
            "건폐율점수":"--",
            "세대당주차수":60,
            "난방방식":30,
            "공급면적":"--",
            "전용률":"--",
            "욕실수":50,
            "현관타입":100,
            "주거총점":35.0,
            "지역구공급총점":0.0,
            "역세권":80,
            "30분내 이동가능 거점":100,
            "1시간내 이동가능 거점":100,
            "교통총점":90.0,
            "백화점":100,
            "아울렛몰":0,
            "대형마트":0,
            "은행":70,
            "병원":80,
            "종합병원":100,
            "공원":100,
            "혐오시설":0,
            "인프라총점":68.0,
            "초등학군":92.76,
            "중학군":48.46,
            "학군총점":57.32,
            "인구수":47.98,
            "인구증감":-16.07,
            "인구총점":28.765,
            "일자리":61.8,
            "소득수준":74.81,
            "일자리총점":65.703,
            "가치 총점":67.498,
            "매매실거래년":20210116.0,
            "매매실거래가":103500.0,
            "전세실거래년":20210407.0,
            "전세실거래가":45000.0,
            "전세가율":84.11,
            "장기전세가율평균":55.86,
            "전세가율거품지수":-28.25,
            "검색코드":25849,
            "세대수":116,
            "준공년월":"2007-04-19",
            "준공년차":16,
            "가까운역이름":"방배",
            "가까운역거리":293.38,
            "역세권여부":"준역세권",
            "30분이내주요거점역":5,
            "1시간이내주요거점역":17,
            "3km이내백화점수":1,
            "5km이내아울렛몰수":0,
            "1km이내대형먀트수":0,
            "500m이내은행수":3,
            "500m이내병원수":47,
            "5km이내대형병원수":4,
            "500m이내공원수":6,
            "3km이내혐오시설수":0,
            "초등학교학업성취도":92.76,
            "중학교학업성취도":78.9,
            "용적률":388,
            "건폐율":59,
            "Y":37.483208,
            "X":126.995144,
            "rank":86.0,
            "area_info":"19평(65.64), 20평(66.7), 21평(70.91), 21평(71.87), 22평(72.83), 21평(72.02), 22평(75.89), 23평(76.85), 24평(80.0), 25평(83.23), 25평(84.37), 29평(96.21), 30평(99.53), 32평(107.96), 32평(107.57), 32평(108.44), 32평(108.61), 33평(110.9)",
            "last_sales":"2021-01-16,103500.0,33평(110.9)"
        },
        {
            "index":247,
            "아파트명":"신반포15차",
            "투자타입":"재건축",
            "전용면적(m2)":"146.02",
            "전용면적(평)":"44평",
            "법정동주소":"서울시 서초구 반포동 12",
            "도로명주소":"서울시 서초구 신반포로15길 5",
            "세대수":0,
            "입주년차":"--",
            "용적률점수":100,
            "건폐율점수":0,
            "세대당주차수":"--",
            "난방방식":"--",
            "공급면적":100,
            "전용률":80,
            "욕실수":"--",
            "현관타입":"--",
            "주거총점":49.0,
            "지역구공급총점":0.0,
            "역세권":80,
            "30분내 이동가능 거점":100,
            "1시간내 이동가능 거점":100,
            "교통총점":90.0,
            "백화점":100,
            "아울렛몰":0,
            "대형마트":0,
            "은행":0,
            "병원":30,
            "종합병원":100,
            "공원":80,
            "혐오시설":0,
            "인프라총점":55.4,
            "초등학군":94.84,
            "중학군":55.78,
            "학군총점":63.592,
            "인구수":47.98,
            "인구증감":-16.07,
            "인구총점":28.765,
            "일자리":61.8,
            "소득수준":74.81,
            "일자리총점":65.703,
            "가치 총점":67.4588,
            "매매실거래년":20180310.0,
            "매매실거래가":350000.0,
            "전세실거래년":20170207.0,
            "전세실거래가":65000.0,
            "전세가율":18.57,
            "장기전세가율평균":55.86,
            "전세가율거품지수":37.29,
            "검색코드":456,
            "세대수":180,
            "준공년월":"1982-06-26",
            "준공년차":41,
            "가까운역이름":"신반포",
            "가까운역거리":214.39,
            "역세권여부":"역세권",
            "30분이내주요거점역":6,
            "1시간이내주요거점역":16,
            "3km이내백화점수":1,
            "5km이내아울렛몰수":0,
            "1km이내대형먀트수":0,
            "500m이내은행수":1,
            "500m이내병원수":6,
            "5km이내대형병원수":5,
            "500m이내공원수":1,
            "3km이내혐오시설수":0,
            "초등학교학업성취도":94.84,
            "중학교학업성취도":91.1,
            "용적률":124,
            "건폐율":0,
            "Y":37.504054,
            "X":126.993632,
            "rank":87.0,
            "area_info":"44평(146.02), 54평(179.53), 54평(179.8), 65평(216.52), 65평(217.41), 65평(217.74)",
            "last_sales":"2018-03-10,350000.0,44평(146.02)"
        },
        {
            "index":225,
            "아파트명":"반포주공1단지",
            "투자타입":"재건축",
            "전용면적(m2)":"72.73",
            "전용면적(평)":"22평",
            "법정동주소":"서울시 서초구 반포동 1124",
            "도로명주소":"서울시 서초구 신반포로 32",
            "세대수":100,
            "입주년차":"--",
            "용적률점수":0,
            "건폐율점수":0,
            "세대당주차수":"--",
            "난방방식":"--",
            "공급면적":50,
            "전용률":100,
            "욕실수":"--",
            "현관타입":"--",
            "주거총점":37.5,
            "지역구공급총점":0.0,
            "역세권":80,
            "30분내 이동가능 거점":100,
            "1시간내 이동가능 거점":100,
            "교통총점":90.0,
            "백화점":100,
            "아울렛몰":0,
            "대형마트":0,
            "은행":70,
            "병원":30,
            "종합병원":100,
            "공원":100,
            "혐오시설":0,
            "인프라총점":63.0,
            "초등학군":94.84,
            "중학군":55.78,
            "학군총점":63.592,
            "인구수":47.98,
            "인구증감":-16.07,
            "인구총점":28.765,
            "일자리":61.8,
            "소득수준":74.81,
            "일자리총점":65.703,
            "가치 총점":67.4388,
            "매매실거래년":20211225.0,
            "매매실거래가":280000.0,
            "전세실거래년":20210726.0,
            "전세실거래가":36000.0,
            "전세가율":12.86,
            "장기전세가율평균":55.86,
            "전세가율거품지수":43.0,
            "검색코드":453,
            "세대수":3590,
            "준공년월":"1973-01-25",
            "준공년차":50,
            "가까운역이름":"구반포",
            "가까운역거리":115.12,
            "역세권여부":"역세권",
            "30분이내주요거점역":5,
            "1시간이내주요거점역":16,
            "3km이내백화점수":1,
            "5km이내아울렛몰수":0,
            "1km이내대형먀트수":0,
            "500m이내은행수":4,
            "500m이내병원수":8,
            "5km이내대형병원수":5,
            "500m이내공원수":5,
            "3km이내혐오시설수":0,
            "초등학교학업성취도":94.84,
            "중학교학업성취도":91.1,
            "용적률":0,
            "건폐율":0,
            "Y":37.500802,
            "X":126.988428,
            "rank":88.0,
            "area_info":"22평(72.73), 32평(105.79), 41평(138.84), 62평(204.96)",
            "last_sales":"2021-12-25,280000.0,22평(72.73)"
        },
        {
            "index":1271,
            "아파트명":"신화",
            "투자타입":"일반",
            "전용면적(m2)":"76.94",
            "전용면적(평)":"23평",
            "법정동주소":"서울시 서초구 잠원동 54-7",
            "도로명주소":"서울시 서초구 잠원로14길 54",
            "세대수":0,
            "입주년차":0,
            "용적률점수":"--",
            "건폐율점수":"--",
            "세대당주차수":30,
            "난방방식":30,
            "공급면적":"--",
            "전용률":"--",
            "욕실수":50,
            "현관타입":100,
            "주거총점":22.5,
            "지역구공급총점":0.0,
            "역세권":80,
            "30분내 이동가능 거점":100,
            "1시간내 이동가능 거점":100,
            "교통총점":90.0,
            "백화점":100,
            "아울렛몰":0,
            "대형마트":80,
            "은행":0,
            "병원":80,
            "종합병원":100,
            "공원":100,
            "혐오시설":0,
            "인프라총점":73.0,
            "초등학군":90.88,
            "중학군":56.64,
            "학군총점":63.488,
            "인구수":47.98,
            "인구증감":-16.07,
            "인구총점":28.765,
            "일자리":61.8,
            "소득수준":74.81,
            "일자리총점":65.703,
            "가치 총점":67.4232,
            "매매실거래년":20210821.0,
            "매매실거래가":220000.0,
            "전세실거래년":20210904.0,
            "전세실거래가":52000.0,
            "전세가율":35.37,
            "장기전세가율평균":55.86,
            "전세가율거품지수":20.49,
            "검색코드":515,
            "세대수":166,
            "준공년월":"1997-10-01",
            "준공년차":26,
            "가까운역이름":"잠원",
            "가까운역거리":397.09,
            "역세권여부":"준역세권",
            "30분이내주요거점역":5,
            "1시간이내주요거점역":11,
            "3km이내백화점수":3,
            "5km이내아울렛몰수":0,
            "1km이내대형먀트수":1,
            "500m이내은행수":1,
            "500m이내병원수":57,
            "5km이내대형병원수":5,
            "500m이내공원수":6,
            "3km이내혐오시설수":0,
            "초등학교학업성취도":90.88,
            "중학교학업성취도":91.2,
            "용적률":374,
            "건폐율":24,
            "Y":37.515721,
            "X":127.013735,
            "rank":89.0,
            "area_info":"23평(76.94), 31평(103.15), 32평(105.84), 32평(108.66), 33평(109.7)",
            "last_sales":"2021-08-21,220000.0,33평(109.7)"
        },
        {
            "index":994,
            "아파트명":"유원서초",
            "투자타입":"일반",
            "전용면적(m2)":"105.8",
            "전용면적(평)":"32평",
            "법정동주소":"서울시 서초구 서초동 1687",
            "도로명주소":"서울시 서초구 서초중앙로24길 43",
            "세대수":50,
            "입주년차":0,
            "용적률점수":"--",
            "건폐율점수":"--",
            "세대당주차수":0,
            "난방방식":100,
            "공급면적":"--",
            "전용률":"--",
            "욕실수":100,
            "현관타입":100,
            "주거총점":47.5,
            "지역구공급총점":0.0,
            "역세권":50,
            "30분내 이동가능 거점":100,
            "1시간내 이동가능 거점":100,
            "교통총점":75.0,
            "백화점":100,
            "아울렛몰":0,
            "대형마트":0,
            "은행":100,
            "병원":100,
            "종합병원":100,
            "공원":80,
            "혐오시설":0,
            "인프라총점":72.4,
            "초등학군":92.89,
            "중학군":58.36,
            "학군총점":65.266,
            "인구수":47.98,
            "인구증감":-16.07,
            "인구총점":28.765,
            "일자리":61.8,
            "소득수준":74.81,
            "일자리총점":65.703,
            "가치 총점":67.2599,
            "매매실거래년":20211208.0,
            "매매실거래가":218000.0,
            "전세실거래년":20220107.0,
            "전세실거래가":110000.0,
            "전세가율":50.46,
            "장기전세가율평균":55.86,
            "전세가율거품지수":5.4,
            "검색코드":491,
            "세대수":590,
            "준공년월":"1993-11-25",
            "준공년차":30,
            "가까운역이름":"교대",
            "가까운역거리":500.72,
            "역세권여부":"준역세권",
            "30분이내주요거점역":6,
            "1시간이내주요거점역":14,
            "3km이내백화점수":1,
            "5km이내아울렛몰수":0,
            "1km이내대형먀트수":0,
            "500m이내은행수":8,
            "500m이내병원수":76,
            "5km이내대형병원수":4,
            "500m이내공원수":1,
            "3km이내혐오시설수":0,
            "초등학교학업성취도":92.89,
            "중학교학업성취도":93.8,
            "용적률":265,
            "건폐율":18,
            "Y":37.496155,
            "X":127.018584,
            "rank":90.0,
            "area_info":"32평(105.8), 32평(105.86), 32평(105.81), 32평(105.86), 32평(105.8), 32평(105.86), 32평(105.8)",
            "last_sales":"2021-12-08,218000.0,32평(105.8)"
        },
        {
            "index":402,
            "아파트명":"방배아이파크",
            "투자타입":"일반",
            "전용면적(m2)":"114.5",
            "전용면적(평)":"34평",
            "법정동주소":"서울시 서초구 방배동 3277",
            "도로명주소":"서울시 서초구 동광로3길 18",
            "세대수":0,
            "입주년차":40,
            "용적률점수":"--",
            "건폐율점수":"--",
            "세대당주차수":60,
            "난방방식":30,
            "공급면적":"--",
            "전용률":"--",
            "욕실수":100,
            "현관타입":100,
            "주거총점":40.0,
            "지역구공급총점":0.0,
            "역세권":50,
            "30분내 이동가능 거점":100,
            "1시간내 이동가능 거점":100,
            "교통총점":75.0,
            "백화점":100,
            "아울렛몰":0,
            "대형마트":80,
            "은행":70,
            "병원":60,
            "종합병원":100,
            "공원":100,
            "혐오시설":0,
            "인프라총점":78.0,
            "초등학군":93.56,
            "중학군":55.3,
            "학군총점":62.952,
            "인구수":47.98,
            "인구증감":-16.07,
            "인구총점":28.765,
            "일자리":61.8,
            "소득수준":74.81,
            "일자리총점":65.703,
            "가치 총점":67.0928,
            "매매실거래년":20210710.0,
            "매매실거래가":230000.0,
            "전세실거래년":20210622.0,
            "전세실거래가":140000.0,
            "전세가율":77.78,
            "장기전세가율평균":55.86,
            "전세가율거품지수":-21.92,
            "검색코드":18934,
            "세대수":138,
            "준공년월":"2006-06-05",
            "준공년차":17,
            "가까운역이름":"내방",
            "가까운역거리":874.16,
            "역세권여부":"비역세권",
            "30분이내주요거점역":5,
            "1시간이내주요거점역":15,
            "3km이내백화점수":1,
            "5km이내아울렛몰수":0,
            "1km이내대형먀트수":1,
            "500m이내은행수":4,
            "500m이내병원수":25,
            "5km이내대형병원수":5,
            "500m이내공원수":3,
            "3km이내혐오시설수":0,
            "초등학교학업성취도":93.56,
            "중학교학업성취도":91.5,
            "용적률":249,
            "건폐율":29,
            "Y":37.49164,
            "X":126.985,
            "rank":91.0,
            "area_info":"34평(114.5), 34평(114.6), 46평(155.01), 60평(199.17)",
            "last_sales":"2021-07-10,230000.0,46평(155.01)"
        },
        {
            "index":1299,
            "아파트명":"킴스빌리지",
            "투자타입":"일반",
            "전용면적(m2)":"34.79",
            "전용면적(평)":"10평",
            "법정동주소":"서울시 서초구 잠원동 71-12",
            "도로명주소":"서울시 서초구 잠원로3길 6",
            "세대수":0,
            "입주년차":0,
            "용적률점수":"--",
            "건폐율점수":"--",
            "세대당주차수":0,
            "난방방식":30,
            "공급면적":"--",
            "전용률":"--",
            "욕실수":50,
            "현관타입":10,
            "주거총점":9.0,
            "지역구공급총점":0.0,
            "역세권":80,
            "30분내 이동가능 거점":100,
            "1시간내 이동가능 거점":100,
            "교통총점":90.0,
            "백화점":100,
            "아울렛몰":0,
            "대형마트":80,
            "은행":70,
            "병원":80,
            "종합병원":100,
            "공원":100,
            "혐오시설":0,
            "인프라총점":80.0,
            "초등학군":97.49,
            "중학군":56.9,
            "학군총점":65.018,
            "인구수":47.98,
            "인구증감":-16.07,
            "인구총점":28.765,
            "일자리":61.8,
            "소득수준":74.81,
            "일자리총점":65.703,
            "가치 총점":67.0527,
            "매매실거래년":20211016.0,
            "매매실거래가":82000.0,
            "전세실거래년":20210513.0,
            "전세실거래가":22000.0,
            "전세가율":26.83,
            "장기전세가율평균":55.86,
            "전세가율거품지수":29.03,
            "검색코드":8219,
            "세대수":160,
            "준공년월":"1996-12-17",
            "준공년차":27,
            "가까운역이름":"잠원",
            "가까운역거리":471.6,
            "역세권여부":"준역세권",
            "30분이내주요거점역":6,
            "1시간이내주요거점역":12,
            "3km이내백화점수":2,
            "5km이내아울렛몰수":0,
            "1km이내대형먀트수":1,
            "500m이내은행수":4,
            "500m이내병원수":37,
            "5km이내대형병원수":5,
            "500m이내공원수":6,
            "3km이내혐오시설수":0,
            "초등학교학업성취도":97.49,
            "중학교학업성취도":92.1,
            "용적률":266,
            "건폐율":23,
            "Y":37.510812,
            "X":127.00647,
            "rank":92.0,
            "area_info":"10평(34.79), 13평(44.28), 13평(45.35), 15평(50.25), 16평(54.89), 16평(55.09)",
            "last_sales":"2021-10-16,82000.0,10평(34.79)"
        },
        {
            "index":493,
            "아파트명":"삼호4차",
            "투자타입":"재건축",
            "전용면적(m2)":"113.05",
            "전용면적(평)":"34평",
            "법정동주소":"서울시 서초구 방배동 725",
            "도로명주소":"서울시 서초구 방배로 270",
            "세대수":50,
            "입주년차":"--",
            "용적률점수":0,
            "건폐율점수":0,
            "세대당주차수":"--",
            "난방방식":"--",
            "공급면적":90,
            "전용률":100,
            "욕실수":"--",
            "현관타입":"--",
            "주거총점":24.5,
            "지역구공급총점":0.0,
            "역세권":80,
            "30분내 이동가능 거점":100,
            "1시간내 이동가능 거점":100,
            "교통총점":90.0,
            "백화점":100,
            "아울렛몰":0,
            "대형마트":0,
            "은행":100,
            "병원":60,
            "종합병원":100,
            "공원":100,
            "혐오시설":0,
            "인프라총점":69.0,
            "초등학군":93.56,
            "중학군":55.78,
            "학군총점":63.336,
            "인구수":47.98,
            "인구증감":-16.07,
            "인구총점":28.765,
            "일자리":61.8,
            "소득수준":74.81,
            "일자리총점":65.703,
            "가치 총점":66.6004,
            "매매실거래년":20210716.0,
            "매매실거래가":240000.0,
            "전세실거래년":20211127.0,
            "전세실거래가":100000.0,
            "전세가율":41.67,
            "장기전세가율평균":55.86,
            "전세가율거품지수":14.19,
            "검색코드":470,
            "세대수":481,
            "준공년월":"1983-05-31",
            "준공년차":40,
            "가까운역이름":"구반포",
            "가까운역거리":483.3,
            "역세권여부":"준역세권",
            "30분이내주요거점역":6,
            "1시간이내주요거점역":15,
            "3km이내백화점수":1,
            "5km이내아울렛몰수":0,
            "1km이내대형먀트수":0,
            "500m이내은행수":6,
            "500m이내병원수":23,
            "5km이내대형병원수":4,
            "500m이내공원수":4,
            "3km이내혐오시설수":0,
            "초등학교학업성취도":93.56,
            "중학교학업성취도":91.1,
            "용적률":0,
            "건폐율":0,
            "Y":37.497434,
            "X":126.989672,
            "rank":93.0,
            "area_info":"34평(113.05), 54평(179.02), 54평(180.22), 61평(202.95)",
            "last_sales":"2021-07-16,240000.0,34평(113.05)"
        },
        {
            "index":708,
            "아파트명":"서초e-편한세상2차",
            "투자타입":"일반",
            "전용면적(m2)":"107.2",
            "전용면적(평)":"32평",
            "법정동주소":"서울시 서초구 서초동 1529",
            "도로명주소":"서울시 서초구 효령로49길 57",
            "세대수":0,
            "입주년차":40,
            "용적률점수":"--",
            "건폐율점수":"--",
            "세대당주차수":60,
            "난방방식":30,
            "공급면적":"--",
            "전용률":"--",
            "욕실수":100,
            "현관타입":100,
            "주거총점":40.0,
            "지역구공급총점":0.0,
            "역세권":50,
            "30분내 이동가능 거점":80,
            "1시간내 이동가능 거점":100,
            "교통총점":69.0,
            "백화점":100,
            "아울렛몰":0,
            "대형마트":80,
            "은행":100,
            "병원":80,
            "종합병원":100,
            "공원":100,
            "혐오시설":0,
            "인프라총점":83.0,
            "초등학군":94.83,
            "중학군":55.22,
            "학군총점":63.142,
            "인구수":47.98,
            "인구증감":-16.07,
            "인구총점":28.765,
            "일자리":61.8,
            "소득수준":74.81,
            "일자리총점":65.703,
            "가치 총점":66.5213,
            "매매실거래년":20210701.0,
            "매매실거래가":220000.0,
            "전세실거래년":20210903.0,
            "전세실거래가":84000.0,
            "전세가율":57.14,
            "장기전세가율평균":55.86,
            "전세가율거품지수":-1.28,
            "검색코드":11661,
            "세대수":159,
            "준공년월":"2005-02-24",
            "준공년차":18,
            "가까운역이름":"서초",
            "가까운역거리":570.71,
            "역세권여부":"준역세권",
            "30분이내주요거점역":4,
            "1시간이내주요거점역":15,
            "3km이내백화점수":1,
            "5km이내아울렛몰수":0,
            "1km이내대형먀트수":1,
            "500m이내은행수":10,
            "500m이내병원수":30,
            "5km이내대형병원수":4,
            "500m이내공원수":2,
            "3km이내혐오시설수":0,
            "초등학교학업성취도":94.83,
            "중학교학업성취도":90.3,
            "용적률":243,
            "건폐율":25,
            "Y":37.486839,
            "X":127.009015,
            "rank":94.0,
            "area_info":"32평(107.2), 37평(123.48), 40평(134.77), 44평(146.92), 44평(146.23), 46평(152.78)",
            "last_sales":"2021-07-01,220000.0,44평(146.92)"
        },
        {
            "index":918,
            "아파트명":"서초한신",
            "투자타입":"일반",
            "전용면적(m2)":"113.63",
            "전용면적(평)":"34평",
            "법정동주소":"서울시 서초구 서초동 1454-29",
            "도로명주소":"서울시 서초구 남부순환로323길 38-15",
            "세대수":0,
            "입주년차":20,
            "용적률점수":"--",
            "건폐율점수":"--",
            "세대당주차수":60,
            "난방방식":30,
            "공급면적":"--",
            "전용률":"--",
            "욕실수":100,
            "현관타입":100,
            "주거총점":36.0,
            "지역구공급총점":0.0,
            "역세권":80,
            "30분내 이동가능 거점":80,
            "1시간내 이동가능 거점":100,
            "교통총점":84.0,
            "백화점":100,
            "아울렛몰":0,
            "대형마트":0,
            "은행":70,
            "병원":80,
            "종합병원":100,
            "공원":100,
            "혐오시설":0,
            "인프라총점":68.0,
            "초등학군":94.83,
            "중학군":55.22,
            "학군총점":63.142,
            "인구수":47.98,
            "인구증감":-16.07,
            "인구총점":28.765,
            "일자리":61.8,
            "소득수준":74.81,
            "일자리총점":65.703,
            "가치 총점":66.4713,
            "매매실거래년":20210925.0,
            "매매실거래가":189000.0,
            "전세실거래년":20211010.0,
            "전세실거래가":78750.0,
            "전세가율":43.27,
            "장기전세가율평균":55.86,
            "전세가율거품지수":12.59,
            "검색코드":3408,
            "세대수":194,
            "준공년월":"2001-12-14",
            "준공년차":22,
            "가까운역이름":"남부터미널",
            "가까운역거리":349.31,
            "역세권여부":"준역세권",
            "30분이내주요거점역":4,
            "1시간이내주요거점역":15,
            "3km이내백화점수":1,
            "5km이내아울렛몰수":0,
            "1km이내대형먀트수":0,
            "500m이내은행수":4,
            "500m이내병원수":40,
            "5km이내대형병원수":3,
            "500m이내공원수":2,
            "3km이내혐오시설수":0,
            "초등학교학업성취도":94.83,
            "중학교학업성취도":90.3,
            "용적률":275,
            "건폐율":28,
            "Y":37.482482,
            "X":127.013844,
            "rank":95.0,
            "area_info":"34평(113.63), 34평(114.71), 34평(115.12), 39평(130.37), 39평(130.16), 44평(147.27)",
            "last_sales":"2021-09-25,189000.0,39평(130.16)"
        },
        {
            "index":1044,
            "아파트명":"현대ESA",
            "투자타입":"일반",
            "전용면적(m2)":"131.58",
            "전용면적(평)":"39평",
            "법정동주소":"서울시 서초구 서초동 1338",
            "도로명주소":"서울시 서초구 효령로77길 20",
            "세대수":0,
            "입주년차":20,
            "용적률점수":"--",
            "건폐율점수":"--",
            "세대당주차수":60,
            "난방방식":80,
            "공급면적":"--",
            "전용률":"--",
            "욕실수":100,
            "현관타입":100,
            "주거총점":41.0,
            "지역구공급총점":0.0,
            "역세권":50,
            "30분내 이동가능 거점":100,
            "1시간내 이동가능 거점":100,
            "교통총점":75.0,
            "백화점":100,
            "아울렛몰":0,
            "대형마트":0,
            "은행":100,
            "병원":100,
            "종합병원":100,
            "공원":80,
            "혐오시설":0,
            "인프라총점":72.4,
            "초등학군":100.0,
            "중학군":58.66,
            "학군총점":66.928,
            "인구수":47.98,
            "인구증감":-16.07,
            "인구총점":28.765,
            "일자리":61.8,
            "소득수준":74.81,
            "일자리총점":65.703,
            "가치 총점":66.2092,
            "매매실거래년":20200819.0,
            "매매실거래가":135000.0,
            "전세실거래년":20201209.0,
            "전세실거래가":70000.0,
            "전세가율":70.0,
            "장기전세가율평균":55.86,
            "전세가율거품지수":-14.14,
            "검색코드":3412,
            "세대수":122,
            "준공년월":"2002-01-07",
            "준공년차":21,
            "가까운역이름":"강남",
            "가까운역거리":701.45,
            "역세권여부":"준역세권",
            "30분이내주요거점역":6,
            "1시간이내주요거점역":14,
            "3km이내백화점수":2,
            "5km이내아울렛몰수":0,
            "1km이내대형먀트수":0,
            "500m이내은행수":14,
            "500m이내병원수":71,
            "5km이내대형병원수":4,
            "500m이내공원수":1,
            "3km이내혐오시설수":0,
            "초등학교학업성취도":100.0,
            "중학교학업성취도":95.5,
            "용적률":713,
            "건폐율":58,
            "Y":37.490982,
            "X":127.029439,
            "rank":96.0,
            "area_info":"39평(131.58), 43평(145.33), 46평(152.61), 57평(189.71), 62평(206.14), 65평(215.62)",
            "last_sales":"2020-08-19,135000.0,65평(215.62)"
        },
        {
            "index":1017,
            "아파트명":"한라비발디스튜디오193(도시형)",
            "투자타입":"일반",
            "전용면적(m2)":"32.02",
            "전용면적(평)":"9평",
            "법정동주소":"서울시 서초구 서초동 1363-25",
            "도로명주소":"서울시 서초구 강남대로39길 15-10",
            "세대수":0,
            "입주년차":60,
            "용적률점수":"--",
            "건폐율점수":"--",
            "세대당주차수":0,
            "난방방식":30,
            "공급면적":"--",
            "전용률":"--",
            "욕실수":50,
            "현관타입":10,
            "주거총점":21.0,
            "지역구공급총점":0.0,
            "역세권":80,
            "30분내 이동가능 거점":100,
            "1시간내 이동가능 거점":100,
            "교통총점":90.0,
            "백화점":100,
            "아울렛몰":0,
            "대형마트":0,
            "은행":100,
            "병원":80,
            "종합병원":100,
            "공원":100,
            "혐오시설":0,
            "인프라총점":71.0,
            "초등학군":90.54,
            "중학군":53.14,
            "학군총점":60.62,
            "인구수":47.98,
            "인구증감":-16.07,
            "인구총점":28.765,
            "일자리":61.8,
            "소득수준":74.81,
            "일자리총점":65.703,
            "가치 총점":66.093,
            "매매실거래년":20220103.0,
            "매매실거래가":26000.0,
            "전세실거래년":20210814.0,
            "전세실거래가":24000.0,
            "전세가율":92.31,
            "장기전세가율평균":55.86,
            "전세가율거품지수":-36.45,
            "검색코드":103712,
            "세대수":149,
            "준공년월":"2013-07-08",
            "준공년차":10,
            "가까운역이름":"양재",
            "가까운역거리":290.36,
            "역세권여부":"준역세권",
            "30분이내주요거점역":6,
            "1시간이내주요거점역":13,
            "3km이내백화점수":1,
            "5km이내아울렛몰수":0,
            "1km이내대형먀트수":0,
            "500m이내은행수":15,
            "500m이내병원수":36,
            "5km이내대형병원수":4,
            "500m이내공원수":2,
            "3km이내혐오시설수":0,
            "초등학교학업성취도":90.54,
            "중학교학업성취도":88.1,
            "용적률":557,
            "건폐율":59,
            "Y":37.485768,
            "X":127.032051,
            "rank":97.0,
            "area_info":"9평(32.02), 9평(32.02), 9평(32.56), 11평(36.72), 12평(42.43), 14평(47.03), 15평(52.8), 17평(57.7), 19평(63.86)",
            "last_sales":"2022-01-03,26000.0,9평(32.02)"
        },
        {
            "index":951,
            "아파트명":"아남",
            "투자타입":"재건축",
            "전용면적(m2)":"92.08",
            "전용면적(평)":"27평",
            "법정동주소":"서울시 서초구 서초동 1641-13",
            "도로명주소":"서울시 서초구 사임당로23길 53",
            "세대수":0,
            "입주년차":"--",
            "용적률점수":60,
            "건폐율점수":80,
            "세대당주차수":"--",
            "난방방식":"--",
            "공급면적":70,
            "전용률":60,
            "욕실수":"--",
            "현관타입":"--",
            "주거총점":46.5,
            "지역구공급총점":0.0,
            "역세권":50,
            "30분내 이동가능 거점":100,
            "1시간내 이동가능 거점":100,
            "교통총점":75.0,
            "백화점":100,
            "아울렛몰":0,
            "대형마트":0,
            "은행":100,
            "병원":80,
            "종합병원":100,
            "공원":0,
            "혐오시설":0,
            "인프라총점":68.0,
            "초등학군":100.0,
            "중학군":58.66,
            "학군총점":66.928,
            "인구수":47.98,
            "인구증감":-16.07,
            "인구총점":28.765,
            "일자리":61.8,
            "소득수준":74.81,
            "일자리총점":65.703,
            "가치 총점":65.9892,
            "매매실거래년":20211124.0,
            "매매실거래가":195000.0,
            "전세실거래년":20211012.0,
            "전세실거래가":55600.0,
            "전세가율":34.11,
            "장기전세가율평균":55.86,
            "전세가율거품지수":21.75,
            "검색코드":485,
            "세대수":166,
            "준공년월":"1988-11-01",
            "준공년차":35,
            "가까운역이름":"교대",
            "가까운역거리":587.68,
            "역세권여부":"준역세권",
            "30분이내주요거점역":5,
            "1시간이내주요거점역":15,
            "3km이내백화점수":2,
            "5km이내아울렛몰수":0,
            "1km이내대형먀트수":0,
            "500m이내은행수":5,
            "500m이내병원수":41,
            "5km이내대형병원수":4,
            "500m이내공원수":0,
            "3km이내혐오시설수":0,
            "초등학교학업성취도":100.0,
            "중학교학업성취도":95.5,
            "용적률":229,
            "건폐율":20,
            "Y":37.492965,
            "X":127.020717,
            "rank":98.0,
            "area_info":"27평(92.08), 31평(102.49), 31평(103.18)",
            "last_sales":"2021-11-24,195000.0,31평(103.18)"
        },
        {
            "index":459,
            "아파트명":"방배현대홈타운2차",
            "투자타입":"일반",
            "전용면적(m2)":"81.58",
            "전용면적(평)":"24평",
            "법정동주소":"서울시 서초구 방배동 2001",
            "도로명주소":"서울시 서초구 서초대로1길 34",
            "세대수":30,
            "입주년차":20,
            "용적률점수":"--",
            "건폐율점수":"--",
            "세대당주차수":30,
            "난방방식":30,
            "공급면적":"--",
            "전용률":"--",
            "욕실수":50,
            "현관타입":100,
            "주거총점":37.0,
            "지역구공급총점":0.0,
            "역세권":50,
            "30분내 이동가능 거점":80,
            "1시간내 이동가능 거점":100,
            "교통총점":69.0,
            "백화점":100,
            "아울렛몰":0,
            "대형마트":80,
            "은행":100,
            "병원":80,
            "종합병원":100,
            "공원":100,
            "혐오시설":0,
            "인프라총점":83.0,
            "초등학군":95.29,
            "중학군":55.3,
            "학군총점":63.298,
            "인구수":47.98,
            "인구증감":-16.07,
            "인구총점":28.765,
            "일자리":61.8,
            "소득수준":74.81,
            "일자리총점":65.703,
            "가치 총점":65.9447,
            "매매실거래년":20210804.0,
            "매매실거래가":250000.0,
            "전세실거래년":20211119.0,
            "전세실거래가":65100.0,
            "전세가율":43.4,
            "장기전세가율평균":55.86,
            "전세가율거품지수":12.46,
            "검색코드":3346,
            "세대수":384,
            "준공년월":"2001-08-27",
            "준공년차":22,
            "가까운역이름":"내방",
            "가까운역거리":910.58,
            "역세권여부":"비역세권",
            "30분이내주요거점역":4,
            "1시간이내주요거점역":16,
            "3km이내백화점수":1,
            "5km이내아울렛몰수":0,
            "1km이내대형먀트수":1,
            "500m이내은행수":5,
            "500m이내병원수":46,
            "5km이내대형병원수":4,
            "500m이내공원수":2,
            "3km이내혐오시설수":0,
            "초등학교학업성취도":95.29,
            "중학교학업성취도":91.5,
            "용적률":298,
            "건폐율":21,
            "Y":37.490473,
            "X":126.98384,
            "rank":99.0,
            "area_info":"24평(81.58), 24평(81.58), 32평(108.29), 42평(141.51), 53평(176.05)",
            "last_sales":"2021-08-04,250000.0,53평(176.05)"
        },
        {
            "index":318,
            "아파트명":"방배e-편한세상3차",
            "투자타입":"일반",
            "전용면적(m2)":"231.63",
            "전용면적(평)":"70평",
            "법정동주소":"서울시 서초구 방배동 797-30",
            "도로명주소":"서울시 서초구 동광로 89-5",
            "세대수":0,
            "입주년차":40,
            "용적률점수":"--",
            "건폐율점수":"--",
            "세대당주차수":100,
            "난방방식":30,
            "공급면적":"--",
            "전용률":"--",
            "욕실수":100,
            "현관타입":100,
            "주거총점":46.0,
            "지역구공급총점":0.0,
            "역세권":50,
            "30분내 이동가능 거점":100,
            "1시간내 이동가능 거점":100,
            "교통총점":75.0,
            "백화점":100,
            "아울렛몰":0,
            "대형마트":0,
            "은행":100,
            "병원":60,
            "종합병원":100,
            "공원":80,
            "혐오시설":0,
            "인프라총점":68.4,
            "초등학군":93.56,
            "중학군":55.06,
            "학군총점":62.76,
            "인구수":47.98,
            "인구증감":-16.07,
            "인구총점":28.765,
            "일자리":61.8,
            "소득수준":74.81,
            "일자리총점":65.703,
            "가치 총점":65.384,
            "매매실거래년":20211103.0,
            "매매실거래가":332150.0,
            "전세실거래년":20210918.0,
            "전세실거래가":270000.0,
            "전세가율":81.29,
            "장기전세가율평균":55.86,
            "전세가율거품지수":-25.43,
            "검색코드":17709,
            "세대수":192,
            "준공년월":"2006-03-31",
            "준공년차":17,
            "가까운역이름":"내방",
            "가까운역거리":773.46,
            "역세권여부":"준역세권",
            "30분이내주요거점역":6,
            "1시간이내주요거점역":15,
            "3km이내백화점수":1,
            "5km이내아울렛몰수":0,
            "1km이내대형먀트수":0,
            "500m이내은행수":6,
            "500m이내병원수":26,
            "5km이내대형병원수":5,
            "500m이내공원수":1,
            "3km이내혐오시설수":0,
            "초등학교학업성취도":93.56,
            "중학교학업성취도":89.7,
            "용적률":232,
            "건폐율":19,
            "Y":37.494386,
            "X":126.991489,
            "rank":100.0,
            "area_info":"70평(231.63), 71평(235.96), 74평(244.99), 83평(277.18)",
            "last_sales":"2021-11-03,332150.0,70평(231.63)"
        },
        {
            "index":406,
            "아파트명":"방배아크로리버",
            "투자타입":"일반",
            "전용면적(m2)":"98.9",
            "전용면적(평)":"29평",
            "법정동주소":"서울시 서초구 방배동 752-36",
            "도로명주소":"서울시 서초구 방배중앙로 207-10",
            "세대수":0,
            "입주년차":40,
            "용적률점수":"--",
            "건폐율점수":"--",
            "세대당주차수":60,
            "난방방식":30,
            "공급면적":"--",
            "전용률":"--",
            "욕실수":100,
            "현관타입":100,
            "주거총점":40.0,
            "지역구공급총점":0.0,
            "역세권":80,
            "30분내 이동가능 거점":80,
            "1시간내 이동가능 거점":100,
            "교통총점":84.0,
            "백화점":100,
            "아울렛몰":0,
            "대형마트":0,
            "은행":70,
            "병원":30,
            "종합병원":100,
            "공원":100,
            "혐오시설":0,
            "인프라총점":63.0,
            "초등학군":93.56,
            "중학군":51.76,
            "학군총점":60.12,
            "인구수":47.98,
            "인구증감":-16.07,
            "인구총점":28.765,
            "일자리":61.8,
            "소득수준":74.81,
            "일자리총점":65.703,
            "가치 총점":65.318,
            "매매실거래년":20210910.0,
            "매매실거래가":216000.0,
            "전세실거래년":20210724.0,
            "전세실거래가":84000.0,
            "전세가율":52.83,
            "장기전세가율평균":55.86,
            "전세가율거품지수":3.03,
            "검색코드":9657,
            "세대수":222,
            "준공년월":"2004-11-24",
            "준공년차":19,
            "가까운역이름":"구반포",
            "가까운역거리":480.99,
            "역세권여부":"준역세권",
            "30분이내주요거점역":4,
            "1시간이내주요거점역":16,
            "3km이내백화점수":1,
            "5km이내아울렛몰수":0,
            "1km이내대형먀트수":0,
            "500m이내은행수":4,
            "500m이내병원수":8,
            "5km이내대형병원수":6,
            "500m이내공원수":2,
            "3km이내혐오시설수":0,
            "초등학교학업성취도":93.56,
            "중학교학업성취도":85.4,
            "용적률":595,
            "건폐율":34,
            "Y":37.497695,
            "X":126.984444,
            "rank":101.0,
            "area_info":"29평(98.9), 43평(145.38), 52평(172.09), 52평(174.16)",
            "last_sales":"2021-09-10,216000.0,52평(174.16)"
        },
        {
            "index":436,
            "아파트명":"방배우성",
            "투자타입":"재건축",
            "전용면적(m2)":"98.62",
            "전용면적(평)":"29평",
            "법정동주소":"서울시 서초구 방배동 2525",
            "도로명주소":"서울시 서초구 방배선행길 1",
            "세대수":50,
            "입주년차":"--",
            "용적률점수":60,
            "건폐율점수":80,
            "세대당주차수":"--",
            "난방방식":"--",
            "공급면적":70,
            "전용률":80,
            "욕실수":"--",
            "현관타입":"--",
            "주거총점":62.5,
            "지역구공급총점":0.0,
            "역세권":80,
            "30분내 이동가능 거점":100,
            "1시간내 이동가능 거점":100,
            "교통총점":90.0,
            "백화점":0,
            "아울렛몰":0,
            "대형마트":80,
            "은행":0,
            "병원":60,
            "종합병원":100,
            "공원":80,
            "혐오시설":0,
            "인프라총점":40.4,
            "초등학군":92.91,
            "중학군":53.06,
            "학군총점":61.03,
            "인구수":47.98,
            "인구증감":-16.07,
            "인구총점":28.765,
            "일자리":61.8,
            "소득수준":74.81,
            "일자리총점":65.703,
            "가치 총점":65.2745,
            "매매실거래년":20201014.0,
            "매매실거래가":185000.0,
            "전세실거래년":20211229.0,
            "전세실거래가":65000.0,
            "전세가율":43.92,
            "장기전세가율평균":55.86,
            "전세가율거품지수":11.94,
            "검색코드":471,
            "세대수":468,
            "준공년월":"1989-01-04",
            "준공년차":34,
            "가까운역이름":"사당",
            "가까운역거리":260.96,
            "역세권여부":"준역세권",
            "30분이내주요거점역":9,
            "1시간이내주요거점역":19,
            "3km이내백화점수":0,
            "5km이내아울렛몰수":0,
            "1km이내대형먀트수":1,
            "500m이내은행수":0,
            "500m이내병원수":10,
            "5km이내대형병원수":3,
            "500m이내공원수":1,
            "3km이내혐오시설수":0,
            "초등학교학업성취도":92.91,
            "중학교학업성취도":87.7,
            "용적률":222,
            "건폐율":21,
            "Y":37.474417,
            "X":126.982972,
            "rank":102.0,
            "area_info":"29평(98.62), 32평(106.55), 32평(106.5), 41평(138.46)",
            "last_sales":"2020-10-14,185000.0,41평(138.46)"
        },
        {
            "index":315,
            "아파트명":"방배e-편한세상1차",
            "투자타입":"일반",
            "전용면적(m2)":"201.97",
            "전용면적(평)":"61평",
            "법정동주소":"서울시 서초구 방배동 884-21",
            "도로명주소":"서울시 서초구 서초대로34길 34",
            "세대수":0,
            "입주년차":20,
            "용적률점수":"--",
            "건폐율점수":"--",
            "세대당주차수":100,
            "난방방식":30,
            "공급면적":"--",
            "전용률":"--",
            "욕실수":100,
            "현관타입":100,
            "주거총점":42.0,
            "지역구공급총점":0.0,
            "역세권":50,
            "30분내 이동가능 거점":80,
            "1시간내 이동가능 거점":100,
            "교통총점":69.0,
            "백화점":100,
            "아울렛몰":0,
            "대형마트":80,
            "은행":70,
            "병원":60,
            "종합병원":100,
            "공원":80,
            "혐오시설":0,
            "인프라총점":77.4,
            "초등학군":92.76,
            "중학군":55.06,
            "학군총점":62.6,
            "인구수":47.98,
            "인구증감":-16.07,
            "인구총점":28.765,
            "일자리":61.8,
            "소득수준":74.81,
            "일자리총점":65.703,
            "가치 총점":65.16,
            "매매실거래년":20211109.0,
            "매매실거래가":258000.0,
            "전세실거래년":20211202.0,
            "전세실거래가":170000.0,
            "전세가율":65.89,
            "장기전세가율평균":55.86,
            "전세가율거품지수":-10.03,
            "검색코드":8649,
            "세대수":199,
            "준공년월":"2003-12-30",
            "준공년차":20,
            "가까운역이름":"내방",
            "가까운역거리":503.9,
            "역세권여부":"준역세권",
            "30분이내주요거점역":4,
            "1시간이내주요거점역":15,
            "3km이내백화점수":1,
            "5km이내아울렛몰수":0,
            "1km이내대형먀트수":1,
            "500m이내은행수":3,
            "500m이내병원수":19,
            "5km이내대형병원수":4,
            "500m이내공원수":1,
            "3km이내혐오시설수":0,
            "초등학교학업성취도":92.76,
            "중학교학업성취도":89.7,
            "용적률":291,
            "건폐율":26,
            "Y":37.487594,
            "X":126.999224,
            "rank":103.0,
            "area_info":"61평(201.97), 61평(201.98), 68평(224.85)",
            "last_sales":"2021-11-09,258000.0,61평(201.97)"
        },
        {
            "index":464,
            "아파트명":"방배현대홈타운3차",
            "투자타입":"일반",
            "전용면적(m2)":"106.36",
            "전용면적(평)":"32평",
            "법정동주소":"서울시 서초구 방배동 2233",
            "도로명주소":"서울시 서초구 방배중앙로21길 55",
            "세대수":0,
            "입주년차":40,
            "용적률점수":"--",
            "건폐율점수":"--",
            "세대당주차수":60,
            "난방방식":30,
            "공급면적":"--",
            "전용률":"--",
            "욕실수":100,
            "현관타입":100,
            "주거총점":40.0,
            "지역구공급총점":0.0,
            "역세권":50,
            "30분내 이동가능 거점":80,
            "1시간내 이동가능 거점":100,
            "교통총점":69.0,
            "백화점":100,
            "아울렛몰":0,
            "대형마트":80,
            "은행":70,
            "병원":60,
            "종합병원":100,
            "공원":100,
            "혐오시설":0,
            "인프라총점":78.0,
            "초등학군":93.56,
            "중학군":55.3,
            "학군총점":62.952,
            "인구수":47.98,
            "인구증감":-16.07,
            "인구총점":28.765,
            "일자리":61.8,
            "소득수준":74.81,
            "일자리총점":65.703,
            "가치 총점":64.9928,
            "매매실거래년":20210415.0,
            "매매실거래가":203000.0,
            "전세실거래년":20210531.0,
            "전세실거래가":84000.0,
            "전세가율":54.9,
            "장기전세가율평균":55.86,
            "전세가율거품지수":0.96,
            "검색코드":9603,
            "세대수":123,
            "준공년월":"2004-07-01",
            "준공년차":19,
            "가까운역이름":"내방",
            "가까운역거리":963.86,
            "역세권여부":"비역세권",
            "30분이내주요거점역":4,
            "1시간이내주요거점역":15,
            "3km이내백화점수":1,
            "5km이내아울렛몰수":0,
            "1km이내대형먀트수":1,
            "500m이내은행수":3,
            "500m이내병원수":14,
            "5km이내대형병원수":5,
            "500m이내공원수":2,
            "3km이내혐오시설수":0,
            "초등학교학업성취도":93.56,
            "중학교학업성취도":91.5,
            "용적률":0,
            "건폐율":0,
            "Y":37.491898,
            "X":126.984013,
            "rank":104.0,
            "area_info":"32평(106.36), 45평(148.8), 45평(150.06), 45평(150.23), 46평(152.1)",
            "last_sales":"2021-04-15,203000.0,46평(152.1)"
        },
        {
            "index":1305,
            "아파트명":"한강",
            "투자타입":"재건축",
            "전용면적(m2)":"94.84",
            "전용면적(평)":"28평",
            "법정동주소":"서울시 서초구 잠원동 49-8",
            "도로명주소":"서울시 서초구 잠원로 213-10",
            "세대수":50,
            "입주년차":"--",
            "용적률점수":60,
            "건폐율점수":100,
            "세대당주차수":"--",
            "난방방식":"--",
            "공급면적":70,
            "전용률":80,
            "욕실수":"--",
            "현관타입":"--",
            "주거총점":66.5,
            "지역구공급총점":0.0,
            "역세권":50,
            "30분내 이동가능 거점":100,
            "1시간내 이동가능 거점":100,
            "교통총점":75.0,
            "백화점":100,
            "아울렛몰":0,
            "대형마트":0,
            "은행":0,
            "병원":0,
            "종합병원":100,
            "공원":100,
            "혐오시설":0,
            "인프라총점":53.0,
            "초등학군":90.88,
            "중학군":56.64,
            "학군총점":63.488,
            "인구수":47.98,
            "인구증감":-16.07,
            "인구총점":28.765,
            "일자리":61.8,
            "소득수준":74.81,
            "일자리총점":65.703,
            "가치 총점":64.9732,
            "매매실거래년":20211002.0,
            "매매실거래가":250000.0,
            "전세실거래년":20210903.0,
            "전세실거래가":70000.0,
            "전세가율":42.42,
            "장기전세가율평균":55.86,
            "전세가율거품지수":13.44,
            "검색코드":541,
            "세대수":450,
            "준공년월":"1989-06-17",
            "준공년차":34,
            "가까운역이름":"신사",
            "가까운역거리":717.14,
            "역세권여부":"준역세권",
            "30분이내주요거점역":5,
            "1시간이내주요거점역":12,
            "3km이내백화점수":3,
            "5km이내아울렛몰수":0,
            "1km이내대형먀트수":0,
            "500m이내은행수":0,
            "500m이내병원수":1,
            "5km이내대형병원수":5,
            "500m이내공원수":3,
            "3km이내혐오시설수":0,
            "초등학교학업성취도":90.88,
            "중학교학업성취도":91.2,
            "용적률":240,
            "건폐율":19,
            "Y":37.521491,
            "X":127.015231,
            "rank":105.0,
            "area_info":"28평(94.84), 31평(103.75)",
            "last_sales":"2021-10-02,250000.0,31평(103.75)"
        },
        {
            "index":755,
            "아파트명":"서초대우아이빌",
            "투자타입":"일반",
            "전용면적(m2)":"28.03",
            "전용면적(평)":"8평",
            "법정동주소":"서울시 서초구 서초동 1675-11",
            "도로명주소":"서울시 서초구 서초대로58길 10",
            "세대수":0,
            "입주년차":20,
            "용적률점수":"--",
            "건폐율점수":"--",
            "세대당주차수":0,
            "난방방식":30,
            "공급면적":"--",
            "전용률":"--",
            "욕실수":50,
            "현관타입":10,
            "주거총점":13.0,
            "지역구공급총점":0.0,
            "역세권":80,
            "30분내 이동가능 거점":100,
            "1시간내 이동가능 거점":100,
            "교통총점":90.0,
            "백화점":100,
            "아울렛몰":0,
            "대형마트":0,
            "은행":100,
            "병원":100,
            "종합병원":100,
            "공원":0,
            "혐오시설":0,
            "인프라총점":70.0,
            "초등학군":92.89,
            "중학군":58.66,
            "학군총점":65.506,
            "인구수":47.98,
            "인구증감":-16.07,
            "인구총점":28.765,
            "일자리":61.8,
            "소득수준":74.81,
            "일자리총점":65.703,
            "가치 총점":64.9259,
            "매매실거래년":20200215.0,
            "매매실거래가":59000.0,
            "전세실거래년":null,
            "전세실거래가":null,
            "전세가율":null,
            "장기전세가율평균":55.86,
            "전세가율거품지수":null,
            "검색코드":13290,
            "세대수":215,
            "준공년월":"2003-03-13",
            "준공년차":20,
            "가까운역이름":"교대",
            "가까운역거리":324.14,
            "역세권여부":"준역세권",
            "30분이내주요거점역":7,
            "1시간이내주요거점역":15,
            "3km이내백화점수":1,
            "5km이내아울렛몰수":0,
            "1km이내대형먀트수":0,
            "500m이내은행수":11,
            "500m이내병원수":104,
            "5km이내대형병원수":4,
            "500m이내공원수":0,
            "3km이내혐오시설수":0,
            "초등학교학업성취도":92.89,
            "중학교학업성취도":95.5,
            "용적률":783,
            "건폐율":59,
            "Y":37.494245,
            "X":127.017602,
            "rank":106.0,
            "area_info":"8평(28.03), 8평(29.16), 9평(30.17), 10평(35.88), 11평(38.01), 12평(39.73), 13평(43.47), 13평(43.08), 13평(44.59), 13평(44.59), 13평(45.9), 14평(47.01), 15평(50.3), 18평(60.84), 18평(60.37), 18평(60.02), 20평(66.85), 24평(79.78), 24평(79.51), 26평(86.66)",
            "last_sales":"2020-02-15,59000.0,26평(86.66)"
        },
        {
            "index":537,
            "아파트명":"현대멤피스",
            "투자타입":"일반",
            "전용면적(m2)":"165.14",
            "전용면적(평)":"49평",
            "법정동주소":"서울시 서초구 방배동 774-19",
            "도로명주소":"서울시 서초구 방배로 239",
            "세대수":0,
            "입주년차":20,
            "용적률점수":"--",
            "건폐율점수":"--",
            "세대당주차수":100,
            "난방방식":30,
            "공급면적":"--",
            "전용률":"--",
            "욕실수":100,
            "현관타입":100,
            "주거총점":42.0,
            "지역구공급총점":0.0,
            "역세권":50,
            "30분내 이동가능 거점":100,
            "1시간내 이동가능 거점":100,
            "교통총점":75.0,
            "백화점":100,
            "아울렛몰":0,
            "대형마트":0,
            "은행":100,
            "병원":60,
            "종합병원":100,
            "공원":100,
            "혐오시설":0,
            "인프라총점":69.0,
            "초등학군":93.56,
            "중학군":55.3,
            "학군총점":62.952,
            "인구수":47.98,
            "인구증감":-16.07,
            "인구총점":28.765,
            "일자리":61.8,
            "소득수준":74.81,
            "일자리총점":65.703,
            "가치 총점":64.7928,
            "매매실거래년":20210903.0,
            "매매실거래가":250000.0,
            "전세실거래년":20210803.0,
            "전세실거래가":115300.0,
            "전세가율":51.24,
            "장기전세가율평균":55.86,
            "전세가율거품지수":4.62,
            "검색코드":3400,
            "세대수":206,
            "준공년월":"2001-09-26",
            "준공년차":22,
            "가까운역이름":"구반포",
            "가까운역거리":739.68,
            "역세권여부":"준역세권",
            "30분이내주요거점역":5,
            "1시간이내주요거점역":14,
            "3km이내백화점수":1,
            "5km이내아울렛몰수":0,
            "1km이내대형먀트수":0,
            "500m이내은행수":7,
            "500m이내병원수":26,
            "5km이내대형병원수":4,
            "500m이내공원수":2,
            "3km이내혐오시설수":0,
            "초등학교학업성취도":93.56,
            "중학교학업성취도":91.5,
            "용적률":172,
            "건폐율":12,
            "Y":37.494794,
            "X":126.988645,
            "rank":107.0,
            "area_info":"49평(165.14), 59평(196.74), 59평(196.95), 59평(197.55), 59평(197.55), 69평(231.07)",
            "last_sales":"2021-09-03,250000.0,59평(196.74)"
        },
        {
            "index":304,
            "아파트명":"롯데캐슬헤론",
            "투자타입":"일반",
            "전용면적(m2)":"115.58",
            "전용면적(평)":"34평",
            "법정동주소":"서울시 서초구 방배동 754-1",
            "도로명주소":"서울시 서초구 동광로1길 112",
            "세대수":30,
            "입주년차":40,
            "용적률점수":"--",
            "건폐율점수":"--",
            "세대당주차수":80,
            "난방방식":30,
            "공급면적":"--",
            "전용률":"--",
            "욕실수":100,
            "현관타입":100,
            "주거총점":53.5,
            "지역구공급총점":0.0,
            "역세권":50,
            "30분내 이동가능 거점":100,
            "1시간내 이동가능 거점":100,
            "교통총점":75.0,
            "백화점":100,
            "아울렛몰":0,
            "대형마트":0,
            "은행":70,
            "병원":30,
            "종합병원":100,
            "공원":80,
            "혐오시설":0,
            "인프라총점":62.4,
            "초등학군":93.56,
            "중학군":51.76,
            "학군총점":60.12,
            "인구수":47.98,
            "인구증감":-16.07,
            "인구총점":28.765,
            "일자리":61.8,
            "소득수준":74.81,
            "일자리총점":65.703,
            "가치 총점":64.688,
            "매매실거래년":20211008.0,
            "매매실거래가":185000.0,
            "전세실거래년":20211217.0,
            "전세실거래가":86000.0,
            "전세가율":46.49,
            "장기전세가율평균":55.86,
            "전세가율거품지수":9.37,
            "검색코드":25726,
            "세대수":337,
            "준공년월":"2006-06-26",
            "준공년차":17,
            "가까운역이름":"구반포",
            "가까운역거리":575.59,
            "역세권여부":"준역세권",
            "30분이내주요거점역":5,
            "1시간이내주요거점역":18,
            "3km이내백화점수":1,
            "5km이내아울렛몰수":0,
            "1km이내대형먀트수":0,
            "500m이내은행수":4,
            "500m이내병원수":7,
            "5km이내대형병원수":6,
            "500m이내공원수":1,
            "3km이내혐오시설수":0,
            "초등학교학업성취도":93.56,
            "중학교학업성취도":85.4,
            "용적률":518,
            "건폐율":42,
            "Y":37.496713,
            "X":126.984468,
            "rank":108.0,
            "area_info":"34평(115.58), 37평(125.29), 43평(145.25), 44평(147.1), 45평(150.14), 54평(179.9), 58평(195.04), 59평(195.23), 61평(203.96), 61평(204.28), 63평(211.3)",
            "last_sales":"2021-10-08,185000.0,34평(115.58)"
        },
        {
            "index":253,
            "아파트명":"신반포궁전",
            "투자타입":"재건축",
            "전용면적(m2)":"128.67",
            "전용면적(평)":"38평",
            "법정동주소":"서울시 서초구 반포동 65-1",
            "도로명주소":"서울시 서초구 사평대로 142",
            "세대수":0,
            "입주년차":"--",
            "용적률점수":80,
            "건폐율점수":100,
            "세대당주차수":"--",
            "난방방식":"--",
            "공급면적":100,
            "전용률":100,
            "욕실수":"--",
            "현관타입":"--",
            "주거총점":62.0,
            "지역구공급총점":0.0,
            "역세권":50,
            "30분내 이동가능 거점":60,
            "1시간내 이동가능 거점":100,
            "교통총점":63.0,
            "백화점":100,
            "아울렛몰":0,
            "대형마트":0,
            "은행":100,
            "병원":60,
            "종합병원":100,
            "공원":80,
            "혐오시설":0,
            "인프라총점":68.4,
            "초등학군":93.35,
            "중학군":57.12,
            "학군총점":64.366,
            "인구수":47.98,
            "인구증감":-16.07,
            "인구총점":28.765,
            "일자리":61.8,
            "소득수준":74.81,
            "일자리총점":65.703,
            "가치 총점":64.6249,
            "매매실거래년":20201028.0,
            "매매실거래가":275000.0,
            "전세실거래년":20211203.0,
            "전세실거래가":81000.0,
            "전세가율":37.67,
            "장기전세가율평균":55.86,
            "전세가율거품지수":18.19,
            "검색코드":443,
            "세대수":108,
            "준공년월":"1984-02-15",
            "준공년차":39,
            "가까운역이름":"신반포",
            "가까운역거리":531.83,
            "역세권여부":"준역세권",
            "30분이내주요거점역":3,
            "1시간이내주요거점역":16,
            "3km이내백화점수":1,
            "5km이내아울렛몰수":0,
            "1km이내대형먀트수":0,
            "500m이내은행수":9,
            "500m이내병원수":23,
            "5km이내대형병원수":5,
            "500m이내공원수":1,
            "3km이내혐오시설수":0,
            "초등학교학업성취도":93.35,
            "중학교학업성취도":94.0,
            "용적률":155,
            "건폐율":17,
            "Y":37.500365,
            "X":127.000569,
            "rank":109.0,
            "area_info":"38평(128.67), 48평(161.11), 48평(161.29), 48평(161.3), 68평(225.47)",
            "last_sales":"2020-10-28,275000.0,68평(225.47)"
        },
        {
            "index":748,
            "아파트명":"서초대우디오빌프라임",
            "투자타입":"일반",
            "전용면적(m2)":"56.35",
            "전용면적(평)":"17평",
            "법정동주소":"서울시 서초구 서초동 1337-22",
            "도로명주소":"서울시 서초구 강남대로 321",
            "세대수":0,
            "입주년차":40,
            "용적률점수":"--",
            "건폐율점수":"--",
            "세대당주차수":60,
            "난방방식":30,
            "공급면적":"--",
            "전용률":"--",
            "욕실수":50,
            "현관타입":100,
            "주거총점":35.0,
            "지역구공급총점":0.0,
            "역세권":50,
            "30분내 이동가능 거점":100,
            "1시간내 이동가능 거점":100,
            "교통총점":75.0,
            "백화점":100,
            "아울렛몰":0,
            "대형마트":0,
            "은행":100,
            "병원":100,
            "종합병원":100,
            "공원":0,
            "혐오시설":0,
            "인프라총점":70.0,
            "초등학군":100.0,
            "중학군":58.66,
            "학군총점":66.928,
            "인구수":47.98,
            "인구증감":-16.07,
            "인구총점":28.765,
            "일자리":61.8,
            "소득수준":74.81,
            "일자리총점":65.703,
            "가치 총점":64.2892,
            "매매실거래년":20210610.0,
            "매매실거래가":126800.0,
            "전세실거래년":20210928.0,
            "전세실거래가":38850.0,
            "전세가율":88.3,
            "장기전세가율평균":55.86,
            "전세가율거품지수":-32.44,
            "검색코드":17384,
            "세대수":112,
            "준공년월":"2005-10-21",
            "준공년차":18,
            "가까운역이름":"강남",
            "가까운역거리":649.46,
            "역세권여부":"준역세권",
            "30분이내주요거점역":6,
            "1시간이내주요거점역":15,
            "3km이내백화점수":2,
            "5km이내아울렛몰수":0,
            "1km이내대형먀트수":0,
            "500m이내은행수":15,
            "500m이내병원수":70,
            "5km이내대형병원수":4,
            "500m이내공원수":0,
            "3km이내혐오시설수":0,
            "초등학교학업성취도":100.0,
            "중학교학업성취도":95.5,
            "용적률":814,
            "건폐율":59,
            "Y":37.4916,
            "X":127.030121,
            "rank":110.0,
            "area_info":"17평(56.35), 22평(73.29), 24평(81.11), 31평(103.8), 32평(107.54), 32평(107.6), 32평(107.6)",
            "last_sales":"2021-06-10,126800.0,32평(107.6)"
        },
        {
            "index":707,
            "아파트명":"서초e-편한세상1차",
            "투자타입":"일반",
            "전용면적(m2)":"158.86",
            "전용면적(평)":"48평",
            "법정동주소":"서울시 서초구 서초동 1487-63",
            "도로명주소":"서울시 서초구 명달로6길 31",
            "세대수":0,
            "입주년차":40,
            "용적률점수":"--",
            "건폐율점수":"--",
            "세대당주차수":80,
            "난방방식":30,
            "공급면적":"--",
            "전용률":"--",
            "욕실수":100,
            "현관타입":100,
            "주거총점":43.0,
            "지역구공급총점":0.0,
            "역세권":50,
            "30분내 이동가능 거점":100,
            "1시간내 이동가능 거점":100,
            "교통총점":75.0,
            "백화점":100,
            "아울렛몰":0,
            "대형마트":0,
            "은행":70,
            "병원":60,
            "종합병원":100,
            "공원":100,
            "혐오시설":0,
            "인프라총점":66.0,
            "초등학군":94.83,
            "중학군":55.22,
            "학군총점":63.142,
            "인구수":47.98,
            "인구증감":-16.07,
            "인구총점":28.765,
            "일자리":61.8,
            "소득수준":74.81,
            "일자리총점":65.703,
            "가치 총점":64.1213,
            "매매실거래년":20210803.0,
            "매매실거래가":209000.0,
            "전세실거래년":20211105.0,
            "전세실거래가":140000.0,
            "전세가율":66.99,
            "장기전세가율평균":55.86,
            "전세가율거품지수":-11.13,
            "검색코드":10139,
            "세대수":154,
            "준공년월":"2004-08-24",
            "준공년차":19,
            "가까운역이름":"방배",
            "가까운역거리":825.04,
            "역세권여부":"비역세권",
            "30분이내주요거점역":5,
            "1시간이내주요거점역":16,
            "3km이내백화점수":1,
            "5km이내아울렛몰수":0,
            "1km이내대형먀트수":0,
            "500m이내은행수":3,
            "500m이내병원수":14,
            "5km이내대형병원수":4,
            "500m이내공원수":3,
            "3km이내혐오시설수":0,
            "초등학교학업성취도":94.83,
            "중학교학업성취도":90.3,
            "용적률":276,
            "건폐율":27,
            "Y":37.481181,
            "X":127.006941,
            "rank":111.0,
            "area_info":"48평(158.86)",
            "last_sales":"2021-08-03,209000.0,48평(158.86)"
        },
        {
            "index":872,
            "아파트명":"서초트라팰리스",
            "투자타입":"일반",
            "전용면적(m2)":"93.71",
            "전용면적(평)":"28평",
            "법정동주소":"서울시 서초구 서초동 1344-13",
            "도로명주소":"서울시 서초구 효령로72길 57",
            "세대수":0,
            "입주년차":40,
            "용적률점수":"--",
            "건폐율점수":"--",
            "세대당주차수":60,
            "난방방식":30,
            "공급면적":"--",
            "전용률":"--",
            "욕실수":100,
            "현관타입":100,
            "주거총점":40.0,
            "지역구공급총점":0.0,
            "역세권":50,
            "30분내 이동가능 거점":100,
            "1시간내 이동가능 거점":100,
            "교통총점":75.0,
            "백화점":100,
            "아울렛몰":0,
            "대형마트":0,
            "은행":100,
            "병원":60,
            "종합병원":100,
            "공원":100,
            "혐오시설":0,
            "인프라총점":69.0,
            "초등학군":90.54,
            "중학군":53.14,
            "학군총점":60.62,
            "인구수":47.98,
            "인구증감":-16.07,
            "인구총점":28.765,
            "일자리":61.8,
            "소득수준":74.81,
            "일자리총점":65.703,
            "가치 총점":64.043,
            "매매실거래년":20201031.0,
            "매매실거래가":175000.0,
            "전세실거래년":20210805.0,
            "전세실거래가":82000.0,
            "전세가율":79.23,
            "장기전세가율평균":55.86,
            "전세가율거품지수":-23.37,
            "검색코드":12233,
            "세대수":257,
            "준공년월":"2005-11-18",
            "준공년차":18,
            "가까운역이름":"양재",
            "가까운역거리":629.51,
            "역세권여부":"준역세권",
            "30분이내주요거점역":5,
            "1시간이내주요거점역":14,
            "3km이내백화점수":2,
            "5km이내아울렛몰수":0,
            "1km이내대형먀트수":0,
            "500m이내은행수":13,
            "500m이내병원수":14,
            "5km이내대형병원수":3,
            "500m이내공원수":2,
            "3km이내혐오시설수":0,
            "초등학교학업성취도":90.54,
            "중학교학업성취도":88.1,
            "용적률":498,
            "건폐율":59,
            "Y":37.486801,
            "X":127.028329,
            "rank":112.0,
            "area_info":"28평(93.71), 31평(102.74), 33평(110.54), 35평(116.58), 36평(120.11), 40평(133.77), 40평(135.33), 42평(140.48), 44평(146.14), 44평(148.26), 46평(152.94), 46평(154.77), 46평(155.19), 47평(157.59), 47평(157.05), 48평(159.04), 49평(162.32), 50평(165.78), 50평(166.87), 50평(167.19), 50평(167.19), 50평(167.19), 50평(167.76), 51평(169.37), 56평(186.06), 56평(186.71), 60평(198.6)",
            "last_sales":"2020-10-31,175000.0,51평(169.37)"
        },
        {
            "index":489,
            "아파트명":"삼호3차",
            "투자타입":"재건축",
            "전용면적(m2)":"153.9",
            "전용면적(평)":"46평",
            "법정동주소":"서울시 서초구 방배동 759-2",
            "도로명주소":"서울시 서초구 방배로45길 2",
            "세대수":0,
            "입주년차":"--",
            "용적률점수":0,
            "건폐율점수":0,
            "세대당주차수":"--",
            "난방방식":"--",
            "공급면적":100,
            "전용률":80,
            "욕실수":"--",
            "현관타입":"--",
            "주거총점":9.0,
            "지역구공급총점":0.0,
            "역세권":80,
            "30분내 이동가능 거점":100,
            "1시간내 이동가능 거점":100,
            "교통총점":90.0,
            "백화점":100,
            "아울렛몰":0,
            "대형마트":0,
            "은행":100,
            "병원":60,
            "종합병원":100,
            "공원":100,
            "혐오시설":0,
            "인프라총점":69.0,
            "초등학군":93.56,
            "중학군":55.78,
            "학군총점":63.336,
            "인구수":47.98,
            "인구증감":-16.07,
            "인구총점":28.765,
            "일자리":61.8,
            "소득수준":74.81,
            "일자리총점":65.703,
            "가치 총점":63.5004,
            "매매실거래년":20210927.0,
            "매매실거래가":242000.0,
            "전세실거래년":20220106.0,
            "전세실거래가":70000.0,
            "전세가율":39.55,
            "장기전세가율평균":55.86,
            "전세가율거품지수":16.31,
            "검색코드":948,
            "세대수":216,
            "준공년월":"1976-12-03",
            "준공년차":47,
            "가까운역이름":"구반포",
            "가까운역거리":428.86,
            "역세권여부":"준역세권",
            "30분이내주요거점역":6,
            "1시간이내주요거점역":15,
            "3km이내백화점수":1,
            "5km이내아울렛몰수":0,
            "1km이내대형먀트수":0,
            "500m이내은행수":5,
            "500m이내병원수":10,
            "5km이내대형병원수":4,
            "500m이내공원수":4,
            "3km이내혐오시설수":0,
            "초등학교학업성취도":93.56,
            "중학교학업성취도":91.1,
            "용적률":0,
            "건폐율":0,
            "Y":37.497511,
            "X":126.987115,
            "rank":113.0,
            "area_info":"46평(153.9), 59평(196.29), 59평(197.85), 87평(289.36)",
            "last_sales":"2021-09-27,242000.0,59평(196.29)"
        },
        {
            "index":1188,
            "아파트명":"강변",
            "투자타입":"재건축",
            "전용면적(m2)":"89.35",
            "전용면적(평)":"27평",
            "법정동주소":"서울시 서초구 잠원동 53-15",
            "도로명주소":"서울시 서초구 잠원로 166-17",
            "세대수":30,
            "입주년차":"--",
            "용적률점수":60,
            "건폐율점수":100,
            "세대당주차수":"--",
            "난방방식":"--",
            "공급면적":70,
            "전용률":60,
            "욕실수":"--",
            "현관타입":"--",
            "주거총점":59.5,
            "지역구공급총점":0.0,
            "역세권":50,
            "30분내 이동가능 거점":80,
            "1시간내 이동가능 거점":100,
            "교통총점":69.0,
            "백화점":100,
            "아울렛몰":0,
            "대형마트":0,
            "은행":0,
            "병원":60,
            "종합병원":100,
            "공원":100,
            "혐오시설":0,
            "인프라총점":59.0,
            "초등학군":90.88,
            "중학군":56.64,
            "학군총점":63.488,
            "인구수":47.98,
            "인구증감":-16.07,
            "인구총점":28.765,
            "일자리":61.8,
            "소득수준":74.81,
            "일자리총점":65.703,
            "가치 총점":63.2732,
            "매매실거래년":20211204.0,
            "매매실거래가":240000.0,
            "전세실거래년":20211124.0,
            "전세실거래가":57750.0,
            "전세가율":34.27,
            "장기전세가율평균":55.86,
            "전세가율거품지수":21.59,
            "검색코드":511,
            "세대수":360,
            "준공년월":"1987-07-15",
            "준공년차":36,
            "가까운역이름":"잠원",
            "가까운역거리":585.59,
            "역세권여부":"준역세권",
            "30분이내주요거점역":4,
            "1시간이내주요거점역":11,
            "3km이내백화점수":3,
            "5km이내아울렛몰수":0,
            "1km이내대형먀트수":0,
            "500m이내은행수":0,
            "500m이내병원수":11,
            "5km이내대형병원수":5,
            "500m이내공원수":4,
            "3km이내혐오시설수":0,
            "초등학교학업성취도":90.88,
            "중학교학업성취도":91.2,
            "용적률":243,
            "건폐율":16,
            "Y":37.517893,
            "X":127.012699,
            "rank":114.0,
            "area_info":"27평(89.35), 30평(101.08)",
            "last_sales":"2021-12-04,240000.0,30평(101.08)"
        },
        {
            "index":977,
            "아파트명":"에피소드강남262(민간임대,도시형)",
            "투자타입":"일반",
            "전용면적(m2)":"32.52",
            "전용면적(평)":"9평",
            "법정동주소":"서울시 서초구 서초동 1339-9",
            "도로명주소":"서울시 서초구 강남대로 299",
            "세대수":0,
            "입주년차":100,
            "용적률점수":"--",
            "건폐율점수":"--",
            "세대당주차수":0,
            "난방방식":30,
            "공급면적":"--",
            "전용률":"--",
            "욕실수":50,
            "현관타입":10,
            "주거총점":29.0,
            "지역구공급총점":0.0,
            "역세권":50,
            "30분내 이동가능 거점":100,
            "1시간내 이동가능 거점":100,
            "교통총점":75.0,
            "백화점":100,
            "아울렛몰":0,
            "대형마트":0,
            "은행":100,
            "병원":80,
            "종합병원":100,
            "공원":100,
            "혐오시설":0,
            "인프라총점":71.0,
            "초등학군":100.0,
            "중학군":53.14,
            "학군총점":62.512,
            "인구수":47.98,
            "인구증감":-16.07,
            "인구총점":28.765,
            "일자리":61.8,
            "소득수준":74.81,
            "일자리총점":65.703,
            "가치 총점":62.7268,
            "매매실거래년":"18000101",
            "매매실거래가":null,
            "전세실거래년":null,
            "전세실거래가":null,
            "전세가율":null,
            "장기전세가율평균":55.86,
            "전세가율거품지수":null,
            "검색코드":145169,
            "세대수":149,
            "준공년월":"2021-11-22",
            "준공년차":2,
            "가까운역이름":"양재",
            "가까운역거리":692.28,
            "역세권여부":"준역세권",
            "30분이내주요거점역":7,
            "1시간이내주요거점역":13,
            "3km이내백화점수":2,
            "5km이내아울렛몰수":0,
            "1km이내대형먀트수":0,
            "500m이내은행수":16,
            "500m이내병원수":53,
            "5km이내대형병원수":4,
            "500m이내공원수":2,
            "3km이내혐오시설수":0,
            "초등학교학업성취도":100.0,
            "중학교학업성취도":88.1,
            "용적률":918,
            "건폐율":58,
            "Y":37.489687,
            "X":127.031051,
            "rank":115.0,
            "area_info":"9평(32.52), 10평(33.8), 10평(35.46), 11평(36.84), 11평(39.32), 11평(39.01), 13평(44.43), 14평(49.01), 15평(50.32), 16평(53.01), 16평(54.43), 20평(69.11)",
            "last_sales":"1800-01-01,nan,9평(32.52)"
        },
        {
            "index":714,
            "아파트명":"서초e-편한세상5차",
            "투자타입":"일반",
            "전용면적(m2)":"190.3",
            "전용면적(평)":"57평",
            "법정동주소":"서울시 서초구 서초동 1467-62",
            "도로명주소":"서울시 서초구 명달로4길 30",
            "세대수":0,
            "입주년차":40,
            "용적률점수":"--",
            "건폐율점수":"--",
            "세대당주차수":80,
            "난방방식":30,
            "공급면적":"--",
            "전용률":"--",
            "욕실수":100,
            "현관타입":100,
            "주거총점":43.0,
            "지역구공급총점":0.0,
            "역세권":50,
            "30분내 이동가능 거점":100,
            "1시간내 이동가능 거점":100,
            "교통총점":75.0,
            "백화점":100,
            "아울렛몰":0,
            "대형마트":0,
            "은행":20,
            "병원":60,
            "종합병원":100,
            "공원":100,
            "혐오시설":0,
            "인프라총점":61.0,
            "초등학군":94.83,
            "중학군":55.22,
            "학군총점":63.142,
            "인구수":47.98,
            "인구증감":-16.07,
            "인구총점":28.765,
            "일자리":61.8,
            "소득수준":74.81,
            "일자리총점":65.703,
            "가치 총점":62.6213,
            "매매실거래년":20210725.0,
            "매매실거래가":209000.0,
            "전세실거래년":20211012.0,
            "전세실거래가":150000.0,
            "전세가율":71.77,
            "장기전세가율평균":55.86,
            "전세가율거품지수":-15.91,
            "검색코드":14237,
            "세대수":161,
            "준공년월":"2005-12-23",
            "준공년차":18,
            "가까운역이름":"방배",
            "가까운역거리":867.02,
            "역세권여부":"비역세권",
            "30분이내주요거점역":5,
            "1시간이내주요거점역":16,
            "3km이내백화점수":1,
            "5km이내아울렛몰수":0,
            "1km이내대형먀트수":0,
            "500m이내은행수":2,
            "500m이내병원수":11,
            "5km이내대형병원수":3,
            "500m이내공원수":3,
            "3km이내혐오시설수":0,
            "초등학교학업성취도":94.83,
            "중학교학업성취도":90.3,
            "용적률":270,
            "건폐율":24,
            "Y":37.479732,
            "X":127.007187,
            "rank":116.0,
            "area_info":"57평(190.3)",
            "last_sales":"2021-07-25,209000.0,57평(190.3)"
        },
        {
            "index":845,
            "아파트명":"서초아이파크",
            "투자타입":"일반",
            "전용면적(m2)":"147.83",
            "전용면적(평)":"44평",
            "법정동주소":"서울시 서초구 서초동 1436-14",
            "도로명주소":"서울시 서초구 효령로68길 33",
            "세대수":0,
            "입주년차":20,
            "용적률점수":"--",
            "건폐율점수":"--",
            "세대당주차수":100,
            "난방방식":100,
            "공급면적":"--",
            "전용률":"--",
            "욕실수":100,
            "현관타입":100,
            "주거총점":49.0,
            "지역구공급총점":0.0,
            "역세권":50,
            "30분내 이동가능 거점":80,
            "1시간내 이동가능 거점":100,
            "교통총점":69.0,
            "백화점":100,
            "아울렛몰":0,
            "대형마트":0,
            "은행":70,
            "병원":30,
            "종합병원":100,
            "공원":100,
            "혐오시설":0,
            "인프라총점":63.0,
            "초등학군":90.54,
            "중학군":58.66,
            "학군총점":65.036,
            "인구수":47.98,
            "인구증감":-16.07,
            "인구총점":28.765,
            "일자리":61.8,
            "소득수준":74.81,
            "일자리총점":65.703,
            "가치 총점":62.6054,
            "매매실거래년":20180623.0,
            "매매실거래가":165000.0,
            "전세실거래년":20160118.0,
            "전세실거래가":75000.0,
            "전세가율":78.21,
            "장기전세가율평균":55.86,
            "전세가율거품지수":-22.35,
            "검색코드":8189,
            "세대수":115,
            "준공년월":"2003-09-04",
            "준공년차":20,
            "가까운역이름":"남부터미널",
            "가까운역거리":603.73,
            "역세권여부":"준역세권",
            "30분이내주요거점역":4,
            "1시간이내주요거점역":14,
            "3km이내백화점수":2,
            "5km이내아울렛몰수":0,
            "1km이내대형먀트수":0,
            "500m이내은행수":3,
            "500m이내병원수":7,
            "5km이내대형병원수":3,
            "500m이내공원수":2,
            "3km이내혐오시설수":0,
            "초등학교학업성취도":90.54,
            "중학교학업성취도":95.5,
            "용적률":255,
            "건폐율":22,
            "Y":37.485451,
            "X":127.023009,
            "rank":117.0,
            "area_info":"44평(147.83), 47평(156.91), 47평(157.56), 50평(167.95), 55평(183.0), 58평(192.85), 58평(192.95), 58평(193.05), 60평(198.44), 60평(199.4), 60평(199.82), 61평(204.47), 70평(233.92)",
            "last_sales":"2018-06-23,165000.0,70평(233.92)"
        },
        {
            "index":1114,
            "아파트명":"신영체르니",
            "투자타입":"일반",
            "전용면적(m2)":"43.79",
            "전용면적(평)":"13평",
            "법정동주소":"서울시 서초구 양재동 90",
            "도로명주소":"서울시 서초구 논현로27길 57",
            "세대수":0,
            "입주년차":20,
            "용적률점수":"--",
            "건폐율점수":"--",
            "세대당주차수":0,
            "난방방식":30,
            "공급면적":"--",
            "전용률":"--",
            "욕실수":50,
            "현관타입":10,
            "주거총점":13.0,
            "지역구공급총점":0.0,
            "역세권":50,
            "30분내 이동가능 거점":100,
            "1시간내 이동가능 거점":100,
            "교통총점":75.0,
            "백화점":100,
            "아울렛몰":0,
            "대형마트":80,
            "은행":100,
            "병원":60,
            "종합병원":100,
            "공원":100,
            "혐오시설":0,
            "인프라총점":81.0,
            "초등학군":92.85,
            "중학군":54.3,
            "학군총점":62.01,
            "인구수":47.98,
            "인구증감":-16.07,
            "인구총점":28.765,
            "일자리":61.8,
            "소득수준":74.81,
            "일자리총점":65.703,
            "가치 총점":62.4515,
            "매매실거래년":20210905.0,
            "매매실거래가":46850.0,
            "전세실거래년":20211231.0,
            "전세실거래가":28000.0,
            "전세가율":59.77,
            "장기전세가율평균":55.86,
            "전세가율거품지수":-3.91,
            "검색코드":8287,
            "세대수":175,
            "준공년월":"2002-08-30",
            "준공년차":21,
            "가까운역이름":"양재",
            "가까운역거리":809.98,
            "역세권여부":"비역세권",
            "30분이내주요거점역":5,
            "1시간이내주요거점역":13,
            "3km이내백화점수":1,
            "5km이내아울렛몰수":0,
            "1km이내대형먀트수":1,
            "500m이내은행수":8,
            "500m이내병원수":15,
            "5km이내대형병원수":4,
            "500m이내공원수":4,
            "3km이내혐오시설수":0,
            "초등학교학업성취도":92.85,
            "중학교학업성취도":88.5,
            "용적률":287,
            "건폐율":43,
            "Y":37.479213,
            "X":127.041384,
            "rank":118.0,
            "area_info":"13평(43.79), 14평(48.94), 16평(53.16), 22평(75.39), 23평(78.38)",
            "last_sales":"2021-09-05,46850.0,13평(43.79)"
        },
        {
            "index":924,
            "아파트명":"서초한신리빙타워",
            "투자타입":"일반",
            "전용면적(m2)":"56.21",
            "전용면적(평)":"17평",
            "법정동주소":"서울시 서초구 서초동 1533",
            "도로명주소":"서울시 서초구 효령로 237",
            "세대수":0,
            "입주년차":20,
            "용적률점수":"--",
            "건폐율점수":"--",
            "세대당주차수":60,
            "난방방식":30,
            "공급면적":"--",
            "전용률":"--",
            "욕실수":50,
            "현관타입":10,
            "주거총점":22.0,
            "지역구공급총점":0.0,
            "역세권":50,
            "30분내 이동가능 거점":80,
            "1시간내 이동가능 거점":100,
            "교통총점":69.0,
            "백화점":100,
            "아울렛몰":0,
            "대형마트":80,
            "은행":100,
            "병원":60,
            "종합병원":100,
            "공원":100,
            "혐오시설":0,
            "인프라총점":81.0,
            "초등학군":94.83,
            "중학군":55.22,
            "학군총점":63.142,
            "인구수":47.98,
            "인구증감":-16.07,
            "인구총점":28.765,
            "일자리":61.8,
            "소득수준":74.81,
            "일자리총점":65.703,
            "가치 총점":62.3213,
            "매매실거래년":20210911.0,
            "매매실거래가":153500.0,
            "전세실거래년":20210415.0,
            "전세실거래가":26000.0,
            "전세가율":48.42,
            "장기전세가율평균":55.86,
            "전세가율거품지수":7.44,
            "검색코드":3518,
            "세대수":103,
            "준공년월":"1999-04-21",
            "준공년차":24,
            "가까운역이름":"남부터미널",
            "가까운역거리":560.02,
            "역세권여부":"준역세권",
            "30분이내주요거점역":4,
            "1시간이내주요거점역":16,
            "3km이내백화점수":1,
            "5km이내아울렛몰수":0,
            "1km이내대형먀트수":1,
            "500m이내은행수":5,
            "500m이내병원수":25,
            "5km이내대형병원수":3,
            "500m이내공원수":5,
            "3km이내혐오시설수":0,
            "초등학교학업성취도":94.83,
            "중학교학업성취도":90.3,
            "용적률":375,
            "건폐율":36,
            "Y":37.484063,
            "X":127.009956,
            "rank":119.0,
            "area_info":"17평(56.21), 19평(63.24), 33평(112.11), 50평(166.85)",
            "last_sales":"2021-09-11,153500.0,33평(112.11)"
        },
        {
            "index":543,
            "아파트명":"강남역푸르지오시티(도시형)",
            "투자타입":"일반",
            "전용면적(m2)":"29.4",
            "전용면적(평)":"8평",
            "법정동주소":"서울시 서초구 서초동 1337-3",
            "도로명주소":"서울시 서초구 효령로77길 30",
            "세대수":0,
            "입주년차":80,
            "용적률점수":"--",
            "건폐율점수":"--",
            "세대당주차수":0,
            "난방방식":30,
            "공급면적":"--",
            "전용률":"--",
            "욕실수":50,
            "현관타입":10,
            "주거총점":25.0,
            "지역구공급총점":0.0,
            "역세권":50,
            "30분내 이동가능 거점":100,
            "1시간내 이동가능 거점":100,
            "교통총점":75.0,
            "백화점":100,
            "아울렛몰":0,
            "대형마트":0,
            "은행":100,
            "병원":100,
            "종합병원":100,
            "공원":0,
            "혐오시설":0,
            "인프라총점":70.0,
            "초등학군":100.0,
            "중학군":58.66,
            "학군총점":66.928,
            "인구수":47.98,
            "인구증감":-16.07,
            "인구총점":28.765,
            "일자리":61.8,
            "소득수준":74.81,
            "일자리총점":65.703,
            "가치 총점":62.2892,
            "매매실거래년":20211223.0,
            "매매실거래가":21000.0,
            "전세실거래년":20190627.0,
            "전세실거래가":20000.0,
            "전세가율":95.24,
            "장기전세가율평균":55.86,
            "전세가율거품지수":-39.38,
            "검색코드":105330,
            "세대수":137,
            "준공년월":"2014-09-16",
            "준공년차":9,
            "가까운역이름":"강남",
            "가까운역거리":617.07,
            "역세권여부":"준역세권",
            "30분이내주요거점역":5,
            "1시간이내주요거점역":15,
            "3km이내백화점수":2,
            "5km이내아울렛몰수":0,
            "1km이내대형먀트수":0,
            "500m이내은행수":13,
            "500m이내병원수":75,
            "5km이내대형병원수":4,
            "500m이내공원수":0,
            "3km이내혐오시설수":0,
            "초등학교학업성취도":100.0,
            "중학교학업성취도":95.5,
            "용적률":942,
            "건폐율":59,
            "Y":37.49169,
            "X":127.028989,
            "rank":120.0,
            "area_info":"8평(29.4), 8평(29.42), 8평(29.51), 9평(30.36), 9평(30.38), 9평(30.47), 9평(31.86), 10평(33.8), 10평(33.92)",
            "last_sales":"2021-12-23,21000.0,8평(29.4)"
        },
        {
            "index":1287,
            "아파트명":"잠원중앙하이츠(B동)",
            "투자타입":"일반",
            "전용면적(m2)":"83.33",
            "전용면적(평)":"25평",
            "법정동주소":"서울시 서초구 잠원동 71-17",
            "도로명주소":"서울시 서초구 잠원로3길 20",
            "세대수":0,
            "입주년차":0,
            "용적률점수":"--",
            "건폐율점수":"--",
            "세대당주차수":0,
            "난방방식":30,
            "공급면적":"--",
            "전용률":"--",
            "욕실수":50,
            "현관타입":10,
            "주거총점":9.0,
            "지역구공급총점":0.0,
            "역세권":50,
            "30분내 이동가능 거점":100,
            "1시간내 이동가능 거점":100,
            "교통총점":75.0,
            "백화점":100,
            "아울렛몰":0,
            "대형마트":80,
            "은행":70,
            "병원":80,
            "종합병원":100,
            "공원":100,
            "혐오시설":0,
            "인프라총점":80.0,
            "초등학군":97.49,
            "중학군":56.9,
            "학군총점":65.018,
            "인구수":47.98,
            "인구증감":-16.07,
            "인구총점":28.765,
            "일자리":61.8,
            "소득수준":74.81,
            "일자리총점":65.703,
            "가치 총점":61.8027,
            "매매실거래년":20210407.0,
            "매매실거래가":145000.0,
            "전세실거래년":20211126.0,
            "전세실거래가":60000.0,
            "전세가율":41.38,
            "장기전세가율평균":55.86,
            "전세가율거품지수":14.48,
            "검색코드":1170,
            "세대수":126,
            "준공년월":"1998-12-18",
            "준공년차":25,
            "가까운역이름":"고속터미널",
            "가까운역거리":583.9,
            "역세권여부":"준역세권",
            "30분이내주요거점역":6,
            "1시간이내주요거점역":13,
            "3km이내백화점수":2,
            "5km이내아울렛몰수":0,
            "1km이내대형먀트수":1,
            "500m이내은행수":4,
            "500m이내병원수":37,
            "5km이내대형병원수":5,
            "500m이내공원수":5,
            "3km이내혐오시설수":0,
            "초등학교학업성취도":97.49,
            "중학교학업성취도":92.1,
            "용적률":349,
            "건폐율":24,
            "Y":37.51006,
            "X":127.004806,
            "rank":121.0,
            "area_info":"25평(83.33), 31평(104.9)",
            "last_sales":"2021-04-07,145000.0,25평(83.33)"
        },
        {
            "index":565,
            "아파트명":"동원베네스트",
            "투자타입":"일반",
            "전용면적(m2)":"105.68",
            "전용면적(평)":"31평",
            "법정동주소":"서울시 서초구 서초동 1350-13",
            "도로명주소":"서울시 서초구 효령로74길 57",
            "세대수":0,
            "입주년차":20,
            "용적률점수":"--",
            "건폐율점수":"--",
            "세대당주차수":60,
            "난방방식":30,
            "공급면적":"--",
            "전용률":"--",
            "욕실수":100,
            "현관타입":100,
            "주거총점":36.0,
            "지역구공급총점":0.0,
            "역세권":50,
            "30분내 이동가능 거점":100,
            "1시간내 이동가능 거점":100,
            "교통총점":75.0,
            "백화점":100,
            "아울렛몰":0,
            "대형마트":0,
            "은행":70,
            "병원":30,
            "종합병원":100,
            "공원":100,
            "혐오시설":0,
            "인프라총점":63.0,
            "초등학군":90.54,
            "중학군":53.14,
            "학군총점":60.62,
            "인구수":47.98,
            "인구증감":-16.07,
            "인구총점":28.765,
            "일자리":61.8,
            "소득수준":74.81,
            "일자리총점":65.703,
            "가치 총점":61.443,
            "매매실거래년":20210620.0,
            "매매실거래가":180000.0,
            "전세실거래년":20210902.0,
            "전세실거래가":90000.0,
            "전세가율":76.6,
            "장기전세가율평균":55.86,
            "전세가율거품지수":-20.74,
            "검색코드":3402,
            "세대수":126,
            "준공년월":"2002-11-30",
            "준공년차":21,
            "가까운역이름":"양재",
            "가까운역거리":716.21,
            "역세권여부":"준역세권",
            "30분이내주요거점역":5,
            "1시간이내주요거점역":15,
            "3km이내백화점수":2,
            "5km이내아울렛몰수":0,
            "1km이내대형먀트수":0,
            "500m이내은행수":3,
            "500m이내병원수":9,
            "5km이내대형병원수":3,
            "500m이내공원수":3,
            "3km이내혐오시설수":0,
            "초등학교학업성취도":90.54,
            "중학교학업성취도":88.1,
            "용적률":292,
            "건폐율":24,
            "Y":37.485282,
            "X":127.026641,
            "rank":122.0,
            "area_info":"31평(105.68), 31평(105.53), 43평(142.48)",
            "last_sales":"2021-06-20,180000.0,43평(142.48)"
        },
        {
            "index":1012,
            "아파트명":"풍림아이원플러스",
            "투자타입":"일반",
            "전용면적(m2)":"37.54",
            "전용면적(평)":"11평",
            "법정동주소":"서울시 서초구 서초동 1338-1",
            "도로명주소":"서울시 서초구 효령로77길 14",
            "세대수":0,
            "입주년차":40,
            "용적률점수":"--",
            "건폐율점수":"--",
            "세대당주차수":0,
            "난방방식":30,
            "공급면적":"--",
            "전용률":"--",
            "욕실수":50,
            "현관타입":10,
            "주거총점":17.0,
            "지역구공급총점":0.0,
            "역세권":50,
            "30분내 이동가능 거점":100,
            "1시간내 이동가능 거점":100,
            "교통총점":75.0,
            "백화점":100,
            "아울렛몰":0,
            "대형마트":0,
            "은행":100,
            "병원":100,
            "종합병원":100,
            "공원":80,
            "혐오시설":0,
            "인프라총점":72.4,
            "초등학군":100.0,
            "중학군":58.66,
            "학군총점":66.928,
            "인구수":47.98,
            "인구증감":-16.07,
            "인구총점":28.765,
            "일자리":61.8,
            "소득수준":74.81,
            "일자리총점":65.703,
            "가치 총점":61.4092,
            "매매실거래년":20211126.0,
            "매매실거래가":50400.0,
            "전세실거래년":20211104.0,
            "전세실거래가":24000.0,
            "전세가율":88.89,
            "장기전세가율평균":55.86,
            "전세가율거품지수":-33.03,
            "검색코드":9961,
            "세대수":200,
            "준공년월":"2004-04-23",
            "준공년차":19,
            "가까운역이름":"강남",
            "가까운역거리":765.96,
            "역세권여부":"준역세권",
            "30분이내주요거점역":6,
            "1시간이내주요거점역":14,
            "3km이내백화점수":2,
            "5km이내아울렛몰수":0,
            "1km이내대형먀트수":0,
            "500m이내은행수":16,
            "500m이내병원수":69,
            "5km이내대형병원수":4,
            "500m이내공원수":1,
            "3km이내혐오시설수":0,
            "초등학교학업성취도":100.0,
            "중학교학업성취도":95.5,
            "용적률":648,
            "건폐율":59,
            "Y":37.490473,
            "X":127.029932,
            "rank":123.0,
            "area_info":"11평(37.54), 11평(38.93), 14평(46.75), 14평(48.76), 16평(55.79)",
            "last_sales":"2021-11-26,50400.0,16평(55.79)"
        },
        {
            "index":1214,
            "아파트명":"롯데캐슬갤럭시1차",
            "투자타입":"일반",
            "전용면적(m2)":"140.41",
            "전용면적(평)":"42평",
            "법정동주소":"서울시 서초구 잠원동 50",
            "도로명주소":"서울시 서초구 잠원로14길 3",
            "세대수":0,
            "입주년차":20,
            "용적률점수":"--",
            "건폐율점수":"--",
            "세대당주차수":80,
            "난방방식":30,
            "공급면적":"--",
            "전용률":"--",
            "욕실수":100,
            "현관타입":100,
            "주거총점":39.0,
            "지역구공급총점":0.0,
            "역세권":50,
            "30분내 이동가능 거점":100,
            "1시간내 이동가능 거점":100,
            "교통총점":75.0,
            "백화점":100,
            "아울렛몰":0,
            "대형마트":0,
            "은행":0,
            "병원":60,
            "종합병원":100,
            "공원":100,
            "혐오시설":0,
            "인프라총점":59.0,
            "초등학군":90.88,
            "중학군":56.64,
            "학군총점":63.488,
            "인구수":47.98,
            "인구증감":-16.07,
            "인구총점":28.765,
            "일자리":61.8,
            "소득수준":74.81,
            "일자리총점":65.703,
            "가치 총점":61.2732,
            "매매실거래년":20211105.0,
            "매매실거래가":305000.0,
            "전세실거래년":20211214.0,
            "전세실거래가":114450.0,
            "전세가율":37.52,
            "장기전세가율평균":55.86,
            "전세가율거품지수":18.34,
            "검색코드":2996,
            "세대수":256,
            "준공년월":"2002-07-27",
            "준공년차":21,
            "가까운역이름":"신사",
            "가까운역거리":549.99,
            "역세권여부":"준역세권",
            "30분이내주요거점역":6,
            "1시간이내주요거점역":10,
            "3km이내백화점수":3,
            "5km이내아울렛몰수":0,
            "1km이내대형먀트수":0,
            "500m이내은행수":0,
            "500m이내병원수":23,
            "5km이내대형병원수":4,
            "500m이내공원수":3,
            "3km이내혐오시설수":0,
            "초등학교학업성취도":90.88,
            "중학교학업성취도":91.2,
            "용적률":312,
            "건폐율":19,
            "Y":37.520366,
            "X":127.016502,
            "rank":124.0,
            "area_info":"42평(140.41), 49평(162.59), 52평(171.98), 58평(193.84)",
            "last_sales":"2021-11-05,305000.0,42평(140.41)"
        },
        {
            "index":322,
            "아파트명":"방배그랑자이",
            "투자타입":"일반",
            "전용면적(m2)":"72.91",
            "전용면적(평)":"22평",
            "법정동주소":"서울시 서초구 방배동 1028-1",
            "도로명주소":"서울시 서초구 방배로 21",
            "세대수":80,
            "입주년차":100,
            "용적률점수":"--",
            "건폐율점수":"--",
            "세대당주차수":80,
            "난방방식":100,
            "공급면적":"--",
            "전용률":"--",
            "욕실수":100,
            "현관타입":100,
            "주거총점":90.0,
            "지역구공급총점":0.0,
            "역세권":50,
            "30분내 이동가능 거점":80,
            "1시간내 이동가능 거점":100,
            "교통총점":69.0,
            "백화점":0,
            "아울렛몰":0,
            "대형마트":0,
            "은행":70,
            "병원":30,
            "종합병원":100,
            "공원":100,
            "혐오시설":0,
            "인프라총점":33.0,
            "초등학군":92.76,
            "중학군":53.06,
            "학군총점":61.0,
            "인구수":47.98,
            "인구증감":-16.07,
            "인구총점":28.765,
            "일자리":61.8,
            "소득수준":74.81,
            "일자리총점":65.703,
            "가치 총점":61.2,
            "매매실거래년":"18000101",
            "매매실거래가":null,
            "전세실거래년":null,
            "전세실거래가":null,
            "전세가율":null,
            "장기전세가율평균":55.86,
            "전세가율거품지수":null,
            "검색코드":125757,
            "세대수":758,
            "준공년월":"2021-07-01",
            "준공년차":2,
            "가까운역이름":"방배",
            "가까운역거리":540.41,
            "역세권여부":"준역세권",
            "30분이내주요거점역":4,
            "1시간이내주요거점역":16,
            "3km이내백화점수":0,
            "5km이내아울렛몰수":0,
            "1km이내대형먀트수":0,
            "500m이내은행수":3,
            "500m이내병원수":8,
            "5km이내대형병원수":4,
            "500m이내공원수":3,
            "3km이내혐오시설수":0,
            "초등학교학업성취도":92.76,
            "중학교학업성취도":87.7,
            "용적률":249,
            "건폐율":0,
            "Y":37.476841,
            "X":126.999627,
            "rank":125.0,
            "area_info":"22평(72.91), 23평(78.43), 23평(79.29), 29평(97.3), 29평(97.55), 33평(110.8), 33평(110.91), 33평(111.35), 43평(145.21), 46평(153.52), 47평(156.97), 51평(170.8)",
            "last_sales":"1800-01-01,nan,22평(72.91)"
        },
        {
            "index":937,
            "아파트명":"서초현대4차",
            "투자타입":"일반",
            "전용면적(m2)":"67.04",
            "전용면적(평)":"20평",
            "법정동주소":"서울시 서초구 서초동 1684",
            "도로명주소":"서울시 서초구 고무래로 94",
            "세대수":0,
            "입주년차":20,
            "용적률점수":"--",
            "건폐율점수":"--",
            "세대당주차수":60,
            "난방방식":100,
            "공급면적":"--",
            "전용률":"--",
            "욕실수":50,
            "현관타입":10,
            "주거총점":29.0,
            "지역구공급총점":0.0,
            "역세권":80,
            "30분내 이동가능 거점":60,
            "1시간내 이동가능 거점":100,
            "교통총점":78.0,
            "백화점":100,
            "아울렛몰":0,
            "대형마트":0,
            "은행":20,
            "병원":60,
            "종합병원":100,
            "공원":100,
            "혐오시설":0,
            "인프라총점":61.0,
            "초등학군":92.39,
            "중학군":58.36,
            "학군총점":65.166,
            "인구수":47.98,
            "인구증감":-16.07,
            "인구총점":28.765,
            "일자리":61.8,
            "소득수준":74.81,
            "일자리총점":65.703,
            "가치 총점":61.1749,
            "매매실거래년":20201209.0,
            "매매실거래가":183000.0,
            "전세실거래년":20210527.0,
            "전세실거래가":63000.0,
            "전세가율":54.78,
            "장기전세가율평균":55.86,
            "전세가율거품지수":1.08,
            "검색코드":3013,
            "세대수":160,
            "준공년월":"2000-11-27",
            "준공년차":23,
            "가까운역이름":"사평",
            "가까운역거리":487.58,
            "역세권여부":"준역세권",
            "30분이내주요거점역":3,
            "1시간이내주요거점역":13,
            "3km이내백화점수":1,
            "5km이내아울렛몰수":0,
            "1km이내대형먀트수":0,
            "500m이내은행수":2,
            "500m이내병원수":13,
            "5km이내대형병원수":4,
            "500m이내공원수":2,
            "3km이내혐오시설수":0,
            "초등학교학업성취도":92.39,
            "중학교학업성취도":93.8,
            "용적률":296,
            "건폐율":24,
            "Y":37.500145,
            "X":127.017344,
            "rank":126.0,
            "area_info":"20평(67.04), 20평(67.04), 21평(70.63), 23평(79.07), 25평(83.45), 31평(103.75), 31평(104.52), 31평(104.3), 32평(107.25), 32평(108.77), 32평(108.8), 40평(133.44), 44평(147.0), 52평(172.27)",
            "last_sales":"2020-12-09,183000.0,31평(104.52)"
        },
        {
            "index":475,
            "아파트명":"삼호1차",
            "투자타입":"재건축",
            "전용면적(m2)":"80.85",
            "전용면적(평)":"24평",
            "법정동주소":"서울시 서초구 방배동 770-1",
            "도로명주소":"서울시 서초구 방배로43길 5",
            "세대수":50,
            "입주년차":"--",
            "용적률점수":0,
            "건폐율점수":0,
            "세대당주차수":"--",
            "난방방식":"--",
            "공급면적":50,
            "전용률":100,
            "욕실수":"--",
            "현관타입":"--",
            "주거총점":22.5,
            "지역구공급총점":0.0,
            "역세권":50,
            "30분내 이동가능 거점":100,
            "1시간내 이동가능 거점":100,
            "교통총점":75.0,
            "백화점":100,
            "아울렛몰":0,
            "대형마트":0,
            "은행":100,
            "병원":60,
            "종합병원":100,
            "공원":100,
            "혐오시설":0,
            "인프라총점":69.0,
            "초등학군":93.56,
            "중학군":55.3,
            "학군총점":62.952,
            "인구수":47.98,
            "인구증감":-16.07,
            "인구총점":28.765,
            "일자리":61.8,
            "소득수준":74.81,
            "일자리총점":65.703,
            "가치 총점":60.8928,
            "매매실거래년":20180618.0,
            "매매실거래가":121000.0,
            "전세실거래년":null,
            "전세실거래가":null,
            "전세가율":null,
            "장기전세가율평균":55.86,
            "전세가율거품지수":null,
            "검색코드":947,
            "세대수":419,
            "준공년월":"1975-11-28",
            "준공년차":48,
            "가까운역이름":"구반포",
            "가까운역거리":671.13,
            "역세권여부":"준역세권",
            "30분이내주요거점역":6,
            "1시간이내주요거점역":13,
            "3km이내백화점수":1,
            "5km이내아울렛몰수":0,
            "1km이내대형먀트수":0,
            "500m이내은행수":6,
            "500m이내병원수":26,
            "5km이내대형병원수":4,
            "500m이내공원수":3,
            "3km이내혐오시설수":0,
            "초등학교학업성취도":93.56,
            "중학교학업성취도":91.5,
            "용적률":0,
            "건폐율":0,
            "Y":37.495335,
            "X":126.987687,
            "rank":127.0,
            "area_info":"24평(80.85), 24평(80.86), 24평(82.08), 24평(82.08), 24평(82.32), 35평(117.15), 35평(117.15), 49평(164.16)",
            "last_sales":"2018-06-18,121000.0,35평(117.15)"
        },
        {
            "index":1082,
            "아파트명":"서초포레스타5단지",
            "투자타입":"일반",
            "전용면적(m2)":"80.4",
            "전용면적(평)":"24평",
            "법정동주소":"서울시 서초구 신원동 579",
            "도로명주소":"서울시 서초구 청계산로7길 43",
            "세대수":50,
            "입주년차":80,
            "용적률점수":"--",
            "건폐율점수":"--",
            "세대당주차수":30,
            "난방방식":30,
            "공급면적":"--",
            "전용률":"--",
            "욕실수":100,
            "현관타입":100,
            "주거총점":61.0,
            "지역구공급총점":0.0,
            "역세권":80,
            "30분내 이동가능 거점":100,
            "1시간내 이동가능 거점":100,
            "교통총점":90.0,
            "백화점":0,
            "아울렛몰":0,
            "대형마트":0,
            "은행":0,
            "병원":30,
            "종합병원":100,
            "공원":100,
            "혐오시설":0,
            "인프라총점":26.0,
            "초등학군":85.4,
            "중학군":47.0,
            "학군총점":54.68,
            "인구수":47.98,
            "인구증감":-16.07,
            "인구총점":28.765,
            "일자리":61.8,
            "소득수준":74.81,
            "일자리총점":65.703,
            "가치 총점":59.702,
            "매매실거래년":20210811.0,
            "매매실거래가":200000.0,
            "전세실거래년":20220102.0,
            "전세실거래가":60000.0,
            "전세가율":50.0,
            "장기전세가율평균":55.86,
            "전세가율거품지수":5.86,
            "검색코드":107903,
            "세대수":547,
            "준공년월":"2014-05-08",
            "준공년차":9,
            "가까운역이름":"청계산입구",
            "가까운역거리":496.99,
            "역세권여부":"준역세권",
            "30분이내주요거점역":5,
            "1시간이내주요거점역":10,
            "3km이내백화점수":0,
            "5km이내아울렛몰수":0,
            "1km이내대형먀트수":0,
            "500m이내은행수":0,
            "500m이내병원수":5,
            "5km이내대형병원수":2,
            "500m이내공원수":2,
            "3km이내혐오시설수":0,
            "초등학교학업성취도":85.4,
            "중학교학업성취도":78.0,
            "용적률":204,
            "건폐율":27,
            "Y":37.451524,
            "X":127.057141,
            "rank":128.0,
            "area_info":"24평(80.4), 33평(111.67), 34평(112.52), 33평(112.23), 34평(112.76), 34평(112.56), 34평(112.81), 34평(113.09), 40평(134.93), 40평(134.91), 40평(135.33), 40평(135.39), 46평(152.32), 46평(154.33)",
            "last_sales":"2021-08-11,200000.0,46평(152.32)"
        },
        {
            "index":340,
            "아파트명":"방배래미안",
            "투자타입":"일반",
            "전용면적(m2)":"78.51",
            "전용면적(평)":"23평",
            "법정동주소":"서울시 서초구 방배동 2626",
            "도로명주소":"서울시 서초구 방배선행길 2",
            "세대수":30,
            "입주년차":20,
            "용적률점수":"--",
            "건폐율점수":"--",
            "세대당주차수":30,
            "난방방식":30,
            "공급면적":"--",
            "전용률":"--",
            "욕실수":100,
            "현관타입":100,
            "주거총점":42.0,
            "지역구공급총점":0.0,
            "역세권":80,
            "30분내 이동가능 거점":100,
            "1시간내 이동가능 거점":100,
            "교통총점":90.0,
            "백화점":0,
            "아울렛몰":0,
            "대형마트":80,
            "은행":0,
            "병원":10,
            "종합병원":100,
            "공원":80,
            "혐오시설":0,
            "인프라총점":35.4,
            "초등학군":92.91,
            "중학군":53.06,
            "학군총점":61.03,
            "인구수":47.98,
            "인구증감":-16.07,
            "인구총점":28.765,
            "일자리":61.8,
            "소득수준":74.81,
            "일자리총점":65.703,
            "가치 총점":59.6745,
            "매매실거래년":20210724.0,
            "매매실거래가":190000.0,
            "전세실거래년":20211127.0,
            "전세실거래가":63000.0,
            "전세가율":41.31,
            "장기전세가율평균":55.86,
            "전세가율거품지수":14.55,
            "검색코드":9035,
            "세대수":303,
            "준공년월":"2003-10-01",
            "준공년차":20,
            "가까운역이름":"사당",
            "가까운역거리":481.08,
            "역세권여부":"준역세권",
            "30분이내주요거점역":7,
            "1시간이내주요거점역":17,
            "3km이내백화점수":0,
            "5km이내아울렛몰수":0,
            "1km이내대형먀트수":1,
            "500m이내은행수":0,
            "500m이내병원수":3,
            "5km이내대형병원수":3,
            "500m이내공원수":1,
            "3km이내혐오시설수":0,
            "초등학교학업성취도":92.91,
            "중학교학업성취도":87.7,
            "용적률":201,
            "건폐율":24,
            "Y":37.47268,
            "X":126.984172,
            "rank":129.0,
            "area_info":"23평(78.51), 23평(78.51), 32평(106.49), 40평(135.51)",
            "last_sales":"2021-07-24,190000.0,40평(135.51)"
        },
        {
            "index":1249,
            "아파트명":"신반포16차",
            "투자타입":"재건축",
            "전용면적(m2)":"57.58",
            "전용면적(평)":"17평",
            "법정동주소":"서울시 서초구 잠원동 55-12",
            "도로명주소":"서울시 서초구 잠원로 157",
            "세대수":30,
            "입주년차":"--",
            "용적률점수":0,
            "건폐율점수":0,
            "세대당주차수":"--",
            "난방방식":"--",
            "공급면적":50,
            "전용률":100,
            "욕실수":"--",
            "현관타입":"--",
            "주거총점":16.5,
            "지역구공급총점":0.0,
            "역세권":50,
            "30분내 이동가능 거점":100,
            "1시간내 이동가능 거점":100,
            "교통총점":75.0,
            "백화점":100,
            "아울렛몰":0,
            "대형마트":80,
            "은행":0,
            "병원":30,
            "종합병원":100,
            "공원":100,
            "혐오시설":0,
            "인프라총점":68.0,
            "초등학군":90.88,
            "중학군":56.64,
            "학군총점":63.488,
            "인구수":47.98,
            "인구증감":-16.07,
            "인구총점":28.765,
            "일자리":61.8,
            "소득수준":74.81,
            "일자리총점":65.703,
            "가치 총점":59.4732,
            "매매실거래년":20210602.0,
            "매매실거래가":165000.0,
            "전세실거래년":20220105.0,
            "전세실거래가":33000.0,
            "전세가율":20.0,
            "장기전세가율평균":55.86,
            "전세가율거품지수":35.86,
            "검색코드":8149,
            "세대수":396,
            "준공년월":"1983-01-07",
            "준공년차":40,
            "가까운역이름":"잠원",
            "가까운역거리":540.67,
            "역세권여부":"준역세권",
            "30분이내주요거점역":6,
            "1시간이내주요거점역":11,
            "3km이내백화점수":2,
            "5km이내아울렛몰수":0,
            "1km이내대형먀트수":1,
            "500m이내은행수":0,
            "500m이내병원수":7,
            "5km이내대형병원수":5,
            "500m이내공원수":2,
            "3km이내혐오시설수":0,
            "초등학교학업성취도":90.88,
            "중학교학업성취도":91.2,
            "용적률":0,
            "건폐율":0,
            "Y":37.517509,
            "X":127.00991,
            "rank":130.0,
            "area_info":"17평(57.58), 27평(91.49)",
            "last_sales":"2021-06-02,165000.0,17평(57.58)"
        },
        {
            "index":1291,
            "아파트명":"잠원현대",
            "투자타입":"일반",
            "전용면적(m2)":"103.77",
            "전용면적(평)":"31평",
            "법정동주소":"서울시 서초구 잠원동 53",
            "도로명주소":"서울시 서초구 잠원로12길 4",
            "세대수":0,
            "입주년차":0,
            "용적률점수":"--",
            "건폐율점수":"--",
            "세대당주차수":0,
            "난방방식":100,
            "공급면적":"--",
            "전용률":"--",
            "욕실수":100,
            "현관타입":100,
            "주거총점":30.0,
            "지역구공급총점":0.0,
            "역세권":50,
            "30분내 이동가능 거점":100,
            "1시간내 이동가능 거점":100,
            "교통총점":75.0,
            "백화점":100,
            "아울렛몰":0,
            "대형마트":0,
            "은행":0,
            "병원":60,
            "종합병원":100,
            "공원":100,
            "혐오시설":0,
            "인프라총점":59.0,
            "초등학군":90.88,
            "중학군":56.64,
            "학군총점":63.488,
            "인구수":47.98,
            "인구증감":-16.07,
            "인구총점":28.765,
            "일자리":61.8,
            "소득수준":74.81,
            "일자리총점":65.703,
            "가치 총점":59.4732,
            "매매실거래년":20210821.0,
            "매매실거래가":230000.0,
            "전세실거래년":20211120.0,
            "전세실거래가":73500.0,
            "전세가율":31.96,
            "장기전세가율평균":55.86,
            "전세가율거품지수":23.9,
            "검색코드":545,
            "세대수":238,
            "준공년월":"1993-04-23",
            "준공년차":30,
            "가까운역이름":"잠원",
            "가까운역거리":673.85,
            "역세권여부":"준역세권",
            "30분이내주요거점역":5,
            "1시간이내주요거점역":11,
            "3km이내백화점수":3,
            "5km이내아울렛몰수":0,
            "1km이내대형먀트수":0,
            "500m이내은행수":0,
            "500m이내병원수":10,
            "5km이내대형병원수":5,
            "500m이내공원수":3,
            "3km이내혐오시설수":0,
            "초등학교학업성취도":90.88,
            "중학교학업성취도":91.2,
            "용적률":299,
            "건폐율":23,
            "Y":37.51867,
            "X":127.012904,
            "rank":130.0,
            "area_info":"31평(103.77)",
            "last_sales":"2021-08-21,230000.0,31평(103.77)"
        },
        {
            "index":503,
            "아파트명":"삼환나띠르빌",
            "투자타입":"일반",
            "전용면적(m2)":"105.42",
            "전용면적(평)":"31평",
            "법정동주소":"서울시 서초구 방배동 1002-22",
            "도로명주소":"서울시 서초구 명달로 33",
            "세대수":0,
            "입주년차":20,
            "용적률점수":"--",
            "건폐율점수":"--",
            "세대당주차수":30,
            "난방방식":30,
            "공급면적":"--",
            "전용률":"--",
            "욕실수":100,
            "현관타입":100,
            "주거총점":31.5,
            "지역구공급총점":0.0,
            "역세권":50,
            "30분내 이동가능 거점":80,
            "1시간내 이동가능 거점":100,
            "교통총점":69.0,
            "백화점":100,
            "아울렛몰":0,
            "대형마트":0,
            "은행":70,
            "병원":30,
            "종합병원":100,
            "공원":100,
            "혐오시설":0,
            "인프라총점":63.0,
            "초등학군":94.83,
            "중학군":55.22,
            "학군총점":63.142,
            "인구수":47.98,
            "인구증감":-16.07,
            "인구총점":28.765,
            "일자리":61.8,
            "소득수준":74.81,
            "일자리총점":65.703,
            "가치 총점":58.8213,
            "매매실거래년":20210522.0,
            "매매실거래가":146500.0,
            "전세실거래년":null,
            "전세실거래가":null,
            "전세가율":null,
            "장기전세가율평균":55.86,
            "전세가율거품지수":null,
            "검색코드":8696,
            "세대수":126,
            "준공년월":"2003-04-01",
            "준공년차":20,
            "가까운역이름":"방배",
            "가까운역거리":679.56,
            "역세권여부":"준역세권",
            "30분이내주요거점역":4,
            "1시간이내주요거점역":15,
            "3km이내백화점수":1,
            "5km이내아울렛몰수":0,
            "1km이내대형먀트수":0,
            "500m이내은행수":3,
            "500m이내병원수":9,
            "5km이내대형병원수":4,
            "500m이내공원수":3,
            "3km이내혐오시설수":0,
            "초등학교학업성취도":94.83,
            "중학교학업성취도":90.3,
            "용적률":298,
            "건폐율":37,
            "Y":37.4804,
            "X":127.005188,
            "rank":131.0,
            "area_info":"31평(105.42), 34평(114.51), 34평(114.51), 45평(150.07), 57평(189.26)",
            "last_sales":"2021-05-22,146500.0,34평(114.51)"
        },
        {
            "index":527,
            "아파트명":"임광1,2차",
            "투자타입":"재건축",
            "전용면적(m2)":"116.28",
            "전용면적(평)":"35평",
            "법정동주소":"서울시 서초구 방배동 1015",
            "도로명주소":"서울시 서초구 방배로 14",
            "세대수":50,
            "입주년차":"--",
            "용적률점수":80,
            "건폐율점수":100,
            "세대당주차수":"--",
            "난방방식":"--",
            "공급면적":100,
            "전용률":60,
            "욕실수":"--",
            "현관타입":"--",
            "주거총점":75.0,
            "지역구공급총점":0.0,
            "역세권":50,
            "30분내 이동가능 거점":100,
            "1시간내 이동가능 거점":100,
            "교통총점":75.0,
            "백화점":0,
            "아울렛몰":0,
            "대형마트":0,
            "은행":20,
            "병원":30,
            "종합병원":100,
            "공원":80,
            "혐오시설":0,
            "인프라총점":27.4,
            "초등학군":92.76,
            "중학군":53.06,
            "학군총점":61.0,
            "인구수":47.98,
            "인구증감":-16.07,
            "인구총점":28.765,
            "일자리":61.8,
            "소득수준":74.81,
            "일자리총점":65.703,
            "가치 총점":58.62,
            "매매실거래년":20211214.0,
            "매매실거래가":248000.0,
            "전세실거래년":20211228.0,
            "전세실거래가":85000.0,
            "전세가율":44.74,
            "장기전세가율평균":55.86,
            "전세가율거품지수":11.12,
            "검색코드":472,
            "세대수":418,
            "준공년월":"1985-11-13",
            "준공년차":38,
            "가까운역이름":"방배",
            "가까운역거리":658.42,
            "역세권여부":"준역세권",
            "30분이내주요거점역":6,
            "1시간이내주요거점역":16,
            "3km이내백화점수":0,
            "5km이내아울렛몰수":0,
            "1km이내대형먀트수":0,
            "500m이내은행수":2,
            "500m이내병원수":5,
            "5km이내대형병원수":4,
            "500m이내공원수":1,
            "3km이내혐오시설수":0,
            "초등학교학업성취도":92.76,
            "중학교학업성취도":87.7,
            "용적률":184,
            "건폐율":17,
            "Y":37.476908,
            "X":127.002419,
            "rank":132.0,
            "area_info":"35평(116.28), 48평(160.67)",
            "last_sales":"2021-12-14,248000.0,48평(160.67)"
        },
        {
            "index":523,
            "아파트명":"쌍용예가클래식",
            "투자타입":"재건축",
            "전용면적(m2)":"117.07",
            "전용면적(평)":"35평",
            "법정동주소":"서울시 서초구 방배동 776-3",
            "도로명주소":"서울시 서초구 방배로37길 26-9",
            "세대수":0,
            "입주년차":"--",
            "용적률점수":20,
            "건폐율점수":80,
            "세대당주차수":"--",
            "난방방식":"--",
            "공급면적":100,
            "전용률":60,
            "욕실수":"--",
            "현관타입":"--",
            "주거총점":32.0,
            "지역구공급총점":0.0,
            "역세권":50,
            "30분내 이동가능 거점":60,
            "1시간내 이동가능 거점":100,
            "교통총점":63.0,
            "백화점":100,
            "아울렛몰":0,
            "대형마트":0,
            "은행":100,
            "병원":60,
            "종합병원":100,
            "공원":100,
            "혐오시설":0,
            "인프라총점":69.0,
            "초등학군":93.56,
            "중학군":55.3,
            "학군총점":62.952,
            "인구수":47.98,
            "인구증감":-16.07,
            "인구총점":28.765,
            "일자리":61.8,
            "소득수준":74.81,
            "일자리총점":65.703,
            "가치 총점":58.5928,
            "매매실거래년":20210205.0,
            "매매실거래가":210000.0,
            "전세실거래년":20211112.0,
            "전세실거래가":80000.0,
            "전세가율":49.38,
            "장기전세가율평균":55.86,
            "전세가율거품지수":6.48,
            "검색코드":465,
            "세대수":216,
            "준공년월":"1978-04-04",
            "준공년차":45,
            "가까운역이름":"내방",
            "가까운역거리":844.54,
            "역세권여부":"비역세권",
            "30분이내주요거점역":3,
            "1시간이내주요거점역":14,
            "3km이내백화점수":1,
            "5km이내아울렛몰수":0,
            "1km이내대형먀트수":0,
            "500m이내은행수":7,
            "500m이내병원수":28,
            "5km이내대형병원수":5,
            "500m이내공원수":2,
            "3km이내혐오시설수":0,
            "초등학교학업성취도":93.56,
            "중학교학업성취도":91.5,
            "용적률":271,
            "건폐율":25,
            "Y":37.493705,
            "X":126.987788,
            "rank":133.0,
            "area_info":"35평(117.07), 45평(148.82), 53평(175.79), 53평(177.45)",
            "last_sales":"2021-02-05,210000.0,53평(177.45)"
        },
        {
            "index":442,
            "아파트명":"방배한신트리플",
            "투자타입":"일반",
            "전용면적(m2)":"35.76",
            "전용면적(평)":"10평",
            "법정동주소":"서울시 서초구 방배동 816-1",
            "도로명주소":"서울시 서초구 방배로33길 29",
            "세대수":0,
            "입주년차":40,
            "용적률점수":"--",
            "건폐율점수":"--",
            "세대당주차수":0,
            "난방방식":30,
            "공급면적":"--",
            "전용률":"--",
            "욕실수":50,
            "현관타입":100,
            "주거총점":26.0,
            "지역구공급총점":0.0,
            "역세권":50,
            "30분내 이동가능 거점":60,
            "1시간내 이동가능 거점":100,
            "교통총점":63.0,
            "백화점":100,
            "아울렛몰":0,
            "대형마트":0,
            "은행":100,
            "병원":80,
            "종합병원":100,
            "공원":100,
            "혐오시설":0,
            "인프라총점":71.0,
            "초등학군":95.29,
            "중학군":55.3,
            "학군총점":63.298,
            "인구수":47.98,
            "인구증감":-16.07,
            "인구총점":28.765,
            "일자리":61.8,
            "소득수준":74.81,
            "일자리총점":65.703,
            "가치 총점":58.0447,
            "매매실거래년":20150311.0,
            "매매실거래가":43500.0,
            "전세실거래년":20171101.0,
            "전세실거래가":24000.0,
            "전세가율":141.18,
            "장기전세가율평균":55.86,
            "전세가율거품지수":-85.32,
            "검색코드":11458,
            "세대수":163,
            "준공년월":"2004-02-27",
            "준공년차":19,
            "가까운역이름":"내방",
            "가까운역거리":575.12,
            "역세권여부":"준역세권",
            "30분이내주요거점역":3,
            "1시간이내주요거점역":14,
            "3km이내백화점수":1,
            "5km이내아울렛몰수":0,
            "1km이내대형먀트수":0,
            "500m이내은행수":7,
            "500m이내병원수":34,
            "5km이내대형병원수":4,
            "500m이내공원수":3,
            "3km이내혐오시설수":0,
            "초등학교학업성취도":95.29,
            "중학교학업성취도":91.5,
            "용적률":377,
            "건폐율":58,
            "Y":37.491455,
            "X":126.989142,
            "rank":134.0,
            "area_info":"10평(35.76), 12평(41.86), 14평(48.79), 15평(51.22), 16평(54.52), 16평(55.88), 17평(57.39), 18평(62.04), 21평(71.21), 22평(75.91), 23평(77.88), 29평(97.04)",
            "last_sales":"2015-03-11,43500.0,29평(97.04)"
        },
        {
            "index":1096,
            "아파트명":"서초포레스타6단지",
            "투자타입":"일반",
            "전용면적(m2)":"86.52",
            "전용면적(평)":"26평",
            "법정동주소":"서울시 서초구 신원동 619",
            "도로명주소":"서울시 서초구 청계산로9길 1-12",
            "세대수":50,
            "입주년차":80,
            "용적률점수":"--",
            "건폐율점수":"--",
            "세대당주차수":30,
            "난방방식":30,
            "공급면적":"--",
            "전용률":"--",
            "욕실수":100,
            "현관타입":100,
            "주거총점":61.0,
            "지역구공급총점":0.0,
            "역세권":80,
            "30분내 이동가능 거점":100,
            "1시간내 이동가능 거점":100,
            "교통총점":90.0,
            "백화점":0,
            "아울렛몰":0,
            "대형마트":0,
            "은행":0,
            "병원":10,
            "종합병원":80,
            "공원":80,
            "혐오시설":0,
            "인프라총점":19.4,
            "초등학군":85.4,
            "중학군":47.0,
            "학군총점":54.68,
            "인구수":47.98,
            "인구증감":-16.07,
            "인구총점":28.765,
            "일자리":61.8,
            "소득수준":74.81,
            "일자리총점":65.703,
            "가치 총점":57.722,
            "매매실거래년":20211117.0,
            "매매실거래가":155000.0,
            "전세실거래년":20210928.0,
            "전세실거래가":65100.0,
            "전세가율":42.0,
            "장기전세가율평균":55.86,
            "전세가율거품지수":13.86,
            "검색코드":108834,
            "세대수":585,
            "준공년월":"2015-04-07",
            "준공년차":8,
            "가까운역이름":"청계산입구",
            "가까운역거리":288.89,
            "역세권여부":"준역세권",
            "30분이내주요거점역":6,
            "1시간이내주요거점역":11,
            "3km이내백화점수":0,
            "5km이내아울렛몰수":0,
            "1km이내대형먀트수":0,
            "500m이내은행수":0,
            "500m이내병원수":4,
            "5km이내대형병원수":1,
            "500m이내공원수":1,
            "3km이내혐오시설수":0,
            "초등학교학업성취도":85.4,
            "중학교학업성취도":78.0,
            "용적률":138,
            "건폐율":28,
            "Y":37.449807,
            "X":127.055535,
            "rank":135.0,
            "area_info":"26평(86.52), 26평(86.35), 26평(86.35), 26평(86.35), 36평(121.38), 36평(121.75)",
            "last_sales":"2021-11-17,155000.0,26평(86.52)"
        },
        {
            "index":0,
            "아파트명":"서초더샵포레",
            "투자타입":"일반",
            "전용면적(m2)":"80.7",
            "전용면적(평)":"24평",
            "법정동주소":"서울시 서초구 내곡동 411",
            "도로명주소":"서울시 서초구 헌릉로8길 58",
            "세대수":90,
            "입주년차":80,
            "용적률점수":"--",
            "건폐율점수":"--",
            "세대당주차수":60,
            "난방방식":30,
            "공급면적":"--",
            "전용률":"--",
            "욕실수":100,
            "현관타입":100,
            "주거총점":79.5,
            "지역구공급총점":0.0,
            "역세권":50,
            "30분내 이동가능 거점":100,
            "1시간내 이동가능 거점":100,
            "교통총점":75.0,
            "백화점":0,
            "아울렛몰":0,
            "대형마트":0,
            "은행":0,
            "병원":10,
            "종합병원":100,
            "공원":100,
            "혐오시설":0,
            "인프라총점":24.0,
            "초등학군":85.4,
            "중학군":47.0,
            "학군총점":54.68,
            "인구수":47.98,
            "인구증감":-16.07,
            "인구총점":28.765,
            "일자리":61.8,
            "소득수준":74.81,
            "일자리총점":65.703,
            "가치 총점":57.552,
            "매매실거래년":20201214.0,
            "매매실거래가":179000.0,
            "전세실거래년":20211215.0,
            "전세실거래가":38587.0,
            "전세가율":null,
            "장기전세가율평균":55.86,
            "전세가율거품지수":null,
            "검색코드":107901,
            "세대수":1264,
            "준공년월":"2014-08-11",
            "준공년차":9,
            "가까운역이름":"청계산입구",
            "가까운역거리":915.81,
            "역세권여부":"비역세권",
            "30분이내주요거점역":5,
            "1시간이내주요거점역":11,
            "3km이내백화점수":0,
            "5km이내아울렛몰수":0,
            "1km이내대형먀트수":0,
            "500m이내은행수":0,
            "500m이내병원수":2,
            "5km이내대형병원수":2,
            "500m이내공원수":2,
            "3km이내혐오시설수":0,
            "초등학교학업성취도":85.4,
            "중학교학업성취도":78.0,
            "용적률":188,
            "건폐율":24,
            "Y":37.452654,
            "X":127.06345,
            "rank":136.0,
            "area_info":"24평(80.7), 24평(80.7), 24평(80.87), 34평(112.5), 34평(112.56), 33평(112.17), 34평(113.35), 34평(113.81), 34평(113.56), 34평(113.55), 34평(114.82), 40평(134.92), 40평(135.12), 40평(135.18), 40평(135.15), 41평(136.14), 46평(152.71), 46평(152.56), 46평(153.1)",
            "last_sales":"2020-12-14,179000.0,46평(153.1)"
        },
        {
            "index":483,
            "아파트명":"삼호2차",
            "투자타입":"재건축",
            "전용면적(m2)":"137.63",
            "전용면적(평)":"41평",
            "법정동주소":"서울시 서초구 방배동 758-4",
            "도로명주소":"서울시 서초구 방배로43길 2",
            "세대수":0,
            "입주년차":"--",
            "용적률점수":0,
            "건폐율점수":0,
            "세대당주차수":"--",
            "난방방식":"--",
            "공급면적":100,
            "전용률":100,
            "욕실수":"--",
            "현관타입":"--",
            "주거총점":10.0,
            "지역구공급총점":0.0,
            "역세권":50,
            "30분내 이동가능 거점":100,
            "1시간내 이동가능 거점":100,
            "교통총점":75.0,
            "백화점":100,
            "아울렛몰":0,
            "대형마트":0,
            "은행":70,
            "병원":60,
            "종합병원":100,
            "공원":100,
            "혐오시설":0,
            "인프라총점":66.0,
            "초등학군":93.56,
            "중학군":55.3,
            "학군총점":62.952,
            "인구수":47.98,
            "인구증감":-16.07,
            "인구총점":28.765,
            "일자리":61.8,
            "소득수준":74.81,
            "일자리총점":65.703,
            "가치 총점":57.4928,
            "매매실거래년":20220103.0,
            "매매실거래가":225000.0,
            "전세실거래년":20211130.0,
            "전세실거래가":100000.0,
            "전세가율":44.44,
            "장기전세가율평균":55.86,
            "전세가율거품지수":11.42,
            "검색코드":468,
            "세대수":264,
            "준공년월":"1976-04-29",
            "준공년차":47,
            "가까운역이름":"구반포",
            "가까운역거리":579.71,
            "역세권여부":"준역세권",
            "30분이내주요거점역":7,
            "1시간이내주요거점역":14,
            "3km이내백화점수":1,
            "5km이내아울렛몰수":0,
            "1km이내대형먀트수":0,
            "500m이내은행수":4,
            "500m이내병원수":25,
            "5km이내대형병원수":4,
            "500m이내공원수":3,
            "3km이내혐오시설수":0,
            "초등학교학업성취도":93.56,
            "중학교학업성취도":91.5,
            "용적률":0,
            "건폐율":0,
            "Y":37.496151,
            "X":126.987247,
            "rank":137.0,
            "area_info":"41평(137.63), 41평(137.64), 42평(141.54), 42평(141.55), 58평(191.78), 58평(191.79)",
            "last_sales":"2022-01-03,225000.0,41평(137.63)"
        },
        {
            "index":928,
            "아파트명":"서초현대",
            "투자타입":"일반",
            "전용면적(m2)":"72.72",
            "전용면적(평)":"21평",
            "법정동주소":"서울시 서초구 서초동 1648-2",
            "도로명주소":"서울시 서초구 사임당로19길 10",
            "세대수":0,
            "입주년차":20,
            "용적률점수":"--",
            "건폐율점수":"--",
            "세대당주차수":30,
            "난방방식":100,
            "공급면적":"--",
            "전용률":"--",
            "욕실수":50,
            "현관타입":10,
            "주거총점":24.5,
            "지역구공급총점":0.0,
            "역세권":50,
            "30분내 이동가능 거점":80,
            "1시간내 이동가능 거점":100,
            "교통총점":69.0,
            "백화점":100,
            "아울렛몰":0,
            "대형마트":0,
            "은행":20,
            "병원":60,
            "종합병원":100,
            "공원":100,
            "혐오시설":0,
            "인프라총점":61.0,
            "초등학군":100.0,
            "중학군":58.66,
            "학군총점":66.928,
            "인구수":47.98,
            "인구증감":-16.07,
            "인구총점":28.765,
            "일자리":61.8,
            "소득수준":74.81,
            "일자리총점":65.703,
            "가치 총점":57.3892,
            "매매실거래년":20210530.0,
            "매매실거래가":185000.0,
            "전세실거래년":20211108.0,
            "전세실거래가":49350.0,
            "전세가율":42.0,
            "장기전세가율평균":55.86,
            "전세가율거품지수":13.86,
            "검색코드":3010,
            "세대수":299,
            "준공년월":"1999-11-30",
            "준공년차":24,
            "가까운역이름":"교대",
            "가까운역거리":582.38,
            "역세권여부":"준역세권",
            "30분이내주요거점역":4,
            "1시간이내주요거점역":14,
            "3km이내백화점수":1,
            "5km이내아울렛몰수":0,
            "1km이내대형먀트수":0,
            "500m이내은행수":2,
            "500m이내병원수":16,
            "5km이내대형병원수":4,
            "500m이내공원수":2,
            "3km이내혐오시설수":0,
            "초등학교학업성취도":100.0,
            "중학교학업성취도":95.5,
            "용적률":306,
            "건폐율":26,
            "Y":37.491021,
            "X":127.019951,
            "rank":138.0,
            "area_info":"21평(72.72), 22평(75.02), 23평(77.01), 26평(87.41), 33평(110.36), 33평(110.42), 33평(110.23), 33평(110.64), 43평(144.29)",
            "last_sales":"2021-05-30,185000.0,43평(144.29)"
        },
        {
            "index":356,
            "아파트명":"방배래미안타워",
            "투자타입":"일반",
            "전용면적(m2)":"124.65",
            "전용면적(평)":"37평",
            "법정동주소":"서울시 서초구 방배동 485-3",
            "도로명주소":"서울시 서초구 남부순환로 2183",
            "세대수":30,
            "입주년차":40,
            "용적률점수":"--",
            "건폐율점수":"--",
            "세대당주차수":80,
            "난방방식":30,
            "공급면적":"--",
            "전용률":"--",
            "욕실수":100,
            "현관타입":100,
            "주거총점":53.5,
            "지역구공급총점":0.0,
            "역세권":50,
            "30분내 이동가능 거점":100,
            "1시간내 이동가능 거점":100,
            "교통총점":75.0,
            "백화점":0,
            "아울렛몰":0,
            "대형마트":80,
            "은행":0,
            "병원":10,
            "종합병원":100,
            "공원":100,
            "혐오시설":0,
            "인프라총점":36.0,
            "초등학군":93.74,
            "중학군":53.06,
            "학군총점":61.196,
            "인구수":47.98,
            "인구증감":-16.07,
            "인구총점":28.765,
            "일자리":61.8,
            "소득수준":74.81,
            "일자리총점":65.703,
            "가치 총점":56.9294,
            "매매실거래년":20210120.0,
            "매매실거래가":200000.0,
            "전세실거래년":20210930.0,
            "전세실거래가":80850.0,
            "전세가율":52.84,
            "장기전세가율평균":55.86,
            "전세가율거품지수":3.02,
            "검색코드":11139,
            "세대수":344,
            "준공년월":"2005-01-07",
            "준공년차":18,
            "가까운역이름":"사당",
            "가까운역거리":866.03,
            "역세권여부":"비역세권",
            "30분이내주요거점역":5,
            "1시간이내주요거점역":16,
            "3km이내백화점수":0,
            "5km이내아울렛몰수":0,
            "1km이내대형먀트수":1,
            "500m이내은행수":0,
            "500m이내병원수":3,
            "5km이내대형병원수":2,
            "500m이내공원수":3,
            "3km이내혐오시설수":0,
            "초등학교학업성취도":93.74,
            "중학교학업성취도":87.7,
            "용적률":296,
            "건폐율":18,
            "Y":37.47484,
            "X":126.991265,
            "rank":139.0,
            "area_info":"37평(124.65), 37평(125.49), 47평(157.64), 47평(158.44)",
            "last_sales":"2021-01-20,200000.0,47평(158.44)"
        },
        {
            "index":291,
            "아파트명":"엠브이",
            "투자타입":"일반",
            "전용면적(m2)":"74.52",
            "전용면적(평)":"22평",
            "법정동주소":"서울시 서초구 반포동 46",
            "도로명주소":"서울시 서초구 고무래로10길 39",
            "세대수":0,
            "입주년차":0,
            "용적률점수":"--",
            "건폐율점수":"--",
            "세대당주차수":0,
            "난방방식":30,
            "공급면적":"--",
            "전용률":"--",
            "욕실수":50,
            "현관타입":10,
            "주거총점":9.0,
            "지역구공급총점":0.0,
            "역세권":50,
            "30분내 이동가능 거점":80,
            "1시간내 이동가능 거점":100,
            "교통총점":69.0,
            "백화점":100,
            "아울렛몰":0,
            "대형마트":0,
            "은행":100,
            "병원":80,
            "종합병원":100,
            "공원":80,
            "혐오시설":0,
            "인프라총점":70.4,
            "초등학군":92.3,
            "중학군":58.14,
            "학군총점":64.972,
            "인구수":47.98,
            "인구증감":-16.07,
            "인구총점":28.765,
            "일자리":61.8,
            "소득수준":74.81,
            "일자리총점":65.703,
            "가치 총점":56.8158,
            "매매실거래년":20211026.0,
            "매매실거래가":200000.0,
            "전세실거래년":20210821.0,
            "전세실거래가":65000.0,
            "전세가율":50.0,
            "장기전세가율평균":55.86,
            "전세가율거품지수":5.86,
            "검색코드":452,
            "세대수":154,
            "준공년월":"1994-07-28",
            "준공년차":29,
            "가까운역이름":"사평",
            "가까운역거리":715.67,
            "역세권여부":"준역세권",
            "30분이내주요거점역":4,
            "1시간이내주요거점역":13,
            "3km이내백화점수":1,
            "5km이내아울렛몰수":0,
            "1km이내대형먀트수":0,
            "500m이내은행수":5,
            "500m이내병원수":41,
            "5km이내대형병원수":5,
            "500m이내공원수":1,
            "3km이내혐오시설수":0,
            "초등학교학업성취도":92.3,
            "중학교학업성취도":94.1,
            "용적률":397,
            "건폐율":27,
            "Y":37.49914,
            "X":127.010255,
            "rank":140.0,
            "area_info":"22평(74.52), 31평(104.15), 49평(162.23)",
            "last_sales":"2021-10-26,200000.0,49평(162.23)"
        },
        {
            "index":1026,
            "아파트명":"헤센파크힐",
            "투자타입":"일반",
            "전용면적(m2)":"32.22",
            "전용면적(평)":"9평",
            "법정동주소":"서울시 서초구 서초동 1633-4",
            "도로명주소":"서울시 서초구 사임당로 115",
            "세대수":0,
            "입주년차":80,
            "용적률점수":"--",
            "건폐율점수":"--",
            "세대당주차수":0,
            "난방방식":30,
            "공급면적":"--",
            "전용률":"--",
            "욕실수":50,
            "현관타입":100,
            "주거총점":34.0,
            "지역구공급총점":0.0,
            "역세권":50,
            "30분내 이동가능 거점":60,
            "1시간내 이동가능 거점":100,
            "교통총점":63.0,
            "백화점":100,
            "아울렛몰":0,
            "대형마트":0,
            "은행":0,
            "병원":60,
            "종합병원":100,
            "공원":0,
            "혐오시설":0,
            "인프라총점":56.0,
            "초등학군":100.0,
            "중학군":58.66,
            "학군총점":66.928,
            "인구수":47.98,
            "인구증감":-16.07,
            "인구총점":28.765,
            "일자리":61.8,
            "소득수준":74.81,
            "일자리총점":65.703,
            "가치 총점":55.6892,
            "매매실거래년":"18000101",
            "매매실거래가":null,
            "전세실거래년":20210903.0,
            "전세실거래가":35500.0,
            "전세가율":null,
            "장기전세가율평균":55.86,
            "전세가율거품지수":null,
            "검색코드":122579,
            "세대수":102,
            "준공년월":"2018-07-30",
            "준공년차":5,
            "가까운역이름":"교대",
            "가까운역거리":782.46,
            "역세권여부":"준역세권",
            "30분이내주요거점역":3,
            "1시간이내주요거점역":13,
            "3km이내백화점수":2,
            "5km이내아울렛몰수":0,
            "1km이내대형먀트수":0,
            "500m이내은행수":0,
            "500m이내병원수":14,
            "5km이내대형병원수":3,
            "500m이내공원수":0,
            "3km이내혐오시설수":0,
            "초등학교학업성취도":100.0,
            "중학교학업성취도":95.5,
            "용적률":239,
            "건폐율":56,
            "Y":37.491174,
            "X":127.022487,
            "rank":141.0,
            "area_info":"9평(32.22), 10평(34.34), 10평(35.73), 11평(36.96), 11평(37.36), 11평(37.19), 13평(43.14), 13평(44.65), 16평(54.58), 16평(54.23), 16평(54.58)",
            "last_sales":"1800-01-01,nan,9평(32.22)"
        },
        {
            "index":344,
            "아파트명":"방배래미안아트힐",
            "투자타입":"일반",
            "전용면적(m2)":"126.92",
            "전용면적(평)":"38평",
            "법정동주소":"서울시 서초구 방배동 1008-2",
            "도로명주소":"서울시 서초구 남부순환로 2311-12",
            "세대수":50,
            "입주년차":40,
            "용적률점수":"--",
            "건폐율점수":"--",
            "세대당주차수":80,
            "난방방식":30,
            "공급면적":"--",
            "전용률":"--",
            "욕실수":100,
            "현관타입":100,
            "주거총점":60.5,
            "지역구공급총점":0.0,
            "역세권":50,
            "30분내 이동가능 거점":100,
            "1시간내 이동가능 거점":100,
            "교통총점":75.0,
            "백화점":0,
            "아울렛몰":0,
            "대형마트":0,
            "은행":0,
            "병원":30,
            "종합병원":100,
            "공원":80,
            "혐오시설":0,
            "인프라총점":25.4,
            "초등학군":94.83,
            "중학군":55.22,
            "학군총점":63.142,
            "인구수":47.98,
            "인구증감":-16.07,
            "인구총점":28.765,
            "일자리":61.8,
            "소득수준":74.81,
            "일자리총점":65.703,
            "가치 총점":55.4413,
            "매매실거래년":20201209.0,
            "매매실거래가":240000.0,
            "전세실거래년":null,
            "전세실거래가":null,
            "전세가율":null,
            "장기전세가율평균":55.86,
            "전세가율거품지수":null,
            "검색코드":9521,
            "세대수":588,
            "준공년월":"2004-12-14",
            "준공년차":19,
            "가까운역이름":"방배",
            "가까운역거리":782.63,
            "역세권여부":"준역세권",
            "30분이내주요거점역":5,
            "1시간이내주요거점역":16,
            "3km이내백화점수":0,
            "5km이내아울렛몰수":0,
            "1km이내대형먀트수":0,
            "500m이내은행수":0,
            "500m이내병원수":6,
            "5km이내대형병원수":3,
            "500m이내공원수":1,
            "3km이내혐오시설수":0,
            "초등학교학업성취도":94.83,
            "중학교학업성취도":90.3,
            "용적률":294,
            "건폐율":16,
            "Y":37.477688,
            "X":127.005111,
            "rank":142.0,
            "area_info":"38평(126.92), 38평(126.99), 38평(126.48), 38평(127.18), 41평(136.65), 41평(136.81), 46평(152.27), 46평(152.09), 48평(159.95), 49평(164.69), 57평(190.0), 60평(201.28)",
            "last_sales":"2020-12-09,240000.0,60평(201.28)"
        },
        {
            "index":1295,
            "아파트명":"잠원훼미리",
            "투자타입":"재건축",
            "전용면적(m2)":"101.05",
            "전용면적(평)":"30평",
            "법정동주소":"서울시 서초구 잠원동 51",
            "도로명주소":"서울시 서초구 잠원로 202-11",
            "세대수":0,
            "입주년차":"--",
            "용적률점수":0,
            "건폐율점수":0,
            "세대당주차수":"--",
            "난방방식":"--",
            "공급면적":90,
            "전용률":80,
            "욕실수":"--",
            "현관타입":"--",
            "주거총점":8.5,
            "지역구공급총점":0.0,
            "역세권":50,
            "30분내 이동가능 거점":100,
            "1시간내 이동가능 거점":100,
            "교통총점":75.0,
            "백화점":100,
            "아울렛몰":0,
            "대형마트":0,
            "은행":0,
            "병원":60,
            "종합병원":100,
            "공원":100,
            "혐오시설":0,
            "인프라총점":59.0,
            "초등학군":90.88,
            "중학군":56.64,
            "학군총점":63.488,
            "인구수":47.98,
            "인구증감":-16.07,
            "인구총점":28.765,
            "일자리":61.8,
            "소득수준":74.81,
            "일자리총점":65.703,
            "가치 총점":55.1732,
            "매매실거래년":20210623.0,
            "매매실거래가":220000.0,
            "전세실거래년":null,
            "전세실거래가":null,
            "전세가율":null,
            "장기전세가율평균":55.86,
            "전세가율거품지수":null,
            "검색코드":542,
            "세대수":288,
            "준공년월":"1992-11-25",
            "준공년차":31,
            "가까운역이름":"신사",
            "가까운역거리":579.95,
            "역세권여부":"준역세권",
            "30분이내주요거점역":6,
            "1시간이내주요거점역":11,
            "3km이내백화점수":3,
            "5km이내아울렛몰수":0,
            "1km이내대형먀트수":0,
            "500m이내은행수":0,
            "500m이내병원수":24,
            "5km이내대형병원수":5,
            "500m이내공원수":3,
            "3km이내혐오시설수":0,
            "초등학교학업성취도":90.88,
            "중학교학업성취도":91.2,
            "용적률":0,
            "건폐율":0,
            "Y":37.5192,
            "X":127.01462,
            "rank":143.0,
            "area_info":"30평(101.05), 30평(102.47), 31평(102.99), 31평(103.17)",
            "last_sales":"2021-06-23,220000.0,30평(102.47)"
        },
        {
            "index":529,
            "아파트명":"임광3차",
            "투자타입":"재건축",
            "전용면적(m2)":"58.25",
            "전용면적(평)":"17평",
            "법정동주소":"서울시 서초구 방배동 1011-1",
            "도로명주소":"서울시 서초구 방배로2길 24-6",
            "세대수":30,
            "입주년차":"--",
            "용적률점수":60,
            "건폐율점수":80,
            "세대당주차수":"--",
            "난방방식":"--",
            "공급면적":50,
            "전용률":60,
            "욕실수":"--",
            "현관타입":"--",
            "주거총점":54.5,
            "지역구공급총점":0.0,
            "역세권":50,
            "30분내 이동가능 거점":100,
            "1시간내 이동가능 거점":100,
            "교통총점":75.0,
            "백화점":0,
            "아울렛몰":0,
            "대형마트":0,
            "은행":20,
            "병원":30,
            "종합병원":100,
            "공원":80,
            "혐오시설":0,
            "인프라총점":27.4,
            "초등학군":92.76,
            "중학군":53.06,
            "학군총점":61.0,
            "인구수":47.98,
            "인구증감":-16.07,
            "인구총점":28.765,
            "일자리":61.8,
            "소득수준":74.81,
            "일자리총점":65.703,
            "가치 총점":54.52,
            "매매실거래년":20200706.0,
            "매매실거래가":149500.0,
            "전세실거래년":20211023.0,
            "전세실거래가":30000.0,
            "전세가율":39.47,
            "장기전세가율평균":55.86,
            "전세가율거품지수":16.39,
            "검색코드":474,
            "세대수":316,
            "준공년월":"1988-04-14",
            "준공년차":35,
            "가까운역이름":"방배",
            "가까운역거리":726.79,
            "역세권여부":"준역세권",
            "30분이내주요거점역":6,
            "1시간이내주요거점역":16,
            "3km이내백화점수":0,
            "5km이내아울렛몰수":0,
            "1km이내대형먀트수":0,
            "500m이내은행수":2,
            "500m이내병원수":5,
            "5km이내대형병원수":3,
            "500m이내공원수":1,
            "3km이내혐오시설수":0,
            "초등학교학업성취도":92.76,
            "중학교학업성취도":87.7,
            "용적률":229,
            "건폐율":22,
            "Y":37.476288,
            "X":127.002687,
            "rank":144.0,
            "area_info":"17평(58.25), 19평(65.86), 26평(86.42), 26평(88.55), 31평(104.98), 31평(104.73), 32평(107.1), 38평(128.29)",
            "last_sales":"2020-07-06,149500.0,38평(128.29)"
        },
        {
            "index":1074,
            "아파트명":"서초포레스타3단지",
            "투자타입":"일반",
            "전용면적(m2)":"82.11",
            "전용면적(평)":"24평",
            "법정동주소":"서울시 서초구 신원동 568",
            "도로명주소":"서울시 서초구 헌릉로8길 22",
            "세대수":50,
            "입주년차":80,
            "용적률점수":"--",
            "건폐율점수":"--",
            "세대당주차수":30,
            "난방방식":30,
            "공급면적":"--",
            "전용률":"--",
            "욕실수":100,
            "현관타입":100,
            "주거총점":61.0,
            "지역구공급총점":0.0,
            "역세권":50,
            "30분내 이동가능 거점":100,
            "1시간내 이동가능 거점":100,
            "교통총점":75.0,
            "백화점":0,
            "아울렛몰":0,
            "대형마트":0,
            "은행":0,
            "병원":30,
            "종합병원":100,
            "공원":80,
            "혐오시설":0,
            "인프라총점":25.4,
            "초등학군":85.4,
            "중학군":47.0,
            "학군총점":54.68,
            "인구수":47.98,
            "인구증감":-16.07,
            "인구총점":28.765,
            "일자리":61.8,
            "소득수준":74.81,
            "일자리총점":65.703,
            "가치 총점":54.272,
            "매매실거래년":20201021.0,
            "매매실거래가":165000.0,
            "전세실거래년":20210226.0,
            "전세실거래가":29611.0,
            "전세가율":null,
            "장기전세가율평균":55.86,
            "전세가율거품지수":null,
            "검색코드":107902,
            "세대수":482,
            "준공년월":"2014-06-24",
            "준공년차":9,
            "가까운역이름":"청계산입구",
            "가까운역거리":899.02,
            "역세권여부":"비역세권",
            "30분이내주요거점역":5,
            "1시간이내주요거점역":11,
            "3km이내백화점수":0,
            "5km이내아울렛몰수":0,
            "1km이내대형먀트수":0,
            "500m이내은행수":0,
            "500m이내병원수":8,
            "5km이내대형병원수":2,
            "500m이내공원수":1,
            "3km이내혐오시설수":0,
            "초등학교학업성취도":85.4,
            "중학교학업성취도":78.0,
            "용적률":241,
            "건폐율":27,
            "Y":37.454853,
            "X":127.058989,
            "rank":145.0,
            "area_info":"24평(82.11), 24평(82.02), 24평(82.11), 34평(113.95), 34평(114.49), 34평(115.38), 47평(155.43), 47평(155.43)",
            "last_sales":"2020-10-21,165000.0,47평(155.43)"
        },
        {
            "index":497,
            "아파트명":"삼호한숲",
            "투자타입":"일반",
            "전용면적(m2)":"80.16",
            "전용면적(평)":"24평",
            "법정동주소":"서울시 서초구 방배동 1030-1",
            "도로명주소":"서울시 서초구 방배로3길 10-3",
            "세대수":0,
            "입주년차":0,
            "용적률점수":"--",
            "건폐율점수":"--",
            "세대당주차수":30,
            "난방방식":30,
            "공급면적":"--",
            "전용률":"--",
            "욕실수":50,
            "현관타입":10,
            "주거총점":13.5,
            "지역구공급총점":0.0,
            "역세권":80,
            "30분내 이동가능 거점":100,
            "1시간내 이동가능 거점":100,
            "교통총점":90.0,
            "백화점":0,
            "아울렛몰":0,
            "대형마트":0,
            "은행":70,
            "병원":60,
            "종합병원":100,
            "공원":100,
            "혐오시설":0,
            "인프라총점":36.0,
            "초등학군":92.76,
            "중학군":53.06,
            "학군총점":61.0,
            "인구수":47.98,
            "인구증감":-16.07,
            "인구총점":28.765,
            "일자리":61.8,
            "소득수준":74.81,
            "일자리총점":65.703,
            "가치 총점":54.15,
            "매매실거래년":20210805.0,
            "매매실거래가":135000.0,
            "전세실거래년":20210716.0,
            "전세실거래가":90000.0,
            "전세가율":66.67,
            "장기전세가율평균":55.86,
            "전세가율거품지수":-10.81,
            "검색코드":857,
            "세대수":116,
            "준공년월":"1998-10-17",
            "준공년차":25,
            "가까운역이름":"방배",
            "가까운역거리":432.72,
            "역세권여부":"준역세권",
            "30분이내주요거점역":5,
            "1시간이내주요거점역":15,
            "3km이내백화점수":0,
            "5km이내아울렛몰수":0,
            "1km이내대형먀트수":0,
            "500m이내은행수":3,
            "500m이내병원수":17,
            "5km이내대형병원수":4,
            "500m이내공원수":3,
            "3km이내혐오시설수":0,
            "초등학교학업성취도":92.76,
            "중학교학업성취도":87.7,
            "용적률":347,
            "건폐율":35,
            "Y":37.477643,
            "X":126.998746,
            "rank":146.0,
            "area_info":"24평(80.16), 32평(106.34), 32평(107.19), 34평(113.42), 42평(139.2), 42평(139.13)",
            "last_sales":"2021-08-05,135000.0,24평(80.16)"
        },
        {
            "index":28,
            "아파트명":"강남원효성",
            "투자타입":"재건축",
            "전용면적(m2)":"152.76",
            "전용면적(평)":"46평",
            "법정동주소":"서울시 서초구 반포동 591-1",
            "도로명주소":"서울시 서초구 사평대로20길 76",
            "세대수":0,
            "입주년차":"--",
            "용적률점수":0,
            "건폐율점수":0,
            "세대당주차수":"--",
            "난방방식":"--",
            "공급면적":100,
            "전용률":100,
            "욕실수":"--",
            "현관타입":"--",
            "주거총점":10.0,
            "지역구공급총점":0.0,
            "역세권":50,
            "30분내 이동가능 거점":20,
            "1시간내 이동가능 거점":100,
            "교통총점":51.0,
            "백화점":100,
            "아울렛몰":0,
            "대형마트":80,
            "은행":100,
            "병원":60,
            "종합병원":100,
            "공원":80,
            "혐오시설":0,
            "인프라총점":80.4,
            "초등학군":93.35,
            "중학군":55.06,
            "학군총점":62.718,
            "인구수":47.98,
            "인구증감":-16.07,
            "인구총점":28.765,
            "일자리":61.8,
            "소득수준":74.81,
            "일자리총점":65.703,
            "가치 총점":53.3777,
            "매매실거래년":"18000101",
            "매매실거래가":null,
            "전세실거래년":null,
            "전세실거래가":null,
            "전세가율":null,
            "장기전세가율평균":55.86,
            "전세가율거품지수":null,
            "검색코드":128491,
            "세대수":107,
            "준공년월":"1984-11-28",
            "준공년차":39,
            "가까운역이름":"신반포",
            "가까운역거리":829.19,
            "역세권여부":"비역세권",
            "30분이내주요거점역":1,
            "1시간이내주요거점역":14,
            "3km이내백화점수":1,
            "5km이내아울렛몰수":0,
            "1km이내대형먀트수":1,
            "500m이내은행수":5,
            "500m이내병원수":14,
            "5km이내대형병원수":5,
            "500m이내공원수":1,
            "3km이내혐오시설수":0,
            "초등학교학업성취도":93.35,
            "중학교학업성취도":89.7,
            "용적률":0,
            "건폐율":0,
            "Y":37.495959,
            "X":126.996082,
            "rank":147.0,
            "area_info":"46평(152.76), 46평(154.53), 46평(154.95), 47평(157.58), 48평(158.76), 49평(162.23), 49평(163.83), 51평(169.78), 51평(171.12), 51평(171.37), 51평(171.57), 52평(174.08), 52평(174.27), 52평(174.66), 53평(176.94), 53평(177.88), 54평(178.86), 54평(179.59), 54평(180.62), 55평(182.46), 55평(182.84), 55평(183.02), 56평(185.91), 56평(185.62), 56평(185.31), 57평(189.07), 57평(189.01), 57평(190.35), 57평(190.83), 57평(191.72), 57평(191.07), 58평(192.5), 59평(197.47), 59평(197.64), 60평(199.72), 60평(199.23), 61평(204.7), 62평(205.49), 64평(211.6), 64평(211.75), 65평(216.0), 65평(217.35), 67평(223.61), 68평(224.9), 68평(226.7), 68평(226.69), 68평(228.05), 76평(254.39)",
            "last_sales":"1800-01-01,nan,46평(152.76)"
        },
        {
            "index":1119,
            "아파트명":"양재우성",
            "투자타입":"재건축",
            "전용면적(m2)":"89.42",
            "전용면적(평)":"27평",
            "법정동주소":"서울시 서초구 양재동 154-2",
            "도로명주소":"서울시 서초구 바우뫼로 91",
            "세대수":80,
            "입주년차":"--",
            "용적률점수":80,
            "건폐율점수":100,
            "세대당주차수":"--",
            "난방방식":"--",
            "공급면적":70,
            "전용률":80,
            "욕실수":"--",
            "현관타입":"--",
            "주거총점":83.5,
            "지역구공급총점":0.0,
            "역세권":50,
            "30분내 이동가능 거점":40,
            "1시간내 이동가능 거점":100,
            "교통총점":57.0,
            "백화점":0,
            "아울렛몰":0,
            "대형마트":0,
            "은행":0,
            "병원":0,
            "종합병원":100,
            "공원":100,
            "혐오시설":0,
            "인프라총점":23.0,
            "초등학군":86.95,
            "중학군":47.0,
            "학군총점":54.99,
            "인구수":47.98,
            "인구증감":-16.07,
            "인구총점":28.765,
            "일자리":61.8,
            "소득수준":74.81,
            "일자리총점":65.703,
            "가치 총점":51.7985,
            "매매실거래년":20211001.0,
            "매매실거래가":165000.0,
            "전세실거래년":20211212.0,
            "전세실거래가":75000.0,
            "전세가율":45.45,
            "장기전세가율평균":55.86,
            "전세가율거품지수":10.41,
            "검색코드":504,
            "세대수":794,
            "준공년월":"1991-11-29",
            "준공년차":32,
            "가까운역이름":"양재시민의숲",
            "가까운역거리":827.49,
            "역세권여부":"비역세권",
            "30분이내주요거점역":2,
            "1시간이내주요거점역":10,
            "3km이내백화점수":0,
            "5km이내아울렛몰수":0,
            "1km이내대형먀트수":0,
            "500m이내은행수":0,
            "500m이내병원수":1,
            "5km이내대형병원수":4,
            "500m이내공원수":8,
            "3km이내혐오시설수":0,
            "초등학교학업성취도":86.95,
            "중학교학업성취도":78.0,
            "용적률":198,
            "건폐율":16,
            "Y":37.474905,
            "X":127.031343,
            "rank":148.0,
            "area_info":"27평(89.42), 30평(100.98), 30평(101.38), 30평(101.31)",
            "last_sales":"2021-10-01,165000.0,27평(89.42)"
        },
        {
            "index":1102,
            "아파트명":"서초포레스타7단지",
            "투자타입":"일반",
            "전용면적(m2)":"87.72",
            "전용면적(평)":"26평",
            "법정동주소":"서울시 서초구 신원동 615",
            "도로명주소":"서울시 서초구 청계산로11길 7-12",
            "세대수":30,
            "입주년차":60,
            "용적률점수":"--",
            "건폐율점수":"--",
            "세대당주차수":0,
            "난방방식":30,
            "공급면적":"--",
            "전용률":"--",
            "욕실수":100,
            "현관타입":100,
            "주거총점":45.5,
            "지역구공급총점":0.0,
            "역세권":80,
            "30분내 이동가능 거점":100,
            "1시간내 이동가능 거점":100,
            "교통총점":90.0,
            "백화점":0,
            "아울렛몰":0,
            "대형마트":0,
            "은행":0,
            "병원":30,
            "종합병원":0,
            "공원":80,
            "혐오시설":0,
            "인프라총점":5.4,
            "초등학군":85.4,
            "중학군":47.0,
            "학군총점":54.68,
            "인구수":47.98,
            "인구증감":-16.07,
            "인구총점":28.765,
            "일자리":61.8,
            "소득수준":74.81,
            "일자리총점":65.703,
            "가치 총점":50.422,
            "매매실거래년":20141226.0,
            "매매실거래가":65000.0,
            "전세실거래년":20211227.0,
            "전세실거래가":28053.0,
            "전세가율":null,
            "장기전세가율평균":55.86,
            "전세가율거품지수":null,
            "검색코드":107069,
            "세대수":310,
            "준공년월":"2013-10-01",
            "준공년차":10,
            "가까운역이름":"청계산입구",
            "가까운역거리":202.96,
            "역세권여부":"역세권",
            "30분이내주요거점역":6,
            "1시간이내주요거점역":11,
            "3km이내백화점수":0,
            "5km이내아울렛몰수":0,
            "1km이내대형먀트수":0,
            "500m이내은행수":0,
            "500m이내병원수":5,
            "5km이내대형병원수":0,
            "500m이내공원수":1,
            "3km이내혐오시설수":0,
            "초등학교학업성취도":85.4,
            "중학교학업성취도":78.0,
            "용적률":0,
            "건폐율":0,
            "Y":37.448747,
            "X":127.056906,
            "rank":149.0,
            "area_info":"26평(87.72), 26평(87.89), 26평(87.67), 26평(87.67), 32평(108.78), 37평(122.62), 37평(123.05), 37평(123.42)",
            "last_sales":"2014-12-26,65000.0,37평(123.42)"
        },
        {
            "index":19,
            "아파트명":"서초포레스타2단지",
            "투자타입":"일반",
            "전용면적(m2)":"87.56",
            "전용면적(평)":"26평",
            "법정동주소":"서울시 서초구 내곡동 384",
            "도로명주소":"서울시 서초구 헌릉로8길 45",
            "세대수":90,
            "입주년차":80,
            "용적률점수":"--",
            "건폐율점수":"--",
            "세대당주차수":30,
            "난방방식":30,
            "공급면적":"--",
            "전용률":"--",
            "욕실수":100,
            "현관타입":100,
            "주거총점":75.0,
            "지역구공급총점":0.0,
            "역세권":0,
            "30분내 이동가능 거점":100,
            "1시간내 이동가능 거점":100,
            "교통총점":50.0,
            "백화점":0,
            "아울렛몰":0,
            "대형마트":0,
            "은행":0,
            "병원":30,
            "종합병원":100,
            "공원":100,
            "혐오시설":0,
            "인프라총점":26.0,
            "초등학군":85.4,
            "중학군":47.0,
            "학군총점":54.68,
            "인구수":47.98,
            "인구증감":-16.07,
            "인구총점":28.765,
            "일자리":61.8,
            "소득수준":74.81,
            "일자리총점":65.703,
            "가치 총점":48.502,
            "매매실거래년":20211013.0,
            "매매실거래가":178000.0,
            "전세실거래년":20211228.0,
            "전세실거래가":83000.0,
            "전세가율":66.4,
            "장기전세가율평균":55.86,
            "전세가율거품지수":-10.54,
            "검색코드":108832,
            "세대수":1077,
            "준공년월":"2015-06-18",
            "준공년차":8,
            "가까운역이름":"청계산입구",
            "가까운역거리":1038.92,
            "역세권여부":"비역세권",
            "30분이내주요거점역":7,
            "1시간이내주요거점역":13,
            "3km이내백화점수":0,
            "5km이내아울렛몰수":0,
            "1km이내대형먀트수":0,
            "500m이내은행수":0,
            "500m이내병원수":8,
            "5km이내대형병원수":2,
            "500m이내공원수":3,
            "3km이내혐오시설수":0,
            "초등학교학업성취도":85.4,
            "중학교학업성취도":78.0,
            "용적률":225,
            "건폐율":22,
            "Y":37.455554,
            "X":127.060962,
            "rank":150.0,
            "area_info":"26평(87.56), 26평(87.56), 26평(88.27), 37평(123.95), 37평(123.95), 37평(124.35), 37평(124.35), 37평(124.05), 37평(124.05)",
            "last_sales":"2021-10-13,178000.0,37평(124.05)"
        },
        {
            "index":1140,
            "아파트명":"서초네이처힐3단지",
            "투자타입":"일반",
            "전용면적(m2)":"112.06",
            "전용면적(평)":"33평",
            "법정동주소":"서울시 서초구 우면동 717",
            "도로명주소":"서울시 서초구 태봉로2길 60",
            "세대수":90,
            "입주년차":60,
            "용적률점수":"--",
            "건폐율점수":"--",
            "세대당주차수":30,
            "난방방식":30,
            "공급면적":"--",
            "전용률":"--",
            "욕실수":100,
            "현관타입":100,
            "주거총점":71.0,
            "지역구공급총점":0.0,
            "역세권":0,
            "30분내 이동가능 거점":20,
            "1시간내 이동가능 거점":100,
            "교통총점":26.0,
            "백화점":0,
            "아울렛몰":0,
            "대형마트":80,
            "은행":0,
            "병원":60,
            "종합병원":100,
            "공원":0,
            "혐오시설":0,
            "인프라총점":38.0,
            "초등학군":87.06,
            "중학군":49.1,
            "학군총점":56.692,
            "인구수":47.98,
            "인구증감":-16.07,
            "인구총점":28.765,
            "일자리":61.8,
            "소득수준":74.81,
            "일자리총점":65.703,
            "가치 총점":43.2038,
            "매매실거래년":20210924.0,
            "매매실거래가":199000.0,
            "전세실거래년":20211113.0,
            "전세실거래가":72450.0,
            "전세가율":43.12,
            "장기전세가율평균":55.86,
            "전세가율거품지수":12.74,
            "검색코드":105171,
            "세대수":1251,
            "준공년월":"2013-01-18",
            "준공년차":10,
            "가까운역이름":"양재시민의숲",
            "가까운역거리":1099.61,
            "역세권여부":"비역세권",
            "30분이내주요거점역":1,
            "1시간이내주요거점역":10,
            "3km이내백화점수":0,
            "5km이내아울렛몰수":0,
            "1km이내대형먀트수":1,
            "500m이내은행수":0,
            "500m이내병원수":12,
            "5km이내대형병원수":3,
            "500m이내공원수":0,
            "3km이내혐오시설수":0,
            "초등학교학업성취도":87.06,
            "중학교학업성취도":80.5,
            "용적률":197,
            "건폐율":22,
            "Y":37.464722,
            "X":127.027902,
            "rank":151.0,
            "area_info":"33평(112.06), 34평(112.57), 34평(113.55), 45평(151.95)",
            "last_sales":"2021-09-24,199000.0,45평(151.95)"
        },
        {
            "index":1172,
            "아파트명":"서초힐스",
            "투자타입":"일반",
            "전용면적(m2)":"81.96",
            "전용면적(평)":"24평",
            "법정동주소":"서울시 서초구 우면동 773",
            "도로명주소":"서울시 서초구 양재대로2길 90",
            "세대수":90,
            "입주년차":60,
            "용적률점수":"--",
            "건폐율점수":"--",
            "세대당주차수":30,
            "난방방식":30,
            "공급면적":"--",
            "전용률":"--",
            "욕실수":100,
            "현관타입":100,
            "주거총점":71.0,
            "지역구공급총점":0.0,
            "역세권":0,
            "30분내 이동가능 거점":40,
            "1시간내 이동가능 거점":100,
            "교통총점":32.0,
            "백화점":0,
            "아울렛몰":0,
            "대형마트":0,
            "은행":0,
            "병원":10,
            "종합병원":100,
            "공원":80,
            "혐오시설":0,
            "인프라총점":23.4,
            "초등학군":82.9,
            "중학군":49.1,
            "학군총점":55.86,
            "인구수":47.98,
            "인구증감":-16.07,
            "인구총점":28.765,
            "일자리":61.8,
            "소득수준":74.81,
            "일자리총점":65.703,
            "가치 총점":40.799,
            "매매실거래년":20210412.0,
            "매매실거래가":153000.0,
            "전세실거래년":20211016.0,
            "전세실거래가":54600.0,
            "전세가율":43.51,
            "장기전세가율평균":55.86,
            "전세가율거품지수":12.35,
            "검색코드":103577,
            "세대수":1082,
            "준공년월":"2012-12-03",
            "준공년차":11,
            "가까운역이름":"선바위",
            "가까운역거리":1539.82,
            "역세권여부":"비역세권",
            "30분이내주요거점역":2,
            "1시간이내주요거점역":14,
            "3km이내백화점수":0,
            "5km이내아울렛몰수":0,
            "1km이내대형먀트수":0,
            "500m이내은행수":0,
            "500m이내병원수":4,
            "5km이내대형병원수":2,
            "500m이내공원수":1,
            "3km이내혐오시설수":0,
            "초등학교학업성취도":82.9,
            "중학교학업성취도":80.5,
            "용적률":208,
            "건폐율":17,
            "Y":37.45746,
            "X":127.018151,
            "rank":152.0,
            "area_info":"24평(81.96), 24평(81.98), 24평(82.07), 24평(82.07), 31평(102.59), 31평(102.57), 31평(102.58), 31평(102.58), 35평(116.27), 35평(116.25), 35평(116.28), 35평(116.29), 35평(116.27), 35평(116.23)",
            "last_sales":"2021-04-12,153000.0,35평(116.29)"
        },
        {
            "index":1123,
            "아파트명":"양재우성KBS(113동)",
            "투자타입":"일반",
            "전용면적(m2)":"102.54",
            "전용면적(평)":"31평",
            "법정동주소":"서울시 서초구 양재동 160-2",
            "도로명주소":"서울시 서초구 바우뫼로 91",
            "세대수":0,
            "입주년차":0,
            "용적률점수":"--",
            "건폐율점수":"--",
            "세대당주차수":0,
            "난방방식":30,
            "공급면적":"--",
            "전용률":"--",
            "욕실수":100,
            "현관타입":100,
            "주거총점":23.0,
            "지역구공급총점":0.0,
            "역세권":50,
            "30분내 이동가능 거점":40,
            "1시간내 이동가능 거점":100,
            "교통총점":57.0,
            "백화점":0,
            "아울렛몰":0,
            "대형마트":0,
            "은행":0,
            "병원":0,
            "종합병원":100,
            "공원":100,
            "혐오시설":0,
            "인프라총점":23.0,
            "초등학군":86.95,
            "중학군":53.14,
            "학군총점":59.902,
            "인구수":47.98,
            "인구증감":-16.07,
            "인구총점":28.765,
            "일자리":61.8,
            "소득수준":74.81,
            "일자리총점":65.703,
            "가치 총점":40.4353,
            "매매실거래년":20211013.0,
            "매매실거래가":171000.0,
            "전세실거래년":20211211.0,
            "전세실거래가":68000.0,
            "전세가율":39.77,
            "장기전세가율평균":55.86,
            "전세가율거품지수":16.09,
            "검색코드":505,
            "세대수":150,
            "준공년월":"1996-12-31",
            "준공년차":27,
            "가까운역이름":"양재",
            "가까운역거리":864.81,
            "역세권여부":"비역세권",
            "30분이내주요거점역":2,
            "1시간이내주요거점역":10,
            "3km이내백화점수":0,
            "5km이내아울렛몰수":0,
            "1km이내대형먀트수":0,
            "500m이내은행수":0,
            "500m이내병원수":1,
            "5km이내대형병원수":3,
            "500m이내공원수":2,
            "3km이내혐오시설수":0,
            "초등학교학업성취도":86.95,
            "중학교학업성취도":88.1,
            "용적률":186,
            "건폐율":19,
            "Y":37.477814,
            "X":127.028942,
            "rank":153.0,
            "area_info":"31평(102.54)",
            "last_sales":"2021-10-13,171000.0,31평(102.54)"
        },
        {
            "index":1144,
            "아파트명":"서초네이처힐4단지",
            "투자타입":"일반",
            "전용면적(m2)":"115.84",
            "전용면적(평)":"35평",
            "법정동주소":"서울시 서초구 우면동 720",
            "도로명주소":"서울시 서초구 태봉로2길 65",
            "세대수":50,
            "입주년차":60,
            "용적률점수":"--",
            "건폐율점수":"--",
            "세대당주차수":30,
            "난방방식":30,
            "공급면적":"--",
            "전용률":"--",
            "욕실수":100,
            "현관타입":100,
            "주거총점":57.0,
            "지역구공급총점":0.0,
            "역세권":0,
            "30분내 이동가능 거점":20,
            "1시간내 이동가능 거점":100,
            "교통총점":26.0,
            "백화점":0,
            "아울렛몰":0,
            "대형마트":80,
            "은행":0,
            "병원":60,
            "종합병원":100,
            "공원":0,
            "혐오시설":0,
            "인프라총점":38.0,
            "초등학군":87.06,
            "중학군":49.1,
            "학군총점":56.692,
            "인구수":47.98,
            "인구증감":-16.07,
            "인구총점":28.765,
            "일자리":61.8,
            "소득수준":74.81,
            "일자리총점":65.703,
            "가치 총점":40.4038,
            "매매실거래년":20211122.0,
            "매매실거래가":180000.0,
            "전세실거래년":20211206.0,
            "전세실거래가":95000.0,
            "전세가율":54.44,
            "장기전세가율평균":55.86,
            "전세가율거품지수":1.42,
            "검색코드":103238,
            "세대수":409,
            "준공년월":"2011-12-12",
            "준공년차":12,
            "가까운역이름":"양재시민의숲",
            "가까운역거리":1278.21,
            "역세권여부":"비역세권",
            "30분이내주요거점역":1,
            "1시간이내주요거점역":10,
            "3km이내백화점수":0,
            "5km이내아울렛몰수":0,
            "1km이내대형먀트수":1,
            "500m이내은행수":0,
            "500m이내병원수":11,
            "5km이내대형병원수":3,
            "500m이내공원수":0,
            "3km이내혐오시설수":0,
            "초등학교학업성취도":87.06,
            "중학교학업성취도":80.5,
            "용적률":192,
            "건폐율":21,
            "Y":37.463718,
            "X":127.02631,
            "rank":154.0,
            "area_info":"35평(115.84), 35평(116.35), 35평(117.32), 49평(163.44)",
            "last_sales":"2021-11-22,180000.0,35평(117.32)"
        },
        {
            "index":1187,
            "아파트명":"코오롱",
            "투자타입":"일반",
            "전용면적(m2)":"73.06",
            "전용면적(평)":"22평",
            "법정동주소":"서울시 서초구 우면동 70",
            "도로명주소":"서울시 서초구 바우뫼로 53",
            "세대수":30,
            "입주년차":0,
            "용적률점수":"--",
            "건폐율점수":"--",
            "세대당주차수":30,
            "난방방식":30,
            "공급면적":"--",
            "전용률":"--",
            "욕실수":50,
            "현관타입":10,
            "주거총점":24.0,
            "지역구공급총점":0.0,
            "역세권":50,
            "30분내 이동가능 거점":40,
            "1시간내 이동가능 거점":90,
            "교통총점":55.0,
            "백화점":0,
            "아울렛몰":0,
            "대형마트":0,
            "은행":0,
            "병원":30,
            "종합병원":100,
            "공원":100,
            "혐오시설":0,
            "인프라총점":26.0,
            "초등학군":78.33,
            "중학군":49.1,
            "학군총점":54.946,
            "인구수":47.98,
            "인구증감":-16.07,
            "인구총점":28.765,
            "일자리":61.8,
            "소득수준":74.81,
            "일자리총점":65.703,
            "가치 총점":40.0919,
            "매매실거래년":20211106.0,
            "매매실거래가":133000.0,
            "전세실거래년":20211222.0,
            "전세실거래가":42000.0,
            "전세가율":31.58,
            "장기전세가율평균":55.86,
            "전세가율거품지수":24.28,
            "검색코드":509,
            "세대수":300,
            "준공년월":"1994-10-10",
            "준공년차":29,
            "가까운역이름":"양재시민의숲",
            "가까운역거리":991.64,
            "역세권여부":"비역세권",
            "30분이내주요거점역":2,
            "1시간이내주요거점역":9,
            "3km이내백화점수":0,
            "5km이내아울렛몰수":0,
            "1km이내대형먀트수":0,
            "500m이내은행수":0,
            "500m이내병원수":9,
            "5km이내대형병원수":3,
            "500m이내공원수":4,
            "3km이내혐오시설수":0,
            "초등학교학업성취도":78.33,
            "중학교학업성취도":80.5,
            "용적률":122,
            "건폐율":21,
            "Y":37.472577,
            "X":127.027654,
            "rank":155.0,
            "area_info":"22평(73.06)",
            "last_sales":"2021-11-06,133000.0,22평(73.06)"
        },
        {
            "index":1154,
            "아파트명":"서초호반써밋",
            "투자타입":"일반",
            "전용면적(m2)":"128.07",
            "전용면적(평)":"38평",
            "법정동주소":"서울시 서초구 우면동 753",
            "도로명주소":"서울시 서초구 양재대로2길 109",
            "세대수":50,
            "입주년차":60,
            "용적률점수":"--",
            "건폐율점수":"--",
            "세대당주차수":80,
            "난방방식":30,
            "공급면적":"--",
            "전용률":"--",
            "욕실수":100,
            "현관타입":100,
            "주거총점":64.5,
            "지역구공급총점":0.0,
            "역세권":0,
            "30분내 이동가능 거점":40,
            "1시간내 이동가능 거점":100,
            "교통총점":32.0,
            "백화점":0,
            "아울렛몰":0,
            "대형마트":0,
            "은행":0,
            "병원":10,
            "종합병원":100,
            "공원":80,
            "혐오시설":0,
            "인프라총점":23.4,
            "초등학군":82.9,
            "중학군":49.1,
            "학군총점":55.86,
            "인구수":47.98,
            "인구증감":-16.07,
            "인구총점":28.765,
            "일자리":61.8,
            "소득수준":74.81,
            "일자리총점":65.703,
            "가치 총점":39.499,
            "매매실거래년":20210923.0,
            "매매실거래가":240000.0,
            "전세실거래년":20211214.0,
            "전세실거래가":78750.0,
            "전세가율":48.31,
            "장기전세가율평균":55.86,
            "전세가율거품지수":7.55,
            "검색코드":103648,
            "세대수":550,
            "준공년월":"2013-10-31",
            "준공년차":10,
            "가까운역이름":"선바위",
            "가까운역거리":1093.97,
            "역세권여부":"비역세권",
            "30분이내주요거점역":2,
            "1시간이내주요거점역":12,
            "3km이내백화점수":0,
            "5km이내아울렛몰수":0,
            "1km이내대형먀트수":0,
            "500m이내은행수":0,
            "500m이내병원수":4,
            "5km이내대형병원수":2,
            "500m이내공원수":1,
            "3km이내혐오시설수":0,
            "초등학교학업성취도":82.9,
            "중학교학업성취도":80.5,
            "용적률":195,
            "건폐율":12,
            "Y":37.456552,
            "X":127.013065,
            "rank":156.0,
            "area_info":"38평(128.07), 39평(129.95), 39평(129.66), 39평(129.95), 39평(132.0), 45평(148.94), 45평(148.94), 45평(149.78), 45평(149.45), 45평(149.78), 45평(149.45), 51평(169.35), 51평(169.35), 59평(195.3), 60평(198.39), 61평(203.07), 62평(205.95), 64평(213.47)",
            "last_sales":"2021-09-23,240000.0,51평(169.35)"
        },
        {
            "index":1110,
            "아파트명":"힐스테이트서초젠트리스",
            "투자타입":"일반",
            "전용면적(m2)":"114.32",
            "전용면적(평)":"34평",
            "법정동주소":"서울시 서초구 신원동 557",
            "도로명주소":"서울시 서초구 헌릉로8길 10-12",
            "세대수":0,
            "입주년차":80,
            "용적률점수":"--",
            "건폐율점수":"--",
            "세대당주차수":60,
            "난방방식":30,
            "공급면적":"--",
            "전용률":"--",
            "욕실수":100,
            "현관타입":100,
            "주거총점":48.0,
            "지역구공급총점":0.0,
            "역세권":0,
            "30분내 이동가능 거점":60,
            "1시간내 이동가능 거점":100,
            "교통총점":38.0,
            "백화점":0,
            "아울렛몰":0,
            "대형마트":0,
            "은행":0,
            "병원":30,
            "종합병원":100,
            "공원":80,
            "혐오시설":0,
            "인프라총점":25.4,
            "초등학군":85.4,
            "중학군":47.0,
            "학군총점":54.68,
            "인구수":47.98,
            "인구증감":-16.07,
            "인구총점":28.765,
            "일자리":61.8,
            "소득수준":74.81,
            "일자리총점":65.703,
            "가치 총점":38.722,
            "매매실거래년":20210726.0,
            "매매실거래가":182000.0,
            "전세실거래년":20211112.0,
            "전세실거래가":74550.0,
            "전세가율":45.18,
            "장기전세가율평균":55.86,
            "전세가율거품지수":10.68,
            "검색코드":107070,
            "세대수":256,
            "준공년월":"2014-12-19",
            "준공년차":9,
            "가까운역이름":"청계산입구",
            "가까운역거리":1024.21,
            "역세권여부":"비역세권",
            "30분이내주요거점역":3,
            "1시간이내주요거점역":11,
            "3km이내백화점수":0,
            "5km이내아울렛몰수":0,
            "1km이내대형먀트수":0,
            "500m이내은행수":0,
            "500m이내병원수":8,
            "5km이내대형병원수":2,
            "500m이내공원수":1,
            "3km이내혐오시설수":0,
            "초등학교학업성취도":85.4,
            "중학교학업성취도":78.0,
            "용적률":129,
            "건폐율":21,
            "Y":37.456285,
            "X":127.057657,
            "rank":157.0,
            "area_info":"34평(114.32), 34평(114.49), 41평(135.93), 46평(153.03)",
            "last_sales":"2021-07-26,182000.0,34평(114.49)"
        },
        {
            "index":1148,
            "아파트명":"서초네이처힐6단지",
            "투자타입":"일반",
            "전용면적(m2)":"81.93",
            "전용면적(평)":"24평",
            "법정동주소":"서울시 서초구 우면동 737",
            "도로명주소":"서울시 서초구 태봉로2길 30",
            "세대수":30,
            "입주년차":60,
            "용적률점수":"--",
            "건폐율점수":"--",
            "세대당주차수":30,
            "난방방식":30,
            "공급면적":"--",
            "전용률":"--",
            "욕실수":100,
            "현관타입":100,
            "주거총점":50.0,
            "지역구공급총점":0.0,
            "역세권":0,
            "30분내 이동가능 거점":20,
            "1시간내 이동가능 거점":100,
            "교통총점":26.0,
            "백화점":0,
            "아울렛몰":0,
            "대형마트":80,
            "은행":0,
            "병원":30,
            "종합병원":100,
            "공원":0,
            "혐오시설":0,
            "인프라총점":35.0,
            "초등학군":87.06,
            "중학군":49.1,
            "학군총점":56.692,
            "인구수":47.98,
            "인구증감":-16.07,
            "인구총점":28.765,
            "일자리":61.8,
            "소득수준":74.81,
            "일자리총점":65.703,
            "가치 총점":38.1038,
            "매매실거래년":20210618.0,
            "매매실거래가":181000.0,
            "전세실거래년":20211113.0,
            "전세실거래가":80000.0,
            "전세가율":59.7,
            "장기전세가율평균":55.86,
            "전세가율거품지수":-3.84,
            "검색코드":105172,
            "세대수":382,
            "준공년월":"2013-02-15",
            "준공년차":10,
            "가까운역이름":"양재시민의숲",
            "가까운역거리":1402.49,
            "역세권여부":"비역세권",
            "30분이내주요거점역":1,
            "1시간이내주요거점역":12,
            "3km이내백화점수":0,
            "5km이내아울렛몰수":0,
            "1km이내대형먀트수":1,
            "500m이내은행수":0,
            "500m이내병원수":9,
            "5km이내대형병원수":2,
            "500m이내공원수":0,
            "3km이내혐오시설수":0,
            "초등학교학업성취도":87.06,
            "중학교학업성취도":80.5,
            "용적률":163,
            "건폐율":21,
            "Y":37.461495,
            "X":127.026712,
            "rank":158.0,
            "area_info":"24평(81.93), 34평(114.89), 46평(154.45), 47평(155.53)",
            "last_sales":"2021-06-18,181000.0,47평(155.53)"
        },
        {
            "index":1130,
            "아파트명":"대림",
            "투자타입":"일반",
            "전용면적(m2)":"155.59",
            "전용면적(평)":"47평",
            "법정동주소":"서울시 서초구 우면동 57",
            "도로명주소":"서울시 서초구 바우뫼로7길 51",
            "세대수":50,
            "입주년차":0,
            "용적률점수":"--",
            "건폐율점수":"--",
            "세대당주차수":60,
            "난방방식":80,
            "공급면적":"--",
            "전용률":"--",
            "욕실수":100,
            "현관타입":100,
            "주거총점":54.5,
            "지역구공급총점":0.0,
            "역세권":0,
            "30분내 이동가능 거점":40,
            "1시간내 이동가능 거점":80,
            "교통총점":28.0,
            "백화점":0,
            "아울렛몰":0,
            "대형마트":0,
            "은행":0,
            "병원":30,
            "종합병원":100,
            "공원":100,
            "혐오시설":0,
            "인프라총점":26.0,
            "초등학군":78.33,
            "중학군":49.1,
            "학군총점":54.946,
            "인구수":47.98,
            "인구증감":-16.07,
            "인구총점":28.765,
            "일자리":61.8,
            "소득수준":74.81,
            "일자리총점":65.703,
            "가치 총점":36.7419,
            "매매실거래년":20210902.0,
            "매매실거래가":200000.0,
            "전세실거래년":20211216.0,
            "전세실거래가":100000.0,
            "전세가율":50.0,
            "장기전세가율평균":55.86,
            "전세가율거품지수":5.86,
            "검색코드":507,
            "세대수":412,
            "준공년월":"1995-03-30",
            "준공년차":28,
            "가까운역이름":"양재시민의숲",
            "가까운역거리":1363.35,
            "역세권여부":"비역세권",
            "30분이내주요거점역":2,
            "1시간이내주요거점역":8,
            "3km이내백화점수":0,
            "5km이내아울렛몰수":0,
            "1km이내대형먀트수":0,
            "500m이내은행수":0,
            "500m이내병원수":7,
            "5km이내대형병원수":3,
            "500m이내공원수":3,
            "3km이내혐오시설수":0,
            "초등학교학업성취도":78.33,
            "중학교학업성취도":80.5,
            "용적률":225,
            "건폐율":19,
            "Y":37.473128,
            "X":127.023475,
            "rank":159.0,
            "area_info":"47평(155.59)",
            "last_sales":"2021-09-02,200000.0,47평(155.59)"
        },
        {
            "index":1124,
            "아파트명":"LH서초5단지",
            "투자타입":"일반",
            "전용면적(m2)":"81.97",
            "전용면적(평)":"24평",
            "법정동주소":"서울시 서초구 우면동 789",
            "도로명주소":"서울시 서초구 양재대로2길 11",
            "세대수":30,
            "입주년차":60,
            "용적률점수":"--",
            "건폐율점수":"--",
            "세대당주차수":30,
            "난방방식":30,
            "공급면적":"--",
            "전용률":"--",
            "욕실수":100,
            "현관타입":100,
            "주거총점":50.0,
            "지역구공급총점":0.0,
            "역세권":0,
            "30분내 이동가능 거점":40,
            "1시간내 이동가능 거점":100,
            "교통총점":32.0,
            "백화점":0,
            "아울렛몰":0,
            "대형마트":0,
            "은행":0,
            "병원":0,
            "종합병원":100,
            "공원":0,
            "혐오시설":0,
            "인프라총점":20.0,
            "초등학군":82.9,
            "중학군":49.1,
            "학군총점":55.86,
            "인구수":47.98,
            "인구증감":-16.07,
            "인구총점":28.765,
            "일자리":61.8,
            "소득수준":74.81,
            "일자리총점":65.703,
            "가치 총점":35.579,
            "매매실거래년":"18000101",
            "매매실거래가":null,
            "전세실거래년":20211221.0,
            "전세실거래가":65000.0,
            "전세가율":null,
            "장기전세가율평균":55.86,
            "전세가율거품지수":null,
            "검색코드":104034,
            "세대수":358,
            "준공년월":"2013-12-04",
            "준공년차":10,
            "가까운역이름":"양재시민의숲",
            "가까운역거리":1670.0,
            "역세권여부":"비역세권",
            "30분이내주요거점역":2,
            "1시간이내주요거점역":10,
            "3km이내백화점수":0,
            "5km이내아울렛몰수":0,
            "1km이내대형먀트수":0,
            "500m이내은행수":0,
            "500m이내병원수":0,
            "5km이내대형병원수":2,
            "500m이내공원수":0,
            "3km이내혐오시설수":0,
            "초등학교학업성취도":82.9,
            "중학교학업성취도":80.5,
            "용적률":250,
            "건폐율":23,
            "Y":37.45932,
            "X":127.025146,
            "rank":160.0,
            "area_info":"24평(81.97), 24평(82.05), 24평(82.05), 35평(116.19), 35평(116.25), 35평(116.25)",
            "last_sales":"1800-01-01,nan,24평(81.97)"
        },
        {
            "index":1133,
            "아파트명":"서초네이처힐1단지",
            "투자타입":"일반",
            "전용면적(m2)":"110.84",
            "전용면적(평)":"33평",
            "법정동주소":"서울시 서초구 우면동 707",
            "도로명주소":"서울시 서초구 형촌길 35",
            "세대수":0,
            "입주년차":60,
            "용적률점수":"--",
            "건폐율점수":"--",
            "세대당주차수":30,
            "난방방식":30,
            "공급면적":"--",
            "전용률":"--",
            "욕실수":100,
            "현관타입":100,
            "주거총점":39.5,
            "지역구공급총점":0.0,
            "역세권":0,
            "30분내 이동가능 거점":20,
            "1시간내 이동가능 거점":100,
            "교통총점":26.0,
            "백화점":0,
            "아울렛몰":0,
            "대형마트":0,
            "은행":0,
            "병원":30,
            "종합병원":100,
            "공원":100,
            "혐오시설":0,
            "인프라총점":26.0,
            "초등학군":87.06,
            "중학군":49.1,
            "학군총점":56.692,
            "인구수":47.98,
            "인구증감":-16.07,
            "인구총점":28.765,
            "일자리":61.8,
            "소득수준":74.81,
            "일자리총점":65.703,
            "가치 총점":33.3038,
            "매매실거래년":20210218.0,
            "매매실거래가":159000.0,
            "전세실거래년":20211013.0,
            "전세실거래가":51000.0,
            "전세가율":35.79,
            "장기전세가율평균":55.86,
            "전세가율거품지수":20.07,
            "검색코드":106011,
            "세대수":178,
            "준공년월":"2012-11-28",
            "준공년차":11,
            "가까운역이름":"양재시민의숲",
            "가까운역거리":1784.46,
            "역세권여부":"비역세권",
            "30분이내주요거점역":1,
            "1시간이내주요거점역":10,
            "3km이내백화점수":0,
            "5km이내아울렛몰수":0,
            "1km이내대형먀트수":0,
            "500m이내은행수":1,
            "500m이내병원수":7,
            "5km이내대형병원수":3,
            "500m이내공원수":9,
            "3km이내혐오시설수":0,
            "초등학교학업성취도":87.06,
            "중학교학업성취도":80.5,
            "용적률":100,
            "건폐율":22,
            "Y":37.463664,
            "X":127.019856,
            "rank":161.0,
            "area_info":"33평(110.84), 33평(110.25), 33평(112.1), 44평(148.68)",
            "last_sales":"2021-02-18,159000.0,33평(110.25)"
        },
        {
            "index":1152,
            "아파트명":"서초네이처힐7단지",
            "투자타입":"일반",
            "전용면적(m2)":"85.73",
            "전용면적(평)":"25평",
            "법정동주소":"서울시 서초구 우면동 735",
            "도로명주소":"서울시 서초구 태봉로2길 10",
            "세대수":0,
            "입주년차":60,
            "용적률점수":"--",
            "건폐율점수":"--",
            "세대당주차수":30,
            "난방방식":30,
            "공급면적":"--",
            "전용률":"--",
            "욕실수":100,
            "현관타입":100,
            "주거총점":39.5,
            "지역구공급총점":0.0,
            "역세권":0,
            "30분내 이동가능 거점":20,
            "1시간내 이동가능 거점":100,
            "교통총점":26.0,
            "백화점":0,
            "아울렛몰":0,
            "대형마트":0,
            "은행":0,
            "병원":60,
            "종합병원":100,
            "공원":0,
            "혐오시설":0,
            "인프라총점":26.0,
            "초등학군":87.06,
            "중학군":49.1,
            "학군총점":56.692,
            "인구수":47.98,
            "인구증감":-16.07,
            "인구총점":28.765,
            "일자리":61.8,
            "소득수준":74.81,
            "일자리총점":65.703,
            "가치 총점":33.3038,
            "매매실거래년":20210911.0,
            "매매실거래가":146000.0,
            "전세실거래년":20211123.0,
            "전세실거래가":78000.0,
            "전세가율":53.42,
            "장기전세가율평균":55.86,
            "전세가율거품지수":2.44,
            "검색코드":103239,
            "세대수":275,
            "준공년월":"2011-12-12",
            "준공년차":12,
            "가까운역이름":"양재시민의숲",
            "가까운역거리":1612.21,
            "역세권여부":"비역세권",
            "30분이내주요거점역":1,
            "1시간이내주요거점역":10,
            "3km이내백화점수":0,
            "5km이내아울렛몰수":0,
            "1km이내대형먀트수":0,
            "500m이내은행수":0,
            "500m이내병원수":11,
            "5km이내대형병원수":2,
            "500m이내공원수":0,
            "3km이내혐오시설수":0,
            "초등학교학업성취도":87.06,
            "중학교학업성취도":80.5,
            "용적률":171,
            "건폐율":19,
            "Y":37.461908,
            "X":127.023282,
            "rank":161.0,
            "area_info":"25평(85.73), 36평(120.25)",
            "last_sales":"2021-09-11,146000.0,25평(85.73)"
        },
        {
            "index":1131,
            "아파트명":"동고",
            "투자타입":"일반",
            "전용면적(m2)":"96.98",
            "전용면적(평)":"29평",
            "법정동주소":"서울시 서초구 우면동 59",
            "도로명주소":"서울시 서초구 바우뫼로7길 29",
            "세대수":30,
            "입주년차":0,
            "용적률점수":"--",
            "건폐율점수":"--",
            "세대당주차수":0,
            "난방방식":30,
            "공급면적":"--",
            "전용률":"--",
            "욕실수":50,
            "현관타입":100,
            "주거총점":28.5,
            "지역구공급총점":0.0,
            "역세권":0,
            "30분내 이동가능 거점":40,
            "1시간내 이동가능 거점":90,
            "교통총점":30.0,
            "백화점":0,
            "아울렛몰":0,
            "대형마트":0,
            "은행":0,
            "병원":30,
            "종합병원":100,
            "공원":100,
            "혐오시설":0,
            "인프라총점":26.0,
            "초등학군":78.33,
            "중학군":49.1,
            "학군총점":54.946,
            "인구수":47.98,
            "인구증감":-16.07,
            "인구총점":28.765,
            "일자리":61.8,
            "소득수준":74.81,
            "일자리총점":65.703,
            "가치 총점":32.2419,
            "매매실거래년":20210910.0,
            "매매실거래가":143000.0,
            "전세실거래년":20211223.0,
            "전세실거래가":52500.0,
            "전세가율":38.89,
            "장기전세가율평균":55.86,
            "전세가율거품지수":16.97,
            "검색코드":508,
            "세대수":330,
            "준공년월":"1995-03-25",
            "준공년차":28,
            "가까운역이름":"양재시민의숲",
            "가까운역거리":1303.07,
            "역세권여부":"비역세권",
            "30분이내주요거점역":2,
            "1시간이내주요거점역":9,
            "3km이내백화점수":0,
            "5km이내아울렛몰수":0,
            "1km이내대형먀트수":0,
            "500m이내은행수":0,
            "500m이내병원수":8,
            "5km이내대형병원수":3,
            "500m이내공원수":3,
            "3km이내혐오시설수":0,
            "초등학교학업성취도":78.33,
            "중학교학업성취도":80.5,
            "용적률":216,
            "건폐율":17,
            "Y":37.471401,
            "X":127.023757,
            "rank":162.0,
            "area_info":"29평(96.98), 31평(105.47)",
            "last_sales":"2021-09-10,143000.0,31평(105.47)"
        },
        {
            "index":1137,
            "아파트명":"서초네이처힐2단지",
            "투자타입":"일반",
            "전용면적(m2)":"78.72",
            "전용면적(평)":"23평",
            "법정동주소":"서울시 서초구 우면동 712",
            "도로명주소":"서울시 서초구 형촌길 15",
            "세대수":0,
            "입주년차":60,
            "용적률점수":"--",
            "건폐율점수":"--",
            "세대당주차수":30,
            "난방방식":30,
            "공급면적":"--",
            "전용률":"--",
            "욕실수":100,
            "현관타입":100,
            "주거총점":39.5,
            "지역구공급총점":0.0,
            "역세권":0,
            "30분내 이동가능 거점":20,
            "1시간내 이동가능 거점":70,
            "교통총점":20.0,
            "백화점":0,
            "아울렛몰":0,
            "대형마트":0,
            "은행":0,
            "병원":60,
            "종합병원":100,
            "공원":100,
            "혐오시설":0,
            "인프라총점":29.0,
            "초등학군":87.06,
            "중학군":49.1,
            "학군총점":56.692,
            "인구수":47.98,
            "인구증감":-16.07,
            "인구총점":28.765,
            "일자리":61.8,
            "소득수준":74.81,
            "일자리총점":65.703,
            "가치 총점":32.1038,
            "매매실거래년":20200804.0,
            "매매실거래가":120000.0,
            "전세실거래년":20211025.0,
            "전세실거래가":18113.0,
            "전세가율":15.09,
            "장기전세가율평균":55.86,
            "전세가율거품지수":40.77,
            "검색코드":103950,
            "세대수":133,
            "준공년월":"2012-04-26",
            "준공년차":11,
            "가까운역이름":"양재시민의숲",
            "가까운역거리":1681.69,
            "역세권여부":"비역세권",
            "30분이내주요거점역":1,
            "1시간이내주요거점역":7,
            "3km이내백화점수":0,
            "5km이내아울렛몰수":0,
            "1km이내대형먀트수":0,
            "500m이내은행수":0,
            "500m이내병원수":11,
            "5km이내대형병원수":2,
            "500m이내공원수":3,
            "3km이내혐오시설수":0,
            "초등학교학업성취도":87.06,
            "중학교학업성취도":80.5,
            "용적률":101,
            "건폐율":22,
            "Y":37.462787,
            "X":127.021688,
            "rank":163.0,
            "area_info":"23평(78.72), 33평(110.93), 33평(112.2)",
            "last_sales":"2020-08-04,120000.0,23평(78.72)"
        },
        {
            "index":1186,
            "아파트명":"우면한라",
            "투자타입":"일반",
            "전용면적(m2)":"78.93",
            "전용면적(평)":"23평",
            "법정동주소":"서울시 서초구 우면동 67",
            "도로명주소":"서울시 서초구 바우뫼로 33",
            "세대수":0,
            "입주년차":0,
            "용적률점수":"--",
            "건폐율점수":"--",
            "세대당주차수":0,
            "난방방식":30,
            "공급면적":"--",
            "전용률":"--",
            "욕실수":50,
            "현관타입":100,
            "주거총점":18.0,
            "지역구공급총점":0.0,
            "역세권":0,
            "30분내 이동가능 거점":40,
            "1시간내 이동가능 거점":90,
            "교통총점":30.0,
            "백화점":0,
            "아울렛몰":0,
            "대형마트":0,
            "은행":0,
            "병원":30,
            "종합병원":100,
            "공원":100,
            "혐오시설":0,
            "인프라총점":26.0,
            "초등학군":78.33,
            "중학군":49.1,
            "학군총점":54.946,
            "인구수":47.98,
            "인구증감":-16.07,
            "인구총점":28.765,
            "일자리":61.8,
            "소득수준":74.81,
            "일자리총점":65.703,
            "가치 총점":30.1419,
            "매매실거래년":20210730.0,
            "매매실거래가":130000.0,
            "전세실거래년":20211223.0,
            "전세실거래가":42525.0,
            "전세가율":32.71,
            "장기전세가율평균":55.86,
            "전세가율거품지수":23.15,
            "검색코드":510,
            "세대수":252,
            "준공년월":"1994-05-04",
            "준공년차":29,
            "가까운역이름":"양재시민의숲",
            "가까운역거리":1141.0,
            "역세권여부":"비역세권",
            "30분이내주요거점역":2,
            "1시간이내주요거점역":9,
            "3km이내백화점수":0,
            "5km이내아울렛몰수":0,
            "1km이내대형먀트수":0,
            "500m이내은행수":0,
            "500m이내병원수":8,
            "5km이내대형병원수":3,
            "500m이내공원수":4,
            "3km이내혐오시설수":0,
            "초등학교학업성취도":78.33,
            "중학교학업성취도":80.5,
            "용적률":120,
            "건폐율":28,
            "Y":37.471696,
            "X":127.025664,
            "rank":164.0,
            "area_info":"23평(78.93)",
            "last_sales":"2021-07-30,130000.0,23평(78.93)"
        }
    ]
}