{
    "schema":{
        "fields":[
            {
                "name":"index",
                "type":"integer"
            },
            {
                "name":"아파트명",
                "type":"string"
            },
            {
                "name":"투자타입",
                "type":"string"
            },
            {
                "name":"전용면적(m2)",
                "type":"string"
            },
            {
                "name":"전용면적(평)",
                "type":"string"
            },
            {
                "name":"법정동주소",
                "type":"string"
            },
            {
                "name":"도로명주소",
                "type":"string"
            },
            {
                "name":"세대수",
                "type":"integer"
            },
            {
                "name":"입주년차",
                "type":"string"
            },
            {
                "name":"용적률점수",
                "type":"string"
            },
            {
                "name":"건폐율점수",
                "type":"string"
            },
            {
                "name":"세대당주차수",
                "type":"string"
            },
            {
                "name":"난방방식",
                "type":"string"
            },
            {
                "name":"공급면적",
                "type":"string"
            },
            {
                "name":"전용률",
                "type":"string"
            },
            {
                "name":"욕실수",
                "type":"string"
            },
            {
                "name":"현관타입",
                "type":"string"
            },
            {
                "name":"주거총점",
                "type":"number"
            },
            {
                "name":"지역구공급총점",
                "type":"number"
            },
            {
                "name":"역세권",
                "type":"integer"
            },
            {
                "name":"30분내 이동가능 거점",
                "type":"integer"
            },
            {
                "name":"1시간내 이동가능 거점",
                "type":"integer"
            },
            {
                "name":"교통총점",
                "type":"number"
            },
            {
                "name":"백화점",
                "type":"integer"
            },
            {
                "name":"아울렛몰",
                "type":"integer"
            },
            {
                "name":"대형마트",
                "type":"integer"
            },
            {
                "name":"은행",
                "type":"integer"
            },
            {
                "name":"병원",
                "type":"integer"
            },
            {
                "name":"종합병원",
                "type":"integer"
            },
            {
                "name":"공원",
                "type":"integer"
            },
            {
                "name":"혐오시설",
                "type":"integer"
            },
            {
                "name":"인프라총점",
                "type":"number"
            },
            {
                "name":"초등학군",
                "type":"number"
            },
            {
                "name":"중학군",
                "type":"number"
            },
            {
                "name":"학군총점",
                "type":"number"
            },
            {
                "name":"인구수",
                "type":"number"
            },
            {
                "name":"인구증감",
                "type":"number"
            },
            {
                "name":"인구총점",
                "type":"number"
            },
            {
                "name":"일자리",
                "type":"number"
            },
            {
                "name":"소득수준",
                "type":"number"
            },
            {
                "name":"일자리총점",
                "type":"number"
            },
            {
                "name":"가치 총점",
                "type":"number"
            },
            {
                "name":"매매실거래년",
                "type":"string"
            },
            {
                "name":"매매실거래가",
                "type":"number"
            },
            {
                "name":"전세실거래년",
                "type":"number"
            },
            {
                "name":"전세실거래가",
                "type":"number"
            },
            {
                "name":"전세가율",
                "type":"number"
            },
            {
                "name":"장기전세가율평균",
                "type":"number"
            },
            {
                "name":"전세가율거품지수",
                "type":"number"
            },
            {
                "name":"검색코드",
                "type":"integer"
            },
            {
                "name":"세대수",
                "type":"number"
            },
            {
                "name":"준공년월",
                "type":"string"
            },
            {
                "name":"준공년차",
                "type":"number"
            },
            {
                "name":"가까운역이름",
                "type":"string"
            },
            {
                "name":"가까운역거리",
                "type":"number"
            },
            {
                "name":"역세권여부",
                "type":"string"
            },
            {
                "name":"30분이내주요거점역",
                "type":"integer"
            },
            {
                "name":"1시간이내주요거점역",
                "type":"integer"
            },
            {
                "name":"3km이내백화점수",
                "type":"integer"
            },
            {
                "name":"5km이내아울렛몰수",
                "type":"integer"
            },
            {
                "name":"1km이내대형먀트수",
                "type":"integer"
            },
            {
                "name":"500m이내은행수",
                "type":"integer"
            },
            {
                "name":"500m이내병원수",
                "type":"integer"
            },
            {
                "name":"5km이내대형병원수",
                "type":"integer"
            },
            {
                "name":"500m이내공원수",
                "type":"integer"
            },
            {
                "name":"3km이내혐오시설수",
                "type":"integer"
            },
            {
                "name":"초등학교학업성취도",
                "type":"number"
            },
            {
                "name":"중학교학업성취도",
                "type":"number"
            },
            {
                "name":"용적률",
                "type":"integer"
            },
            {
                "name":"건폐율",
                "type":"integer"
            },
            {
                "name":"Y",
                "type":"number"
            },
            {
                "name":"X",
                "type":"number"
            },
            {
                "name":"rank",
                "type":"number"
            },
            {
                "name":"area_info",
                "type":"string"
            },
            {
                "name":"last_sales",
                "type":"string"
            }
        ],
        "primaryKey":[
            "index"
        ],
        "pandas_version":"1.4.0"
    },
    "data":[
        {
            "index":576,
            "아파트명":"힐스테이트강동리버뷰",
            "투자타입":"일반",
            "전용면적(m2)":"79.9",
            "전용면적(평)":"24평",
            "법정동주소":"서울시 강동구 암사동 675",
            "도로명주소":"서울시 강동구 올림픽로91길 30",
            "세대수":50,
            "입주년차":100,
            "용적률점수":"--",
            "건폐율점수":"--",
            "세대당주차수":30,
            "난방방식":30,
            "공급면적":"--",
            "전용률":"--",
            "욕실수":100,
            "현관타입":100,
            "주거총점":65.0,
            "지역구공급총점":0.0,
            "역세권":80,
            "30분내 이동가능 거점":80,
            "1시간내 이동가능 거점":100,
            "교통총점":84.0,
            "백화점":100,
            "아울렛몰":80,
            "대형마트":100,
            "은행":70,
            "병원":80,
            "종합병원":100,
            "공원":100,
            "혐오시설":0,
            "인프라총점":91.0,
            "초등학군":88.8,
            "중학군":41.9,
            "학군총점":51.28,
            "인구수":50.5,
            "인구증감":13.51,
            "인구총점":39.403,
            "일자리":17.2,
            "소득수준":67.44,
            "일자리총점":32.272,
            "가치 총점":77.392,
            "매매실거래년":20200911.0,
            "매매실거래가":125000.0,
            "전세실거래년":20201128.0,
            "전세실거래가":56700.0,
            "전세가율":null,
            "장기전세가율평균":60.27,
            "전세가율거품지수":null,
            "검색코드":116836,
            "세대수":460.0,
            "준공년월":"2019-11-12",
            "준공년차":4.0,
            "가까운역이름":"암사",
            "가까운역거리":238.37,
            "역세권여부":"역세권",
            "30분이내주요거점역":4,
            "1시간이내주요거점역":14,
            "3km이내백화점수":1,
            "5km이내아울렛몰수":1,
            "1km이내대형먀트수":3,
            "500m이내은행수":3,
            "500m이내병원수":52,
            "5km이내대형병원수":6,
            "500m이내공원수":4,
            "3km이내혐오시설수":0,
            "초등학교학업성취도":88.8,
            "중학교학업성취도":69.1,
            "용적률":472,
            "건폐율":50,
            "Y":37.548909,
            "X":127.125413,
            "rank":1.0,
            "area_info":"24평(79.9), 24평(81.68), 34평(112.46), 34평(112.79), 34평(113.96)",
            "last_sales":"2020-09-11,125000.0,34평(113.96)"
        },
        {
            "index":637,
            "아파트명":"래미안강동팰리스",
            "투자타입":"일반",
            "전용면적(m2)":"85.3",
            "전용면적(평)":"25평",
            "법정동주소":"서울시 강동구 천호동 571",
            "도로명주소":"서울시 강동구 천호대로 1077",
            "세대수":90,
            "입주년차":80,
            "용적률점수":"--",
            "건폐율점수":"--",
            "세대당주차수":60,
            "난방방식":30,
            "공급면적":"--",
            "전용률":"--",
            "욕실수":100,
            "현관타입":100,
            "주거총점":79.5,
            "지역구공급총점":0.0,
            "역세권":80,
            "30분내 이동가능 거점":40,
            "1시간내 이동가능 거점":100,
            "교통총점":72.0,
            "백화점":100,
            "아울렛몰":80,
            "대형마트":100,
            "은행":70,
            "병원":100,
            "종합병원":100,
            "공원":100,
            "혐오시설":0,
            "인프라총점":93.0,
            "초등학군":83.29,
            "중학군":40.86,
            "학군총점":49.346,
            "인구수":50.5,
            "인구증감":13.51,
            "인구총점":39.403,
            "일자리":17.2,
            "소득수준":67.44,
            "일자리총점":32.272,
            "가치 총점":76.4019,
            "매매실거래년":20211216.0,
            "매매실거래가":162000.0,
            "전세실거래년":20211111.0,
            "전세실거래가":50000.0,
            "전세가율":33.44,
            "장기전세가율평균":60.27,
            "전세가율거품지수":26.83,
            "검색코드":107537,
            "세대수":999.0,
            "준공년월":"2017-07-31",
            "준공년차":6.0,
            "가까운역이름":"강동",
            "가까운역거리":187.46,
            "역세권여부":"역세권",
            "30분이내주요거점역":2,
            "1시간이내주요거점역":13,
            "3km이내백화점수":1,
            "5km이내아울렛몰수":1,
            "1km이내대형먀트수":2,
            "500m이내은행수":4,
            "500m이내병원수":73,
            "5km이내대형병원수":6,
            "500m이내공원수":3,
            "3km이내혐오시설수":0,
            "초등학교학업성취도":83.29,
            "중학교학업성취도":68.1,
            "용적률":830,
            "건폐율":55,
            "Y":37.537448,
            "X":127.13201,
            "rank":2.0,
            "area_info":"25평(85.3), 36평(121.39), 65평(215.63), 66평(220.25)",
            "last_sales":"2021-12-16,162000.0,36평(121.39)"
        },
        {
            "index":604,
            "아파트명":"대우한강베네시티",
            "투자타입":"일반",
            "전용면적(m2)":"151.88",
            "전용면적(평)":"45평",
            "법정동주소":"서울시 강동구 천호동 425-5",
            "도로명주소":"서울시 강동구 올림픽로 664",
            "세대수":0,
            "입주년차":40,
            "용적률점수":"--",
            "건폐율점수":"--",
            "세대당주차수":100,
            "난방방식":30,
            "공급면적":"--",
            "전용률":"--",
            "욕실수":100,
            "현관타입":100,
            "주거총점":46.0,
            "지역구공급총점":0.0,
            "역세권":80,
            "30분내 이동가능 거점":80,
            "1시간내 이동가능 거점":100,
            "교통총점":84.0,
            "백화점":100,
            "아울렛몰":80,
            "대형마트":100,
            "은행":70,
            "병원":100,
            "종합병원":100,
            "공원":100,
            "혐오시설":0,
            "인프라총점":93.0,
            "초등학군":87.28,
            "중학군":41.9,
            "학군총점":50.976,
            "인구수":50.5,
            "인구증감":13.51,
            "인구총점":39.403,
            "일자리":17.2,
            "소득수준":67.44,
            "일자리총점":32.272,
            "가치 총점":74.1464,
            "매매실거래년":20210907.0,
            "매매실거래가":125000.0,
            "전세실거래년":20220101.0,
            "전세실거래가":51975.0,
            "전세가율":41.58,
            "장기전세가율평균":60.27,
            "전세가율거품지수":18.69,
            "검색코드":14535,
            "세대수":204.0,
            "준공년월":"2007-03-21",
            "준공년차":16.0,
            "가까운역이름":"천호",
            "가까운역거리":294.57,
            "역세권여부":"역세권",
            "30분이내주요거점역":4,
            "1시간이내주요거점역":14,
            "3km이내백화점수":1,
            "5km이내아울렛몰수":1,
            "1km이내대형먀트수":2,
            "500m이내은행수":4,
            "500m이내병원수":124,
            "5km이내대형병원수":7,
            "500m이내공원수":3,
            "3km이내혐오시설수":0,
            "초등학교학업성취도":87.28,
            "중학교학업성취도":69.1,
            "용적률":696,
            "건폐율":49,
            "Y":37.540844,
            "X":127.124852,
            "rank":3.0,
            "area_info":"45평(151.88), 45평(151.96), 52평(172.42), 53평(175.48), 65평(218.0)",
            "last_sales":"2021-09-07,125000.0,45평(151.88)"
        },
        {
            "index":520,
            "아파트명":"선사현대",
            "투자타입":"일반",
            "전용면적(m2)":"80.29",
            "전용면적(평)":"24평",
            "법정동주소":"서울시 강동구 암사동 509",
            "도로명주소":"서울시 강동구 상암로 11",
            "세대수":100,
            "입주년차":20,
            "용적률점수":"--",
            "건폐율점수":"--",
            "세대당주차수":30,
            "난방방식":30,
            "공급면적":"--",
            "전용률":"--",
            "욕실수":50,
            "현관타입":10,
            "주거총점":52.5,
            "지역구공급총점":0.0,
            "역세권":80,
            "30분내 이동가능 거점":60,
            "1시간내 이동가능 거점":100,
            "교통총점":78.0,
            "백화점":100,
            "아울렛몰":80,
            "대형마트":100,
            "은행":70,
            "병원":80,
            "종합병원":100,
            "공원":100,
            "혐오시설":0,
            "인프라총점":91.0,
            "초등학군":88.8,
            "중학군":48.28,
            "학군총점":56.384,
            "인구수":50.5,
            "인구증감":13.51,
            "인구총점":39.403,
            "일자리":17.2,
            "소득수준":67.44,
            "일자리총점":32.272,
            "가치 총점":73.5576,
            "매매실거래년":20211014.0,
            "매매실거래가":140000.0,
            "전세실거래년":20220108.0,
            "전세실거래가":37000.0,
            "전세가율":34.04,
            "장기전세가율평균":60.27,
            "전세가율거품지수":26.23,
            "검색코드":3118,
            "세대수":2938.0,
            "준공년월":"2000-06-15",
            "준공년차":23.0,
            "가까운역이름":"암사",
            "가까운역거리":290.09,
            "역세권여부":"역세권",
            "30분이내주요거점역":3,
            "1시간이내주요거점역":14,
            "3km이내백화점수":1,
            "5km이내아울렛몰수":1,
            "1km이내대형먀트수":2,
            "500m이내은행수":3,
            "500m이내병원수":52,
            "5km이내대형병원수":7,
            "500m이내공원수":3,
            "3km이내혐오시설수":0,
            "초등학교학업성취도":88.8,
            "중학교학업성취도":79.2,
            "용적률":393,
            "건폐율":22,
            "Y":37.552448,
            "X":127.125871,
            "rank":4.0,
            "area_info":"24평(80.29), 24평(81.61), 30평(99.67), 34평(113.5), 34평(113.82), 34평(114.49), 34평(114.66), 42평(141.3)",
            "last_sales":"2021-10-14,140000.0,34평(114.66)"
        },
        {
            "index":458,
            "아파트명":"성내삼성",
            "투자타입":"일반",
            "전용면적(m2)":"85.31",
            "전용면적(평)":"25평",
            "법정동주소":"서울시 강동구 성내동 590",
            "도로명주소":"서울시 강동구 풍성로 127",
            "세대수":90,
            "입주년차":20,
            "용적률점수":"--",
            "건폐율점수":"--",
            "세대당주차수":30,
            "난방방식":80,
            "공급면적":"--",
            "전용률":"--",
            "욕실수":50,
            "현관타입":10,
            "주거총점":54.0,
            "지역구공급총점":0.0,
            "역세권":80,
            "30분내 이동가능 거점":60,
            "1시간내 이동가능 거점":100,
            "교통총점":78.0,
            "백화점":100,
            "아울렛몰":80,
            "대형마트":100,
            "은행":70,
            "병원":60,
            "종합병원":100,
            "공원":100,
            "혐오시설":0,
            "인프라총점":89.0,
            "초등학군":86.87,
            "중학군":50.32,
            "학군총점":57.63,
            "인구수":50.5,
            "인구증감":13.51,
            "인구총점":39.403,
            "일자리":17.2,
            "소득수준":67.44,
            "일자리총점":32.272,
            "가치 총점":73.4445,
            "매매실거래년":20211030.0,
            "매매실거래가":134000.0,
            "전세실거래년":20211120.0,
            "전세실거래가":40950.0,
            "전세가율":37.74,
            "장기전세가율평균":60.27,
            "전세가율거품지수":22.53,
            "검색코드":993,
            "세대수":1220.0,
            "준공년월":"1999-09-01",
            "준공년차":24.0,
            "가까운역이름":"강동구청",
            "가까운역거리":490.71,
            "역세권여부":"역세권",
            "30분이내주요거점역":3,
            "1시간이내주요거점역":14,
            "3km이내백화점수":2,
            "5km이내아울렛몰수":1,
            "1km이내대형먀트수":2,
            "500m이내은행수":3,
            "500m이내병원수":22,
            "5km이내대형병원수":7,
            "500m이내공원수":3,
            "3km이내혐오시설수":0,
            "초등학교학업성취도":86.87,
            "중학교학업성취도":82.2,
            "용적률":319,
            "건폐율":26,
            "Y":37.53131,
            "X":127.125937,
            "rank":5.0,
            "area_info":"25평(85.31), 33평(110.64), 43평(142.85)",
            "last_sales":"2021-10-30,134000.0,33평(110.64)"
        },
        {
            "index":265,
            "아파트명":"고덕현대",
            "투자타입":"재건축",
            "전용면적(m2)":"105.26",
            "전용면적(평)":"31평",
            "법정동주소":"서울시 강동구 명일동 56",
            "도로명주소":"서울시 강동구 동남로71길 41",
            "세대수":50,
            "입주년차":"--",
            "용적률점수":80,
            "건폐율점수":100,
            "세대당주차수":"--",
            "난방방식":"--",
            "공급면적":90,
            "전용률":80,
            "욕실수":"--",
            "현관타입":"--",
            "주거총점":75.5,
            "지역구공급총점":0.0,
            "역세권":80,
            "30분내 이동가능 거점":20,
            "1시간내 이동가능 거점":90,
            "교통총점":64.0,
            "백화점":100,
            "아울렛몰":0,
            "대형마트":100,
            "은행":100,
            "병원":80,
            "종합병원":100,
            "공원":100,
            "혐오시설":0,
            "인프라총점":86.0,
            "초등학군":93.1,
            "중학군":54.16,
            "학군총점":61.948,
            "인구수":50.5,
            "인구증감":13.51,
            "인구총점":39.403,
            "일자리":17.2,
            "소득수준":67.44,
            "일자리총점":32.272,
            "가치 총점":72.5922,
            "매매실거래년":20210818.0,
            "매매실거래가":175000.0,
            "전세실거래년":20211129.0,
            "전세실거래가":57000.0,
            "전세가율":47.11,
            "장기전세가율평균":60.27,
            "전세가율거품지수":13.16,
            "검색코드":1316,
            "세대수":524.0,
            "준공년월":"1986-02-07",
            "준공년차":37.0,
            "가까운역이름":"고덕",
            "가까운역거리":497.99,
            "역세권여부":"역세권",
            "30분이내주요거점역":1,
            "1시간이내주요거점역":9,
            "3km이내백화점수":1,
            "5km이내아울렛몰수":0,
            "1km이내대형먀트수":3,
            "500m이내은행수":7,
            "500m이내병원수":46,
            "5km이내대형병원수":4,
            "500m이내공원수":2,
            "3km이내혐오시설수":0,
            "초등학교학업성취도":93.1,
            "중학교학업성취도":87.4,
            "용적률":180,
            "건폐율":13,
            "Y":37.550542,
            "X":127.153666,
            "rank":6.0,
            "area_info":"31평(105.26), 46평(154.52)",
            "last_sales":"2021-08-18,175000.0,46평(154.52)"
        },
        {
            "index":601,
            "아파트명":"금호",
            "투자타입":"재건축",
            "전용면적(m2)":"37.42",
            "전용면적(평)":"11평",
            "법정동주소":"서울시 강동구 천호동 44",
            "도로명주소":"서울시 강동구 양재대로 1557",
            "세대수":0,
            "입주년차":"--",
            "용적률점수":60,
            "건폐율점수":80,
            "세대당주차수":"--",
            "난방방식":"--",
            "공급면적":50,
            "전용률":60,
            "욕실수":"--",
            "현관타입":"--",
            "주거총점":45.5,
            "지역구공급총점":0.0,
            "역세권":100,
            "30분내 이동가능 거점":40,
            "1시간내 이동가능 거점":100,
            "교통총점":82.0,
            "백화점":100,
            "아울렛몰":80,
            "대형마트":100,
            "은행":70,
            "병원":80,
            "종합병원":100,
            "공원":100,
            "혐오시설":0,
            "인프라총점":91.0,
            "초등학군":90.14,
            "중학군":39.9,
            "학군총점":49.948,
            "인구수":50.5,
            "인구증감":13.51,
            "인구총점":39.403,
            "일자리":17.2,
            "소득수준":67.44,
            "일자리총점":32.272,
            "가치 총점":72.5922,
            "매매실거래년":20210812.0,
            "매매실거래가":45000.0,
            "전세실거래년":20211231.0,
            "전세실거래가":15750.0,
            "전세가율":35.0,
            "장기전세가율평균":60.27,
            "전세가율거품지수":25.27,
            "검색코드":999,
            "세대수":232.0,
            "준공년월":"1987-06-13",
            "준공년차":36.0,
            "가까운역이름":"굽은다리",
            "가까운역거리":85.58,
            "역세권여부":"초역세권",
            "30분이내주요거점역":2,
            "1시간이내주요거점역":10,
            "3km이내백화점수":1,
            "5km이내아울렛몰수":1,
            "1km이내대형먀트수":3,
            "500m이내은행수":3,
            "500m이내병원수":30,
            "5km이내대형병원수":4,
            "500m이내공원수":4,
            "3km이내혐오시설수":0,
            "초등학교학업성취도":90.14,
            "중학교학업성취도":65.7,
            "용적률":248,
            "건폐율":22,
            "Y":37.544864,
            "X":127.142266,
            "rank":6.0,
            "area_info":"11평(37.42)",
            "last_sales":"2021-08-12,45000.0,11평(37.42)"
        },
        {
            "index":662,
            "아파트명":"아스하임9차(도시형)",
            "투자타입":"일반",
            "전용면적(m2)":"15.87",
            "전용면적(평)":"4평",
            "법정동주소":"서울시 강동구 천호동 432-7",
            "도로명주소":"서울시 강동구 올림픽로 663",
            "세대수":0,
            "입주년차":100,
            "용적률점수":"--",
            "건폐율점수":"--",
            "세대당주차수":0,
            "난방방식":30,
            "공급면적":"--",
            "전용률":"--",
            "욕실수":50,
            "현관타입":100,
            "주거총점":38.0,
            "지역구공급총점":0.0,
            "역세권":80,
            "30분내 이동가능 거점":80,
            "1시간내 이동가능 거점":100,
            "교통총점":84.0,
            "백화점":100,
            "아울렛몰":80,
            "대형마트":100,
            "은행":70,
            "병원":100,
            "종합병원":100,
            "공원":100,
            "혐오시설":0,
            "인프라총점":93.0,
            "초등학군":83.68,
            "중학군":41.9,
            "학군총점":50.256,
            "인구수":50.5,
            "인구증감":13.51,
            "인구총점":39.403,
            "일자리":17.2,
            "소득수준":67.44,
            "일자리총점":32.272,
            "가치 총점":72.4384,
            "매매실거래년":20211206.0,
            "매매실거래가":20700.0,
            "전세실거래년":20210618.0,
            "전세실거래가":23000.0,
            "전세가율":99.57,
            "장기전세가율평균":60.27,
            "전세가율거품지수":-39.3,
            "검색코드":141846,
            "세대수":149.0,
            "준공년월":"2021-06-24",
            "준공년차":2.0,
            "가까운역이름":"천호",
            "가까운역거리":269.57,
            "역세권여부":"역세권",
            "30분이내주요거점역":4,
            "1시간이내주요거점역":14,
            "3km이내백화점수":1,
            "5km이내아울렛몰수":1,
            "1km이내대형먀트수":2,
            "500m이내은행수":4,
            "500m이내병원수":112,
            "5km이내대형병원수":7,
            "500m이내공원수":2,
            "3km이내혐오시설수":0,
            "초등학교학업성취도":83.68,
            "중학교학업성취도":69.1,
            "용적률":582,
            "건폐율":50,
            "Y":37.540819,
            "X":127.123705,
            "rank":7.0,
            "area_info":"4평(15.87), 5평(18.07), 7평(25.6), 8평(27.8), 11평(37.67)",
            "last_sales":"2021-12-06,20700.0,5평(18.07)"
        },
        {
            "index":267,
            "아파트명":"래미안솔베뉴",
            "투자타입":"일반",
            "전용면적(m2)":"69.54",
            "전용면적(평)":"21평",
            "법정동주소":"서울시 강동구 명일동 359",
            "도로명주소":"서울시 강동구 양재대로 1650",
            "세대수":100,
            "입주년차":100,
            "용적률점수":"--",
            "건폐율점수":"--",
            "세대당주차수":30,
            "난방방식":30,
            "공급면적":"--",
            "전용률":"--",
            "욕실수":50,
            "현관타입":100,
            "주거총점":77.5,
            "지역구공급총점":0.0,
            "역세권":80,
            "30분내 이동가능 거점":40,
            "1시간내 이동가능 거점":100,
            "교통총점":72.0,
            "백화점":100,
            "아울렛몰":0,
            "대형마트":100,
            "은행":0,
            "병원":80,
            "종합병원":100,
            "공원":100,
            "혐오시설":0,
            "인프라총점":76.0,
            "초등학군":91.54,
            "중학군":50.94,
            "학군총점":59.06,
            "인구수":50.5,
            "인구증감":13.51,
            "인구총점":39.403,
            "일자리":17.2,
            "소득수준":67.44,
            "일자리총점":32.272,
            "가치 총점":72.359,
            "매매실거래년":20211222.0,
            "매매실거래가":140000.0,
            "전세실거래년":20211119.0,
            "전세실거래가":68000.0,
            "전세가율":58.12,
            "장기전세가율평균":60.27,
            "전세가율거품지수":2.15,
            "검색코드":113432,
            "세대수":1900.0,
            "준공년월":"2019-06-24",
            "준공년차":4.0,
            "가까운역이름":"명일",
            "가까운역거리":192.43,
            "역세권여부":"역세권",
            "30분이내주요거점역":2,
            "1시간이내주요거점역":10,
            "3km이내백화점수":1,
            "5km이내아울렛몰수":0,
            "1km이내대형먀트수":6,
            "500m이내은행수":1,
            "500m이내병원수":54,
            "5km이내대형병원수":4,
            "500m이내공원수":9,
            "3km이내혐오시설수":0,
            "초등학교학업성취도":91.54,
            "중학교학업성취도":82.9,
            "용적률":299,
            "건폐율":19,
            "Y":37.552813,
            "X":127.145204,
            "rank":8.0,
            "area_info":"21평(69.54), 21평(69.89), 21평(70.36), 25평(83.7), 25평(84.09), 25평(84.1), 25평(84.53), 25평(84.44), 32평(105.93), 32평(105.8), 32평(106.17), 34평(112.44), 34평(113.02), 34평(113.05), 44평(147.37), 44평(147.58), 44평(147.95), 44평(148.39)",
            "last_sales":"2021-12-22,140000.0,25평(84.44)"
        },
        {
            "index":211,
            "아파트명":"우성(332)",
            "투자타입":"재건축",
            "전용면적(m2)":"91.39",
            "전용면적(평)":"27평",
            "법정동주소":"서울시 강동구 길동 332",
            "도로명주소":"서울시 강동구 천중로49길 58",
            "세대수":0,
            "입주년차":"--",
            "용적률점수":80,
            "건폐율점수":80,
            "세대당주차수":"--",
            "난방방식":"--",
            "공급면적":70,
            "전용률":80,
            "욕실수":"--",
            "현관타입":"--",
            "주거총점":55.5,
            "지역구공급총점":0.0,
            "역세권":80,
            "30분내 이동가능 거점":40,
            "1시간내 이동가능 거점":100,
            "교통총점":72.0,
            "백화점":100,
            "아울렛몰":80,
            "대형마트":100,
            "은행":70,
            "병원":80,
            "종합병원":100,
            "공원":100,
            "혐오시설":0,
            "인프라총점":91.0,
            "초등학군":86.17,
            "중학군":48.76,
            "학군총점":56.242,
            "인구수":50.5,
            "인구증감":13.51,
            "인구총점":39.403,
            "일자리":17.2,
            "소득수준":67.44,
            "일자리총점":32.272,
            "가치 총점":72.0363,
            "매매실거래년":20200803.0,
            "매매실거래가":72000.0,
            "전세실거래년":20220108.0,
            "전세실거래가":37000.0,
            "전세가율":52.86,
            "장기전세가율평균":60.27,
            "전세가율거품지수":7.41,
            "검색코드":1293,
            "세대수":162.0,
            "준공년월":"1989-10-06",
            "준공년차":34.0,
            "가까운역이름":"굽은다리",
            "가까운역거리":247.36,
            "역세권여부":"역세권",
            "30분이내주요거점역":2,
            "1시간이내주요거점역":11,
            "3km이내백화점수":1,
            "5km이내아울렛몰수":1,
            "1km이내대형먀트수":3,
            "500m이내은행수":3,
            "500m이내병원수":32,
            "5km이내대형병원수":4,
            "500m이내공원수":2,
            "3km이내혐오시설수":0,
            "초등학교학업성취도":86.17,
            "중학교학업성취도":80.0,
            "용적률":212,
            "건폐율":24,
            "Y":37.543444,
            "X":127.143992,
            "rank":9.0,
            "area_info":"27평(91.39), 30평(101.46)",
            "last_sales":"2020-08-03,72000.0,30평(101.46)"
        },
        {
            "index":427,
            "아파트명":"SK허브진",
            "투자타입":"일반",
            "전용면적(m2)":"40.18",
            "전용면적(평)":"12평",
            "법정동주소":"서울시 강동구 성내동 194",
            "도로명주소":"서울시 강동구 천호대로 1092",
            "세대수":30,
            "입주년차":40,
            "용적률점수":"--",
            "건폐율점수":"--",
            "세대당주차수":0,
            "난방방식":30,
            "공급면적":"--",
            "전용률":"--",
            "욕실수":50,
            "현관타입":50,
            "주거총점":31.5,
            "지역구공급총점":0.0,
            "역세권":100,
            "30분내 이동가능 거점":60,
            "1시간내 이동가능 거점":100,
            "교통총점":88.0,
            "백화점":100,
            "아울렛몰":80,
            "대형마트":100,
            "은행":70,
            "병원":80,
            "종합병원":100,
            "공원":100,
            "혐오시설":0,
            "인프라총점":91.0,
            "초등학군":86.87,
            "중학군":40.86,
            "학군총점":50.062,
            "인구수":50.5,
            "인구증감":13.51,
            "인구총점":39.403,
            "일자리":17.2,
            "소득수준":67.44,
            "일자리총점":32.272,
            "가치 총점":71.9093,
            "매매실거래년":20211227.0,
            "매매실거래가":40000.0,
            "전세실거래년":20211124.0,
            "전세실거래가":26250.0,
            "전세가율":65.62,
            "장기전세가율평균":60.27,
            "전세가율거품지수":-5.35,
            "검색코드":10634,
            "세대수":325.0,
            "준공년월":"2004-10-21",
            "준공년차":19.0,
            "가까운역이름":"강동",
            "가까운역거리":64.43,
            "역세권여부":"초역세권",
            "30분이내주요거점역":3,
            "1시간이내주요거점역":15,
            "3km이내백화점수":1,
            "5km이내아울렛몰수":1,
            "1km이내대형먀트수":2,
            "500m이내은행수":3,
            "500m이내병원수":53,
            "5km이내대형병원수":6,
            "500m이내공원수":2,
            "3km이내혐오시설수":0,
            "초등학교학업성취도":86.87,
            "중학교학업성취도":68.1,
            "용적률":433,
            "건폐율":48,
            "Y":37.535234,
            "X":127.132612,
            "rank":10.0,
            "area_info":"12평(40.18), 13평(44.77), 19평(62.86)",
            "last_sales":"2021-12-27,40000.0,12평(40.18)"
        },
        {
            "index":479,
            "아파트명":"현대(30-2)",
            "투자타입":"재건축",
            "전용면적(m2)":"73.7",
            "전용면적(평)":"22평",
            "법정동주소":"서울시 강동구 성내동 30-2",
            "도로명주소":"서울시 강동구 천호옛12길 27",
            "세대수":0,
            "입주년차":"--",
            "용적률점수":80,
            "건폐율점수":80,
            "세대당주차수":"--",
            "난방방식":"--",
            "공급면적":50,
            "전용률":60,
            "욕실수":"--",
            "현관타입":"--",
            "주거총점":53.5,
            "지역구공급총점":0.0,
            "역세권":80,
            "30분내 이동가능 거점":60,
            "1시간내 이동가능 거점":100,
            "교통총점":78.0,
            "백화점":100,
            "아울렛몰":80,
            "대형마트":100,
            "은행":20,
            "병원":100,
            "종합병원":100,
            "공원":0,
            "혐오시설":0,
            "인프라총점":85.0,
            "초등학군":85.91,
            "중학군":48.0,
            "학군총점":55.582,
            "인구수":50.5,
            "인구증감":13.51,
            "인구총점":39.403,
            "일자리":17.2,
            "소득수준":67.44,
            "일자리총점":32.272,
            "가치 총점":71.8373,
            "매매실거래년":20210409.0,
            "매매실거래가":80000.0,
            "전세실거래년":20211126.0,
            "전세실거래가":30450.0,
            "전세가율":44.13,
            "장기전세가율평균":60.27,
            "전세가율거품지수":16.14,
            "검색코드":1326,
            "세대수":277.0,
            "준공년월":"1987-12-12",
            "준공년차":36.0,
            "가까운역이름":"천호",
            "가까운역거리":410.57,
            "역세권여부":"역세권",
            "30분이내주요거점역":3,
            "1시간이내주요거점역":14,
            "3km이내백화점수":1,
            "5km이내아울렛몰수":1,
            "1km이내대형먀트수":3,
            "500m이내은행수":2,
            "500m이내병원수":74,
            "5km이내대형병원수":7,
            "500m이내공원수":0,
            "3km이내혐오시설수":0,
            "초등학교학업성취도":85.91,
            "중학교학업성취도":79.6,
            "용적률":211,
            "건폐율":21,
            "Y":37.535422,
            "X":127.12633,
            "rank":11.0,
            "area_info":"22평(73.7), 24평(80.88), 33평(110.17), 33평(110.24)",
            "last_sales":"2021-04-09,80000.0,33평(110.24)"
        },
        {
            "index":667,
            "아파트명":"암사브라운스톤",
            "투자타입":"일반",
            "전용면적(m2)":"106.94",
            "전용면적(평)":"32평",
            "법정동주소":"서울시 강동구 천호동 288-29",
            "도로명주소":"서울시 강동구 올림픽로92길 61",
            "세대수":0,
            "입주년차":40,
            "용적률점수":"--",
            "건폐율점수":"--",
            "세대당주차수":30,
            "난방방식":30,
            "공급면적":"--",
            "전용률":"--",
            "욕실수":100,
            "현관타입":100,
            "주거총점":35.5,
            "지역구공급총점":0.0,
            "역세권":80,
            "30분내 이동가능 거점":80,
            "1시간내 이동가능 거점":100,
            "교통총점":84.0,
            "백화점":100,
            "아울렛몰":80,
            "대형마트":100,
            "은행":70,
            "병원":80,
            "종합병원":100,
            "공원":100,
            "혐오시설":0,
            "인프라총점":91.0,
            "초등학군":87.28,
            "중학군":41.9,
            "학군총점":50.976,
            "인구수":50.5,
            "인구증감":13.51,
            "인구총점":39.403,
            "일자리":17.2,
            "소득수준":67.44,
            "일자리총점":32.272,
            "가치 총점":71.4464,
            "매매실거래년":20211229.0,
            "매매실거래가":118000.0,
            "전세실거래년":20211120.0,
            "전세실거래가":49000.0,
            "전세가율":41.53,
            "장기전세가율평균":60.27,
            "전세가율거품지수":18.74,
            "검색코드":17530,
            "세대수":125.0,
            "준공년월":"2005-10-28",
            "준공년차":18.0,
            "가까운역이름":"암사",
            "가까운역거리":193.17,
            "역세권여부":"역세권",
            "30분이내주요거점역":4,
            "1시간이내주요거점역":14,
            "3km이내백화점수":1,
            "5km이내아울렛몰수":1,
            "1km이내대형먀트수":3,
            "500m이내은행수":3,
            "500m이내병원수":52,
            "5km이내대형병원수":5,
            "500m이내공원수":5,
            "3km이내혐오시설수":0,
            "초등학교학업성취도":87.28,
            "중학교학업성취도":69.1,
            "용적률":199,
            "건폐율":28,
            "Y":37.548821,
            "X":127.128878,
            "rank":12.0,
            "area_info":"32평(106.94)",
            "last_sales":"2021-12-29,118000.0,32평(106.94)"
        },
        {
            "index":314,
            "아파트명":"신동아",
            "투자타입":"재건축",
            "전용면적(m2)":"97.69",
            "전용면적(평)":"29평",
            "법정동주소":"서울시 강동구 명일동 44",
            "도로명주소":"서울시 강동구 고덕로 240",
            "세대수":50,
            "입주년차":"--",
            "용적률점수":80,
            "건폐율점수":100,
            "세대당주차수":"--",
            "난방방식":"--",
            "공급면적":70,
            "전용률":80,
            "욕실수":"--",
            "현관타입":"--",
            "주거총점":74.5,
            "지역구공급총점":0.0,
            "역세권":80,
            "30분내 이동가능 거점":20,
            "1시간내 이동가능 거점":90,
            "교통총점":64.0,
            "백화점":100,
            "아울렛몰":0,
            "대형마트":100,
            "은행":100,
            "병원":80,
            "종합병원":100,
            "공원":100,
            "혐오시설":0,
            "인프라총점":86.0,
            "초등학군":93.1,
            "중학군":45.76,
            "학군총점":55.228,
            "인구수":50.5,
            "인구증감":13.51,
            "인구총점":39.403,
            "일자리":17.2,
            "소득수준":67.44,
            "일자리총점":32.272,
            "가치 총점":71.3842,
            "매매실거래년":20211228.0,
            "매매실거래가":185800.0,
            "전세실거래년":20211118.0,
            "전세실거래가":44100.0,
            "전세가율":28.54,
            "장기전세가율평균":60.27,
            "전세가율거품지수":31.73,
            "검색코드":1312,
            "세대수":570.0,
            "준공년월":"1986-02-08",
            "준공년차":37.0,
            "가까운역이름":"고덕",
            "가까운역거리":220.72,
            "역세권여부":"역세권",
            "30분이내주요거점역":1,
            "1시간이내주요거점역":9,
            "3km이내백화점수":1,
            "5km이내아울렛몰수":0,
            "1km이내대형먀트수":3,
            "500m이내은행수":5,
            "500m이내병원수":43,
            "5km이내대형병원수":4,
            "500m이내공원수":4,
            "3km이내혐오시설수":0,
            "초등학교학업성취도":93.1,
            "중학교학업성취도":75.8,
            "용적률":179,
            "건폐율":14,
            "Y":37.554205,
            "X":127.151859,
            "rank":13.0,
            "area_info":"29평(97.69), 39평(131.03), 44평(146.39)",
            "last_sales":"2021-12-28,185800.0,44평(146.39)"
        },
        {
            "index":299,
            "아파트명":"삼익그린맨션2차",
            "투자타입":"재건축",
            "전용면적(m2)":"59.93",
            "전용면적(평)":"18평",
            "법정동주소":"서울시 강동구 명일동 15",
            "도로명주소":"서울시 강동구 고덕로 210",
            "세대수":100,
            "입주년차":"--",
            "용적률점수":80,
            "건폐율점수":100,
            "세대당주차수":"--",
            "난방방식":"--",
            "공급면적":50,
            "전용률":60,
            "욕실수":"--",
            "현관타입":"--",
            "주거총점":87.5,
            "지역구공급총점":0.0,
            "역세권":80,
            "30분내 이동가능 거점":0,
            "1시간내 이동가능 거점":90,
            "교통총점":58.0,
            "백화점":100,
            "아울렛몰":0,
            "대형마트":100,
            "은행":70,
            "병원":80,
            "종합병원":100,
            "공원":100,
            "혐오시설":0,
            "인프라총점":83.0,
            "초등학군":93.1,
            "중학군":45.76,
            "학군총점":55.228,
            "인구수":50.5,
            "인구증감":13.51,
            "인구총점":39.403,
            "일자리":17.2,
            "소득수준":67.44,
            "일자리총점":32.272,
            "가치 총점":70.9842,
            "매매실거래년":20211117.0,
            "매매실거래가":190000.0,
            "전세실거래년":20220110.0,
            "전세실거래가":23100.0,
            "전세가율":21.0,
            "장기전세가율평균":60.27,
            "전세가율거품지수":39.27,
            "검색코드":1308,
            "세대수":2400.0,
            "준공년월":"1983-12-17",
            "준공년차":40.0,
            "가까운역이름":"명일",
            "가까운역거리":448.08,
            "역세권여부":"역세권",
            "30분이내주요거점역":0,
            "1시간이내주요거점역":9,
            "3km이내백화점수":1,
            "5km이내아울렛몰수":0,
            "1km이내대형먀트수":4,
            "500m이내은행수":3,
            "500m이내병원수":52,
            "5km이내대형병원수":4,
            "500m이내공원수":7,
            "3km이내혐오시설수":0,
            "초등학교학업성취도":93.1,
            "중학교학업성취도":75.8,
            "용적률":171,
            "건폐율":14,
            "Y":37.552103,
            "X":127.148997,
            "rank":14.0,
            "area_info":"18평(59.93), 23평(76.44), 27평(90.04), 30평(99.35), 37평(123.95), 37평(125.37), 44평(148.19)",
            "last_sales":"2021-11-17,190000.0,37평(125.37)"
        },
        {
            "index":672,
            "아파트명":"엘림스퀘어II(도시형)",
            "투자타입":"일반",
            "전용면적(m2)":"22.85",
            "전용면적(평)":"6평",
            "법정동주소":"서울시 강동구 천호동 416-12",
            "도로명주소":"서울시 강동구 구천면로24길 9",
            "세대수":0,
            "입주년차":100,
            "용적률점수":"--",
            "건폐율점수":"--",
            "세대당주차수":0,
            "난방방식":30,
            "공급면적":"--",
            "전용률":"--",
            "욕실수":50,
            "현관타입":10,
            "주거총점":29.0,
            "지역구공급총점":0.0,
            "역세권":80,
            "30분내 이동가능 거점":80,
            "1시간내 이동가능 거점":100,
            "교통총점":84.0,
            "백화점":100,
            "아울렛몰":80,
            "대형마트":100,
            "은행":70,
            "병원":100,
            "종합병원":100,
            "공원":100,
            "혐오시설":0,
            "인프라총점":93.0,
            "초등학군":87.28,
            "중학군":41.9,
            "학군총점":50.976,
            "인구수":50.5,
            "인구증감":13.51,
            "인구총점":39.403,
            "일자리":17.2,
            "소득수준":67.44,
            "일자리총점":32.272,
            "가치 총점":70.7464,
            "매매실거래년":"18000101",
            "매매실거래가":null,
            "전세실거래년":null,
            "전세실거래가":null,
            "전세가율":null,
            "장기전세가율평균":60.27,
            "전세가율거품지수":null,
            "검색코드":119732,
            "세대수":143.0,
            "준공년월":"2019-04-18",
            "준공년차":4.0,
            "가까운역이름":"천호",
            "가까운역거리":320.06,
            "역세권여부":"역세권",
            "30분이내주요거점역":4,
            "1시간이내주요거점역":14,
            "3km이내백화점수":1,
            "5km이내아울렛몰수":1,
            "1km이내대형먀트수":2,
            "500m이내은행수":4,
            "500m이내병원수":130,
            "5km이내대형병원수":7,
            "500m이내공원수":4,
            "3km이내혐오시설수":0,
            "초등학교학업성취도":87.28,
            "중학교학업성취도":69.1,
            "용적률":539,
            "건폐율":59,
            "Y":37.540304,
            "X":127.126291,
            "rank":15.0,
            "area_info":"6평(22.85), 6평(23.06), 8평(26.9), 7평(26.14), 8평(27.96)",
            "last_sales":"1800-01-01,nan,6평(22.85)"
        },
        {
            "index":156,
            "아파트명":"길동우성",
            "투자타입":"일반",
            "전용면적(m2)":"54.87",
            "전용면적(평)":"16평",
            "법정동주소":"서울시 강동구 길동 400",
            "도로명주소":"서울시 강동구 천호대로193길 37",
            "세대수":80,
            "입주년차":0,
            "용적률점수":"--",
            "건폐율점수":"--",
            "세대당주차수":0,
            "난방방식":30,
            "공급면적":"--",
            "전용률":"--",
            "욕실수":50,
            "현관타입":100,
            "주거총점":46.0,
            "지역구공급총점":0.0,
            "역세권":80,
            "30분내 이동가능 거점":40,
            "1시간내 이동가능 거점":100,
            "교통총점":72.0,
            "백화점":100,
            "아울렛몰":80,
            "대형마트":80,
            "은행":100,
            "병원":100,
            "종합병원":100,
            "공원":100,
            "혐오시설":0,
            "인프라총점":93.0,
            "초등학군":86.17,
            "중학군":48.76,
            "학군총점":56.242,
            "인구수":50.5,
            "인구증감":13.51,
            "인구총점":39.403,
            "일자리":17.2,
            "소득수준":67.44,
            "일자리총점":32.272,
            "가치 총점":70.7363,
            "매매실거래년":20211221.0,
            "매매실거래가":117000.0,
            "전세실거래년":20211127.0,
            "전세실거래가":33000.0,
            "전세가율":52.8,
            "장기전세가율평균":60.27,
            "전세가율거품지수":7.47,
            "검색코드":1290,
            "세대수":811.0,
            "준공년월":"1994-10-29",
            "준공년차":29.0,
            "가까운역이름":"길동",
            "가까운역거리":337.5,
            "역세권여부":"역세권",
            "30분이내주요거점역":2,
            "1시간이내주요거점역":10,
            "3km이내백화점수":1,
            "5km이내아울렛몰수":1,
            "1km이내대형먀트수":1,
            "500m이내은행수":10,
            "500m이내병원수":71,
            "5km이내대형병원수":5,
            "500m이내공원수":2,
            "3km이내혐오시설수":0,
            "초등학교학업성취도":86.17,
            "중학교학업성취도":80.0,
            "용적률":308,
            "건폐율":24,
            "Y":37.537054,
            "X":127.143714,
            "rank":16.0,
            "area_info":"16평(54.87), 23평(76.88), 31평(105.15), 32평(108.45)",
            "last_sales":"2021-12-21,117000.0,32평(108.45)"
        },
        {
            "index":560,
            "아파트명":"프라이어팰리스",
            "투자타입":"일반",
            "전용면적(m2)":"79.65",
            "전용면적(평)":"24평",
            "법정동주소":"서울시 강동구 암사동 413",
            "도로명주소":"서울시 강동구 고덕로 130",
            "세대수":100,
            "입주년차":40,
            "용적률점수":"--",
            "건폐율점수":"--",
            "세대당주차수":60,
            "난방방식":30,
            "공급면적":"--",
            "전용률":"--",
            "욕실수":100,
            "현관타입":100,
            "주거총점":75.0,
            "지역구공급총점":0.0,
            "역세권":80,
            "30분내 이동가능 거점":20,
            "1시간내 이동가능 거점":100,
            "교통총점":66.0,
            "백화점":100,
            "아울렛몰":0,
            "대형마트":100,
            "은행":20,
            "병원":80,
            "종합병원":100,
            "공원":100,
            "혐오시설":0,
            "인프라총점":78.0,
            "초등학군":88.26,
            "중학군":53.36,
            "학군총점":60.34,
            "인구수":50.5,
            "인구증감":13.51,
            "인구총점":39.403,
            "일자리":17.2,
            "소득수준":67.44,
            "일자리총점":32.272,
            "가치 총점":70.551,
            "매매실거래년":20211220.0,
            "매매실거래가":136000.0,
            "전세실거래년":20220108.0,
            "전세실거래가":44100.0,
            "전세가율":37.37,
            "장기전세가율평균":60.27,
            "전세가율거품지수":22.9,
            "검색코드":19578,
            "세대수":1622.0,
            "준공년월":"2007-07-09",
            "준공년차":16.0,
            "가까운역이름":"명일",
            "가까운역거리":445.67,
            "역세권여부":"역세권",
            "30분이내주요거점역":1,
            "1시간이내주요거점역":10,
            "3km이내백화점수":1,
            "5km이내아울렛몰수":0,
            "1km이내대형먀트수":3,
            "500m이내은행수":2,
            "500m이내병원수":44,
            "5km이내대형병원수":4,
            "500m이내공원수":9,
            "3km이내혐오시설수":0,
            "초등학교학업성취도":88.26,
            "중학교학업성취도":86.4,
            "용적률":277,
            "건폐율":15,
            "Y":37.553577,
            "X":127.139779,
            "rank":17.0,
            "area_info":"24평(79.65), 33평(109.51), 33평(110.42), 33평(112.07), 43평(142.75)",
            "last_sales":"2021-12-20,136000.0,33평(112.07)"
        },
        {
            "index":317,
            "아파트명":"우성(42)",
            "투자타입":"재건축",
            "전용면적(m2)":"103.8",
            "전용면적(평)":"31평",
            "법정동주소":"서울시 강동구 명일동 42",
            "도로명주소":"서울시 강동구 고덕로62길 76",
            "세대수":50,
            "입주년차":"--",
            "용적률점수":80,
            "건폐율점수":100,
            "세대당주차수":"--",
            "난방방식":"--",
            "공급면적":90,
            "전용률":80,
            "욕실수":"--",
            "현관타입":"--",
            "주거총점":75.5,
            "지역구공급총점":0.0,
            "역세권":80,
            "30분내 이동가능 거점":0,
            "1시간내 이동가능 거점":90,
            "교통총점":58.0,
            "백화점":100,
            "아울렛몰":0,
            "대형마트":100,
            "은행":100,
            "병원":80,
            "종합병원":100,
            "공원":100,
            "혐오시설":0,
            "인프라총점":86.0,
            "초등학군":93.1,
            "중학군":54.16,
            "학군총점":61.948,
            "인구수":50.5,
            "인구증감":13.51,
            "인구총점":39.403,
            "일자리":17.2,
            "소득수준":67.44,
            "일자리총점":32.272,
            "가치 총점":70.4922,
            "매매실거래년":20210811.0,
            "매매실거래가":178000.0,
            "전세실거래년":20211227.0,
            "전세실거래가":50000.0,
            "전세가율":32.26,
            "장기전세가율평균":60.27,
            "전세가율거품지수":28.01,
            "검색코드":1313,
            "세대수":572.0,
            "준공년월":"1986-05-23",
            "준공년차":37.0,
            "가까운역이름":"고덕",
            "가까운역거리":482.62,
            "역세권여부":"역세권",
            "30분이내주요거점역":0,
            "1시간이내주요거점역":9,
            "3km이내백화점수":1,
            "5km이내아울렛몰수":0,
            "1km이내대형먀트수":3,
            "500m이내은행수":6,
            "500m이내병원수":45,
            "5km이내대형병원수":4,
            "500m이내공원수":4,
            "3km이내혐오시설수":0,
            "초등학교학업성취도":93.1,
            "중학교학업성취도":87.4,
            "용적률":182,
            "건폐율":17,
            "Y":37.550955,
            "X":127.152179,
            "rank":18.0,
            "area_info":"31평(103.8), 46평(153.78)",
            "last_sales":"2021-08-11,178000.0,46평(153.78)"
        },
        {
            "index":171,
            "아파트명":"삼익파크맨숀",
            "투자타입":"재건축",
            "전용면적(m2)":"59.73",
            "전용면적(평)":"18평",
            "법정동주소":"서울시 강동구 길동 54",
            "도로명주소":"서울시 강동구 명일로 293",
            "세대수":90,
            "입주년차":"--",
            "용적률점수":80,
            "건폐율점수":0,
            "세대당주차수":"--",
            "난방방식":"--",
            "공급면적":50,
            "전용률":100,
            "욕실수":"--",
            "현관타입":"--",
            "주거총점":66.5,
            "지역구공급총점":0.0,
            "역세권":80,
            "30분내 이동가능 거점":40,
            "1시간내 이동가능 거점":90,
            "교통총점":70.0,
            "백화점":100,
            "아울렛몰":0,
            "대형마트":80,
            "은행":70,
            "병원":80,
            "종합병원":100,
            "공원":100,
            "혐오시설":0,
            "인프라총점":80.0,
            "초등학군":86.3,
            "중학군":48.76,
            "학군총점":56.268,
            "인구수":50.5,
            "인구증감":13.51,
            "인구총점":39.403,
            "일자리":17.2,
            "소득수준":67.44,
            "일자리총점":32.272,
            "가치 총점":70.2402,
            "매매실거래년":20210326.0,
            "매매실거래가":129000.0,
            "전세실거래년":20210805.0,
            "전세실거래가":30000.0,
            "전세가율":38.46,
            "장기전세가율평균":60.27,
            "전세가율거품지수":21.81,
            "검색코드":1283,
            "세대수":1092.0,
            "준공년월":"1982-09-04",
            "준공년차":41.0,
            "가까운역이름":"굽은다리",
            "가까운역거리":430.56,
            "역세권여부":"역세권",
            "30분이내주요거점역":2,
            "1시간이내주요거점역":9,
            "3km이내백화점수":1,
            "5km이내아울렛몰수":0,
            "1km이내대형먀트수":1,
            "500m이내은행수":3,
            "500m이내병원수":30,
            "5km이내대형병원수":4,
            "500m이내공원수":2,
            "3km이내혐오시설수":0,
            "초등학교학업성취도":86.3,
            "중학교학업성취도":80.0,
            "용적률":188,
            "건폐율":0,
            "Y":37.54483,
            "X":127.147668,
            "rank":19.0,
            "area_info":"18평(59.73), 18평(60.24), 18평(60.23), 18평(60.56), 18평(61.16), 18평(61.17), 19평(63.35), 21평(69.93), 21평(70.25), 21평(70.37), 21평(71.04), 23평(77.52), 23평(78.18), 23평(78.58), 24평(79.37), 25평(85.0), 31평(103.57), 31평(103.66), 31평(103.6), 31평(104.29), 31평(104.28), 31평(105.06), 32평(105.88), 32평(105.89), 32평(107.73), 42평(141.25), 42평(141.31), 43평(142.31), 43평(142.31), 44평(148.58), 48평(159.06), 49평(163.64), 49평(163.6), 49평(164.76), 49평(164.76), 50평(166.93)",
            "last_sales":"2021-03-26,129000.0,42평(141.25)"
        },
        {
            "index":641,
            "아파트명":"미사아름채(도시형)",
            "투자타입":"일반",
            "전용면적(m2)":"21.01",
            "전용면적(평)":"6평",
            "법정동주소":"서울시 강동구 천호동 452-15",
            "도로명주소":"서울시 강동구 천호대로159길 22-24",
            "세대수":0,
            "입주년차":100,
            "용적률점수":"--",
            "건폐율점수":"--",
            "세대당주차수":0,
            "난방방식":30,
            "공급면적":"--",
            "전용률":"--",
            "욕실수":50,
            "현관타입":100,
            "주거총점":38.0,
            "지역구공급총점":0.0,
            "역세권":80,
            "30분내 이동가능 거점":60,
            "1시간내 이동가능 거점":100,
            "교통총점":78.0,
            "백화점":100,
            "아울렛몰":80,
            "대형마트":100,
            "은행":70,
            "병원":100,
            "종합병원":100,
            "공원":100,
            "혐오시설":0,
            "인프라총점":93.0,
            "초등학군":84.2,
            "중학군":40.86,
            "학군총점":49.528,
            "인구수":50.5,
            "인구증감":13.51,
            "인구총점":39.403,
            "일자리":17.2,
            "소득수준":67.44,
            "일자리총점":32.272,
            "가치 총점":70.2292,
            "매매실거래년":"18000101",
            "매매실거래가":null,
            "전세실거래년":null,
            "전세실거래가":null,
            "전세가율":null,
            "장기전세가율평균":60.27,
            "전세가율거품지수":null,
            "검색코드":133403,
            "세대수":130.0,
            "준공년월":"2020-02-18",
            "준공년차":3.0,
            "가까운역이름":"천호",
            "가까운역거리":412.34,
            "역세권여부":"역세권",
            "30분이내주요거점역":3,
            "1시간이내주요거점역":14,
            "3km이내백화점수":1,
            "5km이내아울렛몰수":1,
            "1km이내대형먀트수":2,
            "500m이내은행수":4,
            "500m이내병원수":137,
            "5km이내대형병원수":7,
            "500m이내공원수":3,
            "3km이내혐오시설수":0,
            "초등학교학업성취도":84.2,
            "중학교학업성취도":68.1,
            "용적률":553,
            "건폐율":59,
            "Y":37.5383,
            "X":127.128247,
            "rank":20.0,
            "area_info":"6평(21.01), 6평(21.77), 6평(22.49), 6평(22.25), 6평(22.76), 6평(23.07)",
            "last_sales":"1800-01-01,nan,6평(21.01)"
        },
        {
            "index":668,
            "아파트명":"어바니엘(도시형)",
            "투자타입":"일반",
            "전용면적(m2)":"19.31",
            "전용면적(평)":"5평",
            "법정동주소":"서울시 강동구 천호동 452-22",
            "도로명주소":"서울시 강동구 천호대로161길 21",
            "세대수":0,
            "입주년차":100,
            "용적률점수":"--",
            "건폐율점수":"--",
            "세대당주차수":0,
            "난방방식":30,
            "공급면적":"--",
            "전용률":"--",
            "욕실수":50,
            "현관타입":100,
            "주거총점":38.0,
            "지역구공급총점":0.0,
            "역세권":80,
            "30분내 이동가능 거점":60,
            "1시간내 이동가능 거점":100,
            "교통총점":78.0,
            "백화점":100,
            "아울렛몰":80,
            "대형마트":100,
            "은행":70,
            "병원":100,
            "종합병원":100,
            "공원":100,
            "혐오시설":0,
            "인프라총점":93.0,
            "초등학군":84.2,
            "중학군":40.86,
            "학군총점":49.528,
            "인구수":50.5,
            "인구증감":13.51,
            "인구총점":39.403,
            "일자리":17.2,
            "소득수준":67.44,
            "일자리총점":32.272,
            "가치 총점":70.2292,
            "매매실거래년":"18000101",
            "매매실거래가":null,
            "전세실거래년":null,
            "전세실거래가":null,
            "전세가율":null,
            "장기전세가율평균":60.27,
            "전세가율거품지수":null,
            "검색코드":128872,
            "세대수":182.0,
            "준공년월":"2019-10-31",
            "준공년차":4.0,
            "가까운역이름":"강동",
            "가까운역거리":408.95,
            "역세권여부":"역세권",
            "30분이내주요거점역":3,
            "1시간이내주요거점역":14,
            "3km이내백화점수":1,
            "5km이내아울렛몰수":1,
            "1km이내대형먀트수":2,
            "500m이내은행수":3,
            "500m이내병원수":110,
            "5km이내대형병원수":6,
            "500m이내공원수":2,
            "3km이내혐오시설수":0,
            "초등학교학업성취도":84.2,
            "중학교학업성취도":68.1,
            "용적률":599,
            "건폐율":59,
            "Y":37.538117,
            "X":127.128875,
            "rank":20.0,
            "area_info":"5평(19.31), 6평(21.86), 6평(22.12), 6평(22.56)",
            "last_sales":"1800-01-01,nan,5평(19.31)"
        },
        {
            "index":631,
            "아파트명":"두산위브센티움",
            "투자타입":"일반",
            "전용면적(m2)":"40.92",
            "전용면적(평)":"12평",
            "법정동주소":"서울시 강동구 천호동 414",
            "도로명주소":"서울시 강동구 올림픽로70길 61",
            "세대수":0,
            "입주년차":40,
            "용적률점수":"--",
            "건폐율점수":"--",
            "세대당주차수":60,
            "난방방식":30,
            "공급면적":"--",
            "전용률":"--",
            "욕실수":50,
            "현관타입":10,
            "주거총점":26.0,
            "지역구공급총점":0.0,
            "역세권":80,
            "30분내 이동가능 거점":80,
            "1시간내 이동가능 거점":100,
            "교통총점":84.0,
            "백화점":100,
            "아울렛몰":80,
            "대형마트":100,
            "은행":70,
            "병원":100,
            "종합병원":100,
            "공원":100,
            "혐오시설":0,
            "인프라총점":93.0,
            "초등학군":84.2,
            "중학군":40.86,
            "학군총점":49.528,
            "인구수":50.5,
            "인구증감":13.51,
            "인구총점":39.403,
            "일자리":17.2,
            "소득수준":67.44,
            "일자리총점":32.272,
            "가치 총점":69.9292,
            "매매실거래년":20211206.0,
            "매매실거래가":15500.0,
            "전세실거래년":20220113.0,
            "전세실거래가":15500.0,
            "전세가율":100.0,
            "장기전세가율평균":60.27,
            "전세가율거품지수":-39.73,
            "검색코드":14366,
            "세대수":156.0,
            "준공년월":"2004-09-06",
            "준공년차":19.0,
            "가까운역이름":"천호",
            "가까운역거리":314.24,
            "역세권여부":"역세권",
            "30분이내주요거점역":4,
            "1시간이내주요거점역":14,
            "3km이내백화점수":1,
            "5km이내아울렛몰수":1,
            "1km이내대형먀트수":2,
            "500m이내은행수":4,
            "500m이내병원수":130,
            "5km이내대형병원수":7,
            "500m이내공원수":2,
            "3km이내혐오시설수":0,
            "초등학교학업성취도":84.2,
            "중학교학업성취도":68.1,
            "용적률":846,
            "건폐율":45,
            "Y":37.539346,
            "X":127.126929,
            "rank":21.0,
            "area_info":"12평(40.92), 12평(41.7), 12평(41.28), 13평(44.1), 15평(51.09), 22평(72.81)",
            "last_sales":"2021-12-06,15500.0,12평(40.92)"
        },
        {
            "index":721,
            "아파트명":"현대",
            "투자타입":"재건축",
            "전용면적(m2)":"60.25",
            "전용면적(평)":"18평",
            "법정동주소":"서울시 강동구 천호동 168-6",
            "도로명주소":"서울시 강동구 진황도로 47-2",
            "세대수":0,
            "입주년차":"--",
            "용적률점수":80,
            "건폐율점수":80,
            "세대당주차수":"--",
            "난방방식":"--",
            "공급면적":50,
            "전용률":60,
            "욕실수":"--",
            "현관타입":"--",
            "주거총점":53.5,
            "지역구공급총점":0.0,
            "역세권":80,
            "30분내 이동가능 거점":40,
            "1시간내 이동가능 거점":100,
            "교통총점":72.0,
            "백화점":100,
            "아울렛몰":80,
            "대형마트":100,
            "은행":20,
            "병원":100,
            "종합병원":100,
            "공원":100,
            "혐오시설":0,
            "인프라총점":88.0,
            "초등학군":83.29,
            "중학군":40.86,
            "학군총점":49.346,
            "인구수":50.5,
            "인구증감":13.51,
            "인구총점":39.403,
            "일자리":17.2,
            "소득수준":67.44,
            "일자리총점":32.272,
            "가치 총점":69.7019,
            "매매실거래년":20211106.0,
            "매매실거래가":85000.0,
            "전세실거래년":20211014.0,
            "전세실거래가":27300.0,
            "전세가율":38.18,
            "장기전세가율평균":60.27,
            "전세가율거품지수":22.09,
            "검색코드":1333,
            "세대수":156.0,
            "준공년월":"1990-05-31",
            "준공년차":33.0,
            "가까운역이름":"강동",
            "가까운역거리":302.31,
            "역세권여부":"역세권",
            "30분이내주요거점역":2,
            "1시간이내주요거점역":12,
            "3km이내백화점수":1,
            "5km이내아울렛몰수":1,
            "1km이내대형먀트수":2,
            "500m이내은행수":2,
            "500m이내병원수":60,
            "5km이내대형병원수":6,
            "500m이내공원수":3,
            "3km이내혐오시설수":0,
            "초등학교학업성취도":83.29,
            "중학교학업성취도":68.1,
            "용적률":191,
            "건폐율":22,
            "Y":37.538472,
            "X":127.13314,
            "rank":22.0,
            "area_info":"18평(60.25), 25평(83.01), 28평(93.73), 28평(95.23), 29평(98.42)",
            "last_sales":"2021-11-06,85000.0,25평(83.01)"
        },
        {
            "index":319,
            "아파트명":"원일타워(도시형)",
            "투자타입":"일반",
            "전용면적(m2)":"31.98",
            "전용면적(평)":"9평",
            "법정동주소":"서울시 강동구 명일동 353-2",
            "도로명주소":"서울시 강동구 양재대로 1568",
            "세대수":0,
            "입주년차":100,
            "용적률점수":"--",
            "건폐율점수":"--",
            "세대당주차수":0,
            "난방방식":30,
            "공급면적":"--",
            "전용률":"--",
            "욕실수":50,
            "현관타입":10,
            "주거총점":29.0,
            "지역구공급총점":0.0,
            "역세권":100,
            "30분내 이동가능 거점":40,
            "1시간내 이동가능 거점":100,
            "교통총점":82.0,
            "백화점":100,
            "아울렛몰":80,
            "대형마트":100,
            "은행":70,
            "병원":80,
            "종합병원":100,
            "공원":100,
            "혐오시설":0,
            "인프라총점":91.0,
            "초등학군":90.14,
            "중학군":39.9,
            "학군총점":49.948,
            "인구수":50.5,
            "인구증감":13.51,
            "인구총점":39.403,
            "일자리":17.2,
            "소득수준":67.44,
            "일자리총점":32.272,
            "가치 총점":69.2922,
            "매매실거래년":"18000101",
            "매매실거래가":null,
            "전세실거래년":null,
            "전세실거래가":null,
            "전세가율":null,
            "장기전세가율평균":60.27,
            "전세가율거품지수":null,
            "검색코드":131688,
            "세대수":119.0,
            "준공년월":"2020-04-24",
            "준공년차":3.0,
            "가까운역이름":"굽은다리",
            "가까운역거리":43.34,
            "역세권여부":"초역세권",
            "30분이내주요거점역":2,
            "1시간이내주요거점역":13,
            "3km이내백화점수":1,
            "5km이내아울렛몰수":1,
            "1km이내대형먀트수":3,
            "500m이내은행수":3,
            "500m이내병원수":30,
            "5km이내대형병원수":4,
            "500m이내공원수":4,
            "3km이내혐오시설수":0,
            "초등학교학업성취도":90.14,
            "중학교학업성취도":65.7,
            "용적률":304,
            "건폐율":40,
            "Y":37.545393,
            "X":127.143333,
            "rank":23.0,
            "area_info":"9평(31.98), 11평(38.35), 14평(47.83), 15평(50.11), 29평(97.7)",
            "last_sales":"1800-01-01,nan,9평(31.98)"
        },
        {
            "index":573,
            "아파트명":"한솔솔파크더리버",
            "투자타입":"일반",
            "전용면적(m2)":"105.82",
            "전용면적(평)":"32평",
            "법정동주소":"서울시 강동구 암사동 518",
            "도로명주소":"서울시 강동구 선사로 120",
            "세대수":0,
            "입주년차":60,
            "용적률점수":"--",
            "건폐율점수":"--",
            "세대당주차수":30,
            "난방방식":30,
            "공급면적":"--",
            "전용률":"--",
            "욕실수":100,
            "현관타입":100,
            "주거총점":39.5,
            "지역구공급총점":0.0,
            "역세권":80,
            "30분내 이동가능 거점":60,
            "1시간내 이동가능 거점":100,
            "교통총점":78.0,
            "백화점":100,
            "아울렛몰":80,
            "대형마트":80,
            "은행":70,
            "병원":80,
            "종합병원":100,
            "공원":100,
            "혐오시설":0,
            "인프라총점":88.0,
            "초등학군":88.8,
            "중학군":41.9,
            "학군총점":51.28,
            "인구수":50.5,
            "인구증감":13.51,
            "인구총점":39.403,
            "일자리":17.2,
            "소득수준":67.44,
            "일자리총점":32.272,
            "가치 총점":69.292,
            "매매실거래년":20200408.0,
            "매매실거래가":94500.0,
            "전세실거래년":null,
            "전세실거래가":null,
            "전세가율":null,
            "장기전세가율평균":60.27,
            "전세가율거품지수":null,
            "검색코드":26272,
            "세대수":127.0,
            "준공년월":"2009-08-10",
            "준공년차":14.0,
            "가까운역이름":"암사",
            "가까운역거리":362.59,
            "역세권여부":"역세권",
            "30분이내주요거점역":3,
            "1시간이내주요거점역":13,
            "3km이내백화점수":1,
            "5km이내아울렛몰수":1,
            "1km이내대형먀트수":1,
            "500m이내은행수":3,
            "500m이내병원수":43,
            "5km이내대형병원수":6,
            "500m이내공원수":3,
            "3km이내혐오시설수":0,
            "초등학교학업성취도":88.8,
            "중학교학업성취도":69.1,
            "용적률":226,
            "건폐율":24,
            "Y":37.549574,
            "X":127.123528,
            "rank":24.0,
            "area_info":"32평(105.82), 32평(105.82), 32평(106.32)",
            "last_sales":"2020-04-08,94500.0,32평(106.32)"
        },
        {
            "index":465,
            "아파트명":"성안마을청구",
            "투자타입":"일반",
            "전용면적(m2)":"52.83",
            "전용면적(평)":"15평",
            "법정동주소":"서울시 강동구 성내동 295",
            "도로명주소":"서울시 강동구 풍성로 114-1",
            "세대수":30,
            "입주년차":20,
            "용적률점수":"--",
            "건폐율점수":"--",
            "세대당주차수":0,
            "난방방식":30,
            "공급면적":"--",
            "전용률":"--",
            "욕실수":50,
            "현관타입":10,
            "주거총점":23.5,
            "지역구공급총점":0.0,
            "역세권":80,
            "30분내 이동가능 거점":80,
            "1시간내 이동가능 거점":100,
            "교통총점":84.0,
            "백화점":100,
            "아울렛몰":80,
            "대형마트":100,
            "은행":70,
            "병원":60,
            "종합병원":100,
            "공원":100,
            "혐오시설":0,
            "인프라총점":89.0,
            "초등학군":85.91,
            "중학군":48.0,
            "학군총점":55.582,
            "인구수":50.5,
            "인구증감":13.51,
            "인구총점":39.403,
            "일자리":17.2,
            "소득수준":67.44,
            "일자리총점":32.272,
            "가치 총점":69.1373,
            "매매실거래년":20211103.0,
            "매매실거래가":118000.0,
            "전세실거래년":20211213.0,
            "전세실거래가":40000.0,
            "전세가율":60.15,
            "장기전세가율평균":60.27,
            "전세가율거품지수":0.12,
            "검색코드":989,
            "세대수":349.0,
            "준공년월":"2002-07-25",
            "준공년차":21.0,
            "가까운역이름":"강동구청",
            "가까운역거리":388.82,
            "역세권여부":"역세권",
            "30분이내주요거점역":4,
            "1시간이내주요거점역":14,
            "3km이내백화점수":2,
            "5km이내아울렛몰수":1,
            "1km이내대형먀트수":2,
            "500m이내은행수":3,
            "500m이내병원수":16,
            "5km이내대형병원수":7,
            "500m이내공원수":2,
            "3km이내혐오시설수":0,
            "초등학교학업성취도":85.91,
            "중학교학업성취도":79.6,
            "용적률":372,
            "건폐율":27,
            "Y":37.531965,
            "X":127.124413,
            "rank":25.0,
            "area_info":"15평(52.83), 25평(83.76), 32평(108.1)",
            "last_sales":"2021-11-03,118000.0,32평(108.1)"
        },
        {
            "index":468,
            "아파트명":"영풍마드레빌",
            "투자타입":"일반",
            "전용면적(m2)":"74.05",
            "전용면적(평)":"22평",
            "법정동주소":"서울시 강동구 성내동 593",
            "도로명주소":"서울시 강동구 성내로6다길 15",
            "세대수":0,
            "입주년차":20,
            "용적률점수":"--",
            "건폐율점수":"--",
            "세대당주차수":30,
            "난방방식":30,
            "공급면적":"--",
            "전용률":"--",
            "욕실수":100,
            "현관타입":100,
            "주거총점":31.5,
            "지역구공급총점":0.0,
            "역세권":80,
            "30분내 이동가능 거점":60,
            "1시간내 이동가능 거점":100,
            "교통총점":78.0,
            "백화점":100,
            "아울렛몰":80,
            "대형마트":80,
            "은행":100,
            "병원":60,
            "종합병원":100,
            "공원":100,
            "혐오시설":0,
            "인프라총점":89.0,
            "초등학군":85.91,
            "중학군":50.32,
            "학군총점":57.438,
            "인구수":50.5,
            "인구증감":13.51,
            "인구총점":39.403,
            "일자리":17.2,
            "소득수준":67.44,
            "일자리총점":32.272,
            "가치 총점":68.9157,
            "매매실거래년":20211211.0,
            "매매실거래가":113000.0,
            "전세실거래년":20160319.0,
            "전세실거래가":34000.0,
            "전세가율":39.17,
            "장기전세가율평균":60.27,
            "전세가율거품지수":21.1,
            "검색코드":3320,
            "세대수":132.0,
            "준공년월":"2002-07-03",
            "준공년차":21.0,
            "가까운역이름":"강동구청",
            "가까운역거리":427.57,
            "역세권여부":"역세권",
            "30분이내주요거점역":3,
            "1시간이내주요거점역":13,
            "3km이내백화점수":3,
            "5km이내아울렛몰수":1,
            "1km이내대형먀트수":1,
            "500m이내은행수":5,
            "500m이내병원수":16,
            "5km이내대형병원수":7,
            "500m이내공원수":3,
            "3km이내혐오시설수":0,
            "초등학교학업성취도":85.91,
            "중학교학업성취도":82.2,
            "용적률":299,
            "건폐율":25,
            "Y":37.527154,
            "X":127.123221,
            "rank":26.0,
            "area_info":"22평(74.05), 22평(74.17), 28평(94.03), 28평(94.04), 30평(99.18)",
            "last_sales":"2021-12-11,113000.0,30평(99.18)"
        },
        {
            "index":677,
            "아파트명":"유원",
            "투자타입":"일반",
            "전용면적(m2)":"76.28",
            "전용면적(평)":"23평",
            "법정동주소":"서울시 강동구 천호동 287-9",
            "도로명주소":"서울시 강동구 상암로12길 24",
            "세대수":0,
            "입주년차":0,
            "용적률점수":"--",
            "건폐율점수":"--",
            "세대당주차수":30,
            "난방방식":30,
            "공급면적":"--",
            "전용률":"--",
            "욕실수":50,
            "현관타입":100,
            "주거총점":22.5,
            "지역구공급총점":0.0,
            "역세권":80,
            "30분내 이동가능 거점":80,
            "1시간내 이동가능 거점":100,
            "교통총점":84.0,
            "백화점":100,
            "아울렛몰":80,
            "대형마트":100,
            "은행":70,
            "병원":80,
            "종합병원":100,
            "공원":100,
            "혐오시설":0,
            "인프라총점":91.0,
            "초등학군":88.8,
            "중학군":41.9,
            "학군총점":51.28,
            "인구수":50.5,
            "인구증감":13.51,
            "인구총점":39.403,
            "일자리":17.2,
            "소득수준":67.44,
            "일자리총점":32.272,
            "가치 총점":68.892,
            "매매실거래년":20210712.0,
            "매매실거래가":74600.0,
            "전세실거래년":20211120.0,
            "전세실거래가":30450.0,
            "전세가율":40.82,
            "장기전세가율평균":60.27,
            "전세가율거품지수":19.45,
            "검색코드":1003,
            "세대수":174.0,
            "준공년월":"1997-08-26",
            "준공년차":26.0,
            "가까운역이름":"암사",
            "가까운역거리":172.99,
            "역세권여부":"역세권",
            "30분이내주요거점역":4,
            "1시간이내주요거점역":14,
            "3km이내백화점수":1,
            "5km이내아울렛몰수":1,
            "1km이내대형먀트수":3,
            "500m이내은행수":3,
            "500m이내병원수":52,
            "5km이내대형병원수":5,
            "500m이내공원수":5,
            "3km이내혐오시설수":0,
            "초등학교학업성취도":88.8,
            "중학교학업성취도":69.1,
            "용적률":340,
            "건폐율":31,
            "Y":37.54867,
            "X":127.12784,
            "rank":27.0,
            "area_info":"23평(76.28), 29평(96.13), 29평(98.28)",
            "last_sales":"2021-07-12,74600.0,23평(76.28)"
        },
        {
            "index":647,
            "아파트명":"삼익",
            "투자타입":"일반",
            "전용면적(m2)":"86.97",
            "전용면적(평)":"26평",
            "법정동주소":"서울시 강동구 천호동 288-5",
            "도로명주소":"서울시 강동구 상암로12길 13",
            "세대수":0,
            "입주년차":0,
            "용적률점수":"--",
            "건폐율점수":"--",
            "세대당주차수":30,
            "난방방식":30,
            "공급면적":"--",
            "전용률":"--",
            "욕실수":50,
            "현관타입":100,
            "주거총점":22.5,
            "지역구공급총점":0.0,
            "역세권":80,
            "30분내 이동가능 거점":80,
            "1시간내 이동가능 거점":100,
            "교통총점":84.0,
            "백화점":100,
            "아울렛몰":80,
            "대형마트":100,
            "은행":70,
            "병원":80,
            "종합병원":100,
            "공원":100,
            "혐오시설":0,
            "인프라총점":91.0,
            "초등학군":87.28,
            "중학군":41.9,
            "학군총점":50.976,
            "인구수":50.5,
            "인구증감":13.51,
            "인구총점":39.403,
            "일자리":17.2,
            "소득수준":67.44,
            "일자리총점":32.272,
            "가치 총점":68.8464,
            "매매실거래년":20210512.0,
            "매매실거래가":85750.0,
            "전세실거래년":20200201.0,
            "전세실거래가":30000.0,
            "전세가율":40.54,
            "장기전세가율평균":60.27,
            "전세가율거품지수":19.73,
            "검색코드":1002,
            "세대수":150.0,
            "준공년월":"1997-12-03",
            "준공년차":26.0,
            "가까운역이름":"암사",
            "가까운역거리":197.12,
            "역세권여부":"역세권",
            "30분이내주요거점역":4,
            "1시간이내주요거점역":14,
            "3km이내백화점수":1,
            "5km이내아울렛몰수":1,
            "1km이내대형먀트수":3,
            "500m이내은행수":3,
            "500m이내병원수":51,
            "5km이내대형병원수":5,
            "500m이내공원수":6,
            "3km이내혐오시설수":0,
            "초등학교학업성취도":87.28,
            "중학교학업성취도":69.1,
            "용적률":295,
            "건폐율":29,
            "Y":37.54859,
            "X":127.12847,
            "rank":28.0,
            "area_info":"26평(86.97), 26평(87.33), 26평(87.01), 32평(106.82), 33평(111.33), 45평(150.55), 45평(151.1)",
            "last_sales":"2021-05-12,85750.0,32평(106.82)"
        },
        {
            "index":218,
            "아파트명":"한빛",
            "투자타입":"일반",
            "전용면적(m2)":"47.11",
            "전용면적(평)":"14평",
            "법정동주소":"서울시 강동구 길동 384-1",
            "도로명주소":"서울시 강동구 성안로 176",
            "세대수":30,
            "입주년차":20,
            "용적률점수":"--",
            "건폐율점수":"--",
            "세대당주차수":30,
            "난방방식":30,
            "공급면적":"--",
            "전용률":"--",
            "욕실수":50,
            "현관타입":100,
            "주거총점":37.0,
            "지역구공급총점":0.0,
            "역세권":80,
            "30분내 이동가능 거점":40,
            "1시간내 이동가능 거점":100,
            "교통총점":72.0,
            "백화점":100,
            "아울렛몰":80,
            "대형마트":100,
            "은행":100,
            "병원":100,
            "종합병원":100,
            "공원":100,
            "혐오시설":0,
            "인프라총점":96.0,
            "초등학군":83.29,
            "중학군":40.86,
            "학군총점":49.346,
            "인구수":50.5,
            "인구증감":13.51,
            "인구총점":39.403,
            "일자리":17.2,
            "소득수준":67.44,
            "일자리총점":32.272,
            "가치 총점":68.8019,
            "매매실거래년":20200523.0,
            "매매실거래가":52900.0,
            "전세실거래년":null,
            "전세실거래가":null,
            "전세가율":null,
            "장기전세가율평균":60.27,
            "전세가율거품지수":null,
            "검색코드":11980,
            "세대수":317.0,
            "준공년월":"2001-10-13",
            "준공년차":22.0,
            "가까운역이름":"길동",
            "가까운역거리":357.4,
            "역세권여부":"역세권",
            "30분이내주요거점역":2,
            "1시간이내주요거점역":14,
            "3km이내백화점수":1,
            "5km이내아울렛몰수":1,
            "1km이내대형먀트수":3,
            "500m이내은행수":9,
            "500m이내병원수":89,
            "5km이내대형병원수":6,
            "500m이내공원수":3,
            "3km이내혐오시설수":0,
            "초등학교학업성취도":83.29,
            "중학교학업성취도":68.1,
            "용적률":0,
            "건폐율":0,
            "Y":37.538326,
            "X":127.136005,
            "rank":29.0,
            "area_info":"14평(47.11), 15평(51.49), 18평(61.81), 21평(69.76), 21평(71.56), 22평(75.94), 24평(81.17), 25평(83.05), 25평(84.67), 26평(88.5), 27평(90.69), 27평(90.65), 28평(95.09), 29평(97.78), 29평(98.99), 30평(101.16), 34평(114.47)",
            "last_sales":"2020-05-23,52900.0,34평(114.47)"
        },
        {
            "index":590,
            "아파트명":"강동역신동아파밀리에",
            "투자타입":"일반",
            "전용면적(m2)":"126.59",
            "전용면적(평)":"38평",
            "법정동주소":"서울시 강동구 천호동 447-17",
            "도로명주소":"서울시 강동구 천호대로 1089",
            "세대수":0,
            "입주년차":80,
            "용적률점수":"--",
            "건폐율점수":"--",
            "세대당주차수":30,
            "난방방식":30,
            "공급면적":"--",
            "전용률":"--",
            "욕실수":100,
            "현관타입":100,
            "주거총점":43.5,
            "지역구공급총점":0.0,
            "역세권":80,
            "30분내 이동가능 거점":40,
            "1시간내 이동가능 거점":100,
            "교통총점":72.0,
            "백화점":100,
            "아울렛몰":80,
            "대형마트":100,
            "은행":70,
            "병원":80,
            "종합병원":100,
            "공원":100,
            "혐오시설":0,
            "인프라총점":91.0,
            "초등학군":83.29,
            "중학군":40.86,
            "학군총점":49.346,
            "인구수":50.5,
            "인구증감":13.51,
            "인구총점":39.403,
            "일자리":17.2,
            "소득수준":67.44,
            "일자리총점":32.272,
            "가치 총점":68.6019,
            "매매실거래년":20211130.0,
            "매매실거래가":150000.0,
            "전세실거래년":20211130.0,
            "전세실거래가":60000.0,
            "전세가율":47.06,
            "장기전세가율평균":60.27,
            "전세가율거품지수":13.21,
            "검색코드":105574,
            "세대수":230.0,
            "준공년월":"2015-07-30",
            "준공년차":8.0,
            "가까운역이름":"강동",
            "가까운역거리":123.44,
            "역세권여부":"역세권",
            "30분이내주요거점역":2,
            "1시간이내주요거점역":14,
            "3km이내백화점수":1,
            "5km이내아울렛몰수":1,
            "1km이내대형먀트수":2,
            "500m이내은행수":4,
            "500m이내병원수":55,
            "5km이내대형병원수":6,
            "500m이내공원수":3,
            "3km이내혐오시설수":0,
            "초등학교학업성취도":83.29,
            "중학교학업성취도":68.1,
            "용적률":451,
            "건폐율":29,
            "Y":37.536609,
            "X":127.133445,
            "rank":30.0,
            "area_info":"38평(126.59), 40평(133.83), 43평(144.3)",
            "last_sales":"2021-11-30,150000.0,43평(144.3)"
        },
        {
            "index":581,
            "아파트명":"강동상떼빌",
            "투자타입":"일반",
            "전용면적(m2)":"118.78",
            "전용면적(평)":"35평",
            "법정동주소":"서울시 강동구 천호동 450",
            "도로명주소":"서울시 강동구 천호대로 1065",
            "세대수":0,
            "입주년차":40,
            "용적률점수":"--",
            "건폐율점수":"--",
            "세대당주차수":60,
            "난방방식":30,
            "공급면적":"--",
            "전용률":"--",
            "욕실수":100,
            "현관타입":100,
            "주거총점":40.0,
            "지역구공급총점":0.0,
            "역세권":80,
            "30분내 이동가능 거점":40,
            "1시간내 이동가능 거점":100,
            "교통총점":72.0,
            "백화점":100,
            "아울렛몰":80,
            "대형마트":100,
            "은행":70,
            "병원":100,
            "종합병원":100,
            "공원":100,
            "혐오시설":0,
            "인프라총점":93.0,
            "초등학군":83.29,
            "중학군":40.86,
            "학군총점":49.346,
            "인구수":50.5,
            "인구증감":13.51,
            "인구총점":39.403,
            "일자리":17.2,
            "소득수준":67.44,
            "일자리총점":32.272,
            "가치 총점":68.5019,
            "매매실거래년":20210904.0,
            "매매실거래가":120000.0,
            "전세실거래년":20211214.0,
            "전세실거래가":68000.0,
            "전세가율":97.84,
            "장기전세가율평균":60.27,
            "전세가율거품지수":-37.57,
            "검색코드":18604,
            "세대수":110.0,
            "준공년월":"2007-03-30",
            "준공년차":16.0,
            "가까운역이름":"강동",
            "가까운역거리":228.0,
            "역세권여부":"역세권",
            "30분이내주요거점역":2,
            "1시간이내주요거점역":14,
            "3km이내백화점수":1,
            "5km이내아울렛몰수":1,
            "1km이내대형먀트수":2,
            "500m이내은행수":4,
            "500m이내병원수":82,
            "5km이내대형병원수":6,
            "500m이내공원수":2,
            "3km이내혐오시설수":0,
            "초등학교학업성취도":83.29,
            "중학교학업성취도":68.1,
            "용적률":627,
            "건폐율":49,
            "Y":37.537119,
            "X":127.130497,
            "rank":31.0,
            "area_info":"35평(118.78), 36평(119.49), 41평(136.98), 45평(151.59)",
            "last_sales":"2021-09-04,120000.0,45평(151.59)"
        },
        {
            "index":695,
            "아파트명":"천호삼성",
            "투자타입":"일반",
            "전용면적(m2)":"83.81",
            "전용면적(평)":"25평",
            "법정동주소":"서울시 강동구 천호동 528",
            "도로명주소":"서울시 강동구 성안로25길 6",
            "세대수":50,
            "입주년차":0,
            "용적률점수":"--",
            "건폐율점수":"--",
            "세대당주차수":60,
            "난방방식":30,
            "공급면적":"--",
            "전용률":"--",
            "욕실수":50,
            "현관타입":10,
            "주거총점":35.5,
            "지역구공급총점":0.0,
            "역세권":80,
            "30분내 이동가능 거점":40,
            "1시간내 이동가능 거점":100,
            "교통총점":72.0,
            "백화점":100,
            "아울렛몰":80,
            "대형마트":100,
            "은행":100,
            "병원":100,
            "종합병원":100,
            "공원":100,
            "혐오시설":0,
            "인프라총점":96.0,
            "초등학군":83.29,
            "중학군":40.86,
            "학군총점":49.346,
            "인구수":50.5,
            "인구증감":13.51,
            "인구총점":39.403,
            "일자리":17.2,
            "소득수준":67.44,
            "일자리총점":32.272,
            "가치 총점":68.5019,
            "매매실거래년":20210910.0,
            "매매실거래가":117500.0,
            "전세실거래년":20211110.0,
            "전세실거래가":55000.0,
            "전세가율":65.09,
            "장기전세가율평균":60.27,
            "전세가율거품지수":-4.82,
            "검색코드":997,
            "세대수":643.0,
            "준공년월":"1997-05-26",
            "준공년차":26.0,
            "가까운역이름":"강동",
            "가까운역거리":408.68,
            "역세권여부":"역세권",
            "30분이내주요거점역":2,
            "1시간이내주요거점역":12,
            "3km이내백화점수":1,
            "5km이내아울렛몰수":1,
            "1km이내대형먀트수":3,
            "500m이내은행수":7,
            "500m이내병원수":82,
            "5km이내대형병원수":6,
            "500m이내공원수":3,
            "3km이내혐오시설수":0,
            "초등학교학업성취도":83.29,
            "중학교학업성취도":68.1,
            "용적률":335,
            "건폐율":19,
            "Y":37.538722,
            "X":127.135299,
            "rank":32.0,
            "area_info":"25평(83.81), 33평(109.59), 42평(140.2)",
            "last_sales":"2021-09-10,117500.0,42평(140.2)"
        },
        {
            "index":726,
            "아파트명":"현대코아(천호아이파크)",
            "투자타입":"일반",
            "전용면적(m2)":"76.77",
            "전용면적(평)":"23평",
            "법정동주소":"서울시 강동구 천호동 565",
            "도로명주소":"서울시 강동구 천호대로 1095",
            "세대수":0,
            "입주년차":20,
            "용적률점수":"--",
            "건폐율점수":"--",
            "세대당주차수":80,
            "난방방식":30,
            "공급면적":"--",
            "전용률":"--",
            "욕실수":50,
            "현관타입":10,
            "주거총점":25.0,
            "지역구공급총점":0.0,
            "역세권":100,
            "30분내 이동가능 거점":40,
            "1시간내 이동가능 거점":100,
            "교통총점":82.0,
            "백화점":100,
            "아울렛몰":80,
            "대형마트":100,
            "은행":70,
            "병원":80,
            "종합병원":100,
            "공원":100,
            "혐오시설":0,
            "인프라총점":91.0,
            "초등학군":83.29,
            "중학군":40.86,
            "학군총점":49.346,
            "인구수":50.5,
            "인구증감":13.51,
            "인구총점":39.403,
            "일자리":17.2,
            "소득수준":67.44,
            "일자리총점":32.272,
            "가치 총점":68.4019,
            "매매실거래년":20201130.0,
            "매매실거래가":79000.0,
            "전세실거래년":20200128.0,
            "전세실거래가":32000.0,
            "전세가율":62.99,
            "장기전세가율평균":60.27,
            "전세가율거품지수":-2.72,
            "검색코드":3124,
            "세대수":185.0,
            "준공년월":"1999-02-02",
            "준공년차":24.0,
            "가까운역이름":"강동",
            "가까운역거리":99.6,
            "역세권여부":"초역세권",
            "30분이내주요거점역":2,
            "1시간이내주요거점역":12,
            "3km이내백화점수":1,
            "5km이내아울렛몰수":1,
            "1km이내대형먀트수":2,
            "500m이내은행수":4,
            "500m이내병원수":53,
            "5km이내대형병원수":6,
            "500m이내공원수":2,
            "3km이내혐오시설수":0,
            "초등학교학업성취도":83.29,
            "중학교학업성취도":68.1,
            "용적률":789,
            "건폐율":49,
            "Y":37.535926,
            "X":127.1336,
            "rank":33.0,
            "area_info":"23평(76.77), 26평(88.75), 35평(118.49), 37평(123.78), 52평(173.87), 53평(176.37), 61평(202.63)",
            "last_sales":"2020-11-30,79000.0,52평(173.87)"
        },
        {
            "index":707,
            "아파트명":"코오롱상가",
            "투자타입":"재건축",
            "전용면적(m2)":"68.68",
            "전용면적(평)":"20평",
            "법정동주소":"서울시 강동구 천호동 410-100",
            "도로명주소":"서울시 강동구 진황도로 12",
            "세대수":0,
            "입주년차":"--",
            "용적률점수":20,
            "건폐율점수":40,
            "세대당주차수":"--",
            "난방방식":"--",
            "공급면적":50,
            "전용률":80,
            "욕실수":"--",
            "현관타입":"--",
            "주거총점":22.5,
            "지역구공급총점":0.0,
            "역세권":80,
            "30분내 이동가능 거점":60,
            "1시간내 이동가능 거점":100,
            "교통총점":78.0,
            "백화점":100,
            "아울렛몰":80,
            "대형마트":100,
            "은행":70,
            "병원":100,
            "종합병원":100,
            "공원":100,
            "혐오시설":0,
            "인프라총점":93.0,
            "초등학군":84.2,
            "중학군":40.86,
            "학군총점":49.528,
            "인구수":50.5,
            "인구증감":13.51,
            "인구총점":39.403,
            "일자리":17.2,
            "소득수준":67.44,
            "일자리총점":32.272,
            "가치 총점":67.1292,
            "매매실거래년":20211021.0,
            "매매실거래가":87000.0,
            "전세실거래년":20190930.0,
            "전세실거래가":25000.0,
            "전세가율":29.94,
            "장기전세가율평균":60.27,
            "전세가율거품지수":30.33,
            "검색코드":1334,
            "세대수":198.0,
            "준공년월":"1988-11-19",
            "준공년차":35.0,
            "가까운역이름":"천호",
            "가까운역거리":421.74,
            "역세권여부":"역세권",
            "30분이내주요거점역":3,
            "1시간이내주요거점역":14,
            "3km이내백화점수":1,
            "5km이내아울렛몰수":1,
            "1km이내대형먀트수":2,
            "500m이내은행수":4,
            "500m이내병원수":128,
            "5km이내대형병원수":7,
            "500m이내공원수":3,
            "3km이내혐오시설수":0,
            "초등학교학업성취도":84.2,
            "중학교학업성취도":68.1,
            "용적률":271,
            "건폐율":39,
            "Y":37.53915,
            "X":127.12826,
            "rank":34.0,
            "area_info":"20평(68.68), 22평(73.03), 24평(82.42), 25평(84.38), 26평(87.45), 29평(96.45), 30평(100.47)",
            "last_sales":"2021-10-21,87000.0,30평(100.47)"
        },
        {
            "index":609,
            "아파트명":"동아코아",
            "투자타입":"일반",
            "전용면적(m2)":"50.66",
            "전용면적(평)":"15평",
            "법정동주소":"서울시 강동구 천호동 563",
            "도로명주소":"서울시 강동구 구천면로 189",
            "세대수":0,
            "입주년차":0,
            "용적률점수":"--",
            "건폐율점수":"--",
            "세대당주차수":80,
            "난방방식":30,
            "공급면적":"--",
            "전용률":"--",
            "욕실수":50,
            "현관타입":10,
            "주거총점":21.0,
            "지역구공급총점":0.0,
            "역세권":80,
            "30분내 이동가능 거점":60,
            "1시간내 이동가능 거점":100,
            "교통총점":78.0,
            "백화점":100,
            "아울렛몰":80,
            "대형마트":100,
            "은행":70,
            "병원":100,
            "종합병원":100,
            "공원":100,
            "혐오시설":0,
            "인프라총점":93.0,
            "초등학군":87.28,
            "중학군":41.9,
            "학군총점":50.976,
            "인구수":50.5,
            "인구증감":13.51,
            "인구총점":39.403,
            "일자리":17.2,
            "소득수준":67.44,
            "일자리총점":32.272,
            "가치 총점":67.0464,
            "매매실거래년":20210618.0,
            "매매실거래가":100000.0,
            "전세실거래년":20150828.0,
            "전세실거래가":18000.0,
            "전세가율":47.24,
            "장기전세가율평균":60.27,
            "전세가율거품지수":13.03,
            "검색코드":998,
            "세대수":191.0,
            "준공년월":"1997-12-31",
            "준공년차":26.0,
            "가까운역이름":"천호",
            "가까운역거리":376.83,
            "역세권여부":"역세권",
            "30분이내주요거점역":3,
            "1시간이내주요거점역":14,
            "3km이내백화점수":1,
            "5km이내아울렛몰수":1,
            "1km이내대형먀트수":2,
            "500m이내은행수":4,
            "500m이내병원수":121,
            "5km이내대형병원수":7,
            "500m이내공원수":4,
            "3km이내혐오시설수":0,
            "초등학교학업성취도":87.28,
            "중학교학업성취도":69.1,
            "용적률":560,
            "건폐율":52,
            "Y":37.541239,
            "X":127.1259,
            "rank":35.0,
            "area_info":"15평(50.66), 16평(55.77), 21평(70.43), 22평(75.55), 25평(82.75), 26평(88.15), 30평(100.47), 31평(104.34), 33평(109.74), 33평(111.53), 36평(121.36), 39평(129.52), 41평(138.24), 44평(147.51), 49평(164.54), 51평(169.1), 52평(174.5)",
            "last_sales":"2021-06-18,100000.0,52평(174.5)"
        },
        {
            "index":252,
            "아파트명":"희훈리치파크",
            "투자타입":"일반",
            "전용면적(m2)":"93.73",
            "전용면적(평)":"28평",
            "법정동주소":"서울시 강동구 길동 472",
            "도로명주소":"서울시 강동구 천중로44길 40",
            "세대수":0,
            "입주년차":20,
            "용적률점수":"--",
            "건폐율점수":"--",
            "세대당주차수":30,
            "난방방식":30,
            "공급면적":"--",
            "전용률":"--",
            "욕실수":100,
            "현관타입":100,
            "주거총점":31.5,
            "지역구공급총점":0.0,
            "역세권":80,
            "30분내 이동가능 거점":40,
            "1시간내 이동가능 거점":100,
            "교통총점":72.0,
            "백화점":100,
            "아울렛몰":80,
            "대형마트":80,
            "은행":100,
            "병원":100,
            "종합병원":100,
            "공원":100,
            "혐오시설":0,
            "인프라총점":93.0,
            "초등학군":83.29,
            "중학군":40.86,
            "학군총점":49.346,
            "인구수":50.5,
            "인구증감":13.51,
            "인구총점":39.403,
            "일자리":17.2,
            "소득수준":67.44,
            "일자리총점":32.272,
            "가치 총점":66.8019,
            "매매실거래년":20200713.0,
            "매매실거래가":60500.0,
            "전세실거래년":20210426.0,
            "전세실거래가":60000.0,
            "전세가율":204.08,
            "장기전세가율평균":60.27,
            "전세가율거품지수":-143.81,
            "검색코드":10069,
            "세대수":102.0,
            "준공년월":"2002-12-12",
            "준공년차":21.0,
            "가까운역이름":"길동",
            "가까운역거리":191.04,
            "역세권여부":"역세권",
            "30분이내주요거점역":2,
            "1시간이내주요거점역":12,
            "3km이내백화점수":1,
            "5km이내아울렛몰수":1,
            "1km이내대형먀트수":1,
            "500m이내은행수":6,
            "500m이내병원수":60,
            "5km이내대형병원수":6,
            "500m이내공원수":3,
            "3km이내혐오시설수":0,
            "초등학교학업성취도":83.29,
            "중학교학업성취도":68.1,
            "용적률":268,
            "건폐율":31,
            "Y":37.53947,
            "X":127.13949,
            "rank":36.0,
            "area_info":"28평(93.73), 29평(97.36), 29평(98.49), 31평(103.8), 32평(105.93), 32평(105.9)",
            "last_sales":"2020-07-13,60500.0,32평(105.9)"
        },
        {
            "index":296,
            "아파트명":"삼익그린11차",
            "투자타입":"재건축",
            "전용면적(m2)":"94.49",
            "전용면적(평)":"28평",
            "법정동주소":"서울시 강동구 명일동 38",
            "도로명주소":"서울시 강동구 명일로 376",
            "세대수":0,
            "입주년차":"--",
            "용적률점수":80,
            "건폐율점수":100,
            "세대당주차수":"--",
            "난방방식":"--",
            "공급면적":70,
            "전용률":60,
            "욕실수":"--",
            "현관타입":"--",
            "주거총점":58.5,
            "지역구공급총점":0.0,
            "역세권":80,
            "30분내 이동가능 거점":0,
            "1시간내 이동가능 거점":90,
            "교통총점":58.0,
            "백화점":100,
            "아울렛몰":0,
            "대형마트":100,
            "은행":100,
            "병원":80,
            "종합병원":100,
            "공원":100,
            "혐오시설":0,
            "인프라총점":86.0,
            "초등학군":93.1,
            "중학군":45.76,
            "학군총점":55.228,
            "인구수":50.5,
            "인구증감":13.51,
            "인구총점":39.403,
            "일자리":17.2,
            "소득수준":67.44,
            "일자리총점":32.272,
            "가치 총점":66.0842,
            "매매실거래년":20210728.0,
            "매매실거래가":116000.0,
            "전세실거래년":20211206.0,
            "전세실거래가":55000.0,
            "전세가율":47.41,
            "장기전세가율평균":60.27,
            "전세가율거품지수":12.86,
            "검색코드":8853,
            "세대수":152.0,
            "준공년월":"1986-06-30",
            "준공년차":37.0,
            "가까운역이름":"고덕",
            "가까운역거리":459.18,
            "역세권여부":"역세권",
            "30분이내주요거점역":0,
            "1시간이내주요거점역":9,
            "3km이내백화점수":1,
            "5km이내아울렛몰수":0,
            "1km이내대형먀트수":3,
            "500m이내은행수":6,
            "500m이내병원수":52,
            "5km이내대형병원수":4,
            "500m이내공원수":4,
            "3km이내혐오시설수":0,
            "초등학교학업성취도":93.1,
            "중학교학업성취도":75.8,
            "용적률":179,
            "건폐율":13,
            "Y":37.55189,
            "X":127.15073,
            "rank":37.0,
            "area_info":"28평(94.49), 30평(100.89), 45평(149.3)",
            "last_sales":"2021-07-28,116000.0,28평(94.49)"
        },
        {
            "index":285,
            "아파트명":"명일LG",
            "투자타입":"일반",
            "전용면적(m2)":"81.74",
            "전용면적(평)":"24평",
            "법정동주소":"서울시 강동구 명일동 332",
            "도로명주소":"서울시 강동구 상암로51길 61",
            "세대수":80,
            "입주년차":20,
            "용적률점수":"--",
            "건폐율점수":"--",
            "세대당주차수":30,
            "난방방식":30,
            "공급면적":"--",
            "전용률":"--",
            "욕실수":50,
            "현관타입":10,
            "주거총점":45.5,
            "지역구공급총점":0.0,
            "역세권":80,
            "30분내 이동가능 거점":40,
            "1시간내 이동가능 거점":90,
            "교통총점":70.0,
            "백화점":100,
            "아울렛몰":0,
            "대형마트":100,
            "은행":20,
            "병원":80,
            "종합병원":100,
            "공원":100,
            "혐오시설":0,
            "인프라총점":78.0,
            "초등학군":91.54,
            "중학군":50.94,
            "학군총점":59.06,
            "인구수":50.5,
            "인구증감":13.51,
            "인구총점":39.403,
            "일자리":17.2,
            "소득수준":67.44,
            "일자리총점":32.272,
            "가치 총점":65.859,
            "매매실거래년":20211129.0,
            "매매실거래가":92000.0,
            "전세실거래년":20211122.0,
            "전세실거래가":50000.0,
            "전세가율":54.35,
            "장기전세가율평균":60.27,
            "전세가율거품지수":5.92,
            "검색코드":903,
            "세대수":772.0,
            "준공년월":"1999-12-27",
            "준공년차":24.0,
            "가까운역이름":"명일",
            "가까운역거리":314.12,
            "역세권여부":"역세권",
            "30분이내주요거점역":2,
            "1시간이내주요거점역":9,
            "3km이내백화점수":1,
            "5km이내아울렛몰수":0,
            "1km이내대형먀트수":3,
            "500m이내은행수":2,
            "500m이내병원수":57,
            "5km이내대형병원수":4,
            "500m이내공원수":9,
            "3km이내혐오시설수":0,
            "초등학교학업성취도":91.54,
            "중학교학업성취도":82.9,
            "용적률":380,
            "건폐율":27,
            "Y":37.549082,
            "X":127.146089,
            "rank":38.0,
            "area_info":"24평(81.74), 24평(81.18), 32평(107.96), 33평(111.53), 35평(116.04)",
            "last_sales":"2021-11-29,92000.0,24평(81.74)"
        },
        {
            "index":557,
            "아파트명":"중앙하이츠",
            "투자타입":"일반",
            "전용면적(m2)":"70.71",
            "전용면적(평)":"21평",
            "법정동주소":"서울시 강동구 암사동 493-14",
            "도로명주소":"서울시 강동구 올림픽로98가길 47",
            "세대수":0,
            "입주년차":0,
            "용적률점수":"--",
            "건폐율점수":"--",
            "세대당주차수":30,
            "난방방식":30,
            "공급면적":"--",
            "전용률":"--",
            "욕실수":50,
            "현관타입":10,
            "주거총점":13.5,
            "지역구공급총점":0.0,
            "역세권":80,
            "30분내 이동가능 거점":60,
            "1시간내 이동가능 거점":100,
            "교통총점":78.0,
            "백화점":100,
            "아울렛몰":80,
            "대형마트":100,
            "은행":70,
            "병원":80,
            "종합병원":100,
            "공원":100,
            "혐오시설":0,
            "인프라총점":91.0,
            "초등학군":87.28,
            "중학군":48.28,
            "학군총점":56.08,
            "인구수":50.5,
            "인구증감":13.51,
            "인구총점":39.403,
            "일자리":17.2,
            "소득수준":67.44,
            "일자리총점":32.272,
            "가치 총점":65.712,
            "매매실거래년":20201024.0,
            "매매실거래가":65000.0,
            "전세실거래년":20191008.0,
            "전세실거래가":26000.0,
            "전세가율":70.27,
            "장기전세가율평균":60.27,
            "전세가율거품지수":-10.0,
            "검색코드":904,
            "세대수":126.0,
            "준공년월":"1998-07-29",
            "준공년차":25.0,
            "가까운역이름":"암사",
            "가까운역거리":396.84,
            "역세권여부":"역세권",
            "30분이내주요거점역":3,
            "1시간이내주요거점역":13,
            "3km이내백화점수":1,
            "5km이내아울렛몰수":1,
            "1km이내대형먀트수":2,
            "500m이내은행수":3,
            "500m이내병원수":55,
            "5km이내대형병원수":5,
            "500m이내공원수":3,
            "3km이내혐오시설수":0,
            "초등학교학업성취도":87.28,
            "중학교학업성취도":79.2,
            "용적률":278,
            "건폐율":30,
            "Y":37.55124,
            "X":127.131872,
            "rank":39.0,
            "area_info":"21평(70.71), 24평(79.49), 42평(139.38)",
            "last_sales":"2020-10-24,65000.0,42평(139.38)"
        },
        {
            "index":585,
            "아파트명":"강동역두산위브센티움",
            "투자타입":"일반",
            "전용면적(m2)":"35.59",
            "전용면적(평)":"10평",
            "법정동주소":"서울시 강동구 천호동 155-5",
            "도로명주소":"서울시 강동구 성안로 155",
            "세대수":0,
            "입주년차":40,
            "용적률점수":"--",
            "건폐율점수":"--",
            "세대당주차수":30,
            "난방방식":30,
            "공급면적":"--",
            "전용률":"--",
            "욕실수":50,
            "현관타입":10,
            "주거총점":21.5,
            "지역구공급총점":0.0,
            "역세권":80,
            "30분내 이동가능 거점":40,
            "1시간내 이동가능 거점":100,
            "교통총점":72.0,
            "백화점":100,
            "아울렛몰":80,
            "대형마트":100,
            "은행":100,
            "병원":100,
            "종합병원":100,
            "공원":100,
            "혐오시설":0,
            "인프라총점":96.0,
            "초등학군":83.29,
            "중학군":40.86,
            "학군총점":49.346,
            "인구수":50.5,
            "인구증감":13.51,
            "인구총점":39.403,
            "일자리":17.2,
            "소득수준":67.44,
            "일자리총점":32.272,
            "가치 총점":65.7019,
            "매매실거래년":20210910.0,
            "매매실거래가":78200.0,
            "전세실거래년":20200713.0,
            "전세실거래가":17500.0,
            "전세가율":72.92,
            "장기전세가율평균":60.27,
            "전세가율거품지수":-12.65,
            "검색코드":14365,
            "세대수":140.0,
            "준공년월":"2004-05-03",
            "준공년차":19.0,
            "가까운역이름":"강동",
            "가까운역거리":264.37,
            "역세권여부":"역세권",
            "30분이내주요거점역":2,
            "1시간이내주요거점역":13,
            "3km이내백화점수":1,
            "5km이내아울렛몰수":1,
            "1km이내대형먀트수":2,
            "500m이내은행수":7,
            "500m이내병원수":84,
            "5km이내대형병원수":6,
            "500m이내공원수":3,
            "3km이내혐오시설수":0,
            "초등학교학업성취도":83.29,
            "중학교학업성취도":68.1,
            "용적률":599,
            "건폐율":49,
            "Y":37.537161,
            "X":127.134943,
            "rank":40.0,
            "area_info":"10평(35.59), 19평(65.38), 24평(82.21), 24평(82.21), 26평(88.83)",
            "last_sales":"2021-09-10,78200.0,26평(88.83)"
        },
        {
            "index":214,
            "아파트명":"청광플러스원큐브3차(도시형)",
            "투자타입":"일반",
            "전용면적(m2)":"22.35",
            "전용면적(평)":"6평",
            "법정동주소":"서울시 강동구 길동 415-16",
            "도로명주소":"서울시 강동구 진황도로 87",
            "세대수":0,
            "입주년차":80,
            "용적률점수":"--",
            "건폐율점수":"--",
            "세대당주차수":0,
            "난방방식":30,
            "공급면적":"--",
            "전용률":"--",
            "욕실수":50,
            "현관타입":10,
            "주거총점":25.0,
            "지역구공급총점":0.0,
            "역세권":80,
            "30분내 이동가능 거점":40,
            "1시간내 이동가능 거점":100,
            "교통총점":72.0,
            "백화점":100,
            "아울렛몰":80,
            "대형마트":80,
            "은행":100,
            "병원":100,
            "종합병원":100,
            "공원":100,
            "혐오시설":0,
            "인프라총점":93.0,
            "초등학군":83.29,
            "중학군":40.86,
            "학군총점":49.346,
            "인구수":50.5,
            "인구증감":13.51,
            "인구총점":39.403,
            "일자리":17.2,
            "소득수준":67.44,
            "일자리총점":32.272,
            "가치 총점":65.5019,
            "매매실거래년":20211230.0,
            "매매실거래가":10800.0,
            "전세실거래년":20220114.0,
            "전세실거래가":12600.0,
            "전세가율":116.67,
            "장기전세가율평균":60.27,
            "전세가율거품지수":-56.4,
            "검색코드":107583,
            "세대수":207.0,
            "준공년월":"2014-10-06",
            "준공년차":9.0,
            "가까운역이름":"길동",
            "가까운역거리":347.86,
            "역세권여부":"역세권",
            "30분이내주요거점역":2,
            "1시간이내주요거점역":13,
            "3km이내백화점수":1,
            "5km이내아울렛몰수":1,
            "1km이내대형먀트수":1,
            "500m이내은행수":9,
            "500m이내병원수":96,
            "5km이내대형병원수":6,
            "500m이내공원수":2,
            "3km이내혐오시설수":0,
            "초등학교학업성취도":83.29,
            "중학교학업성취도":68.1,
            "용적률":769,
            "건폐율":57,
            "Y":37.536451,
            "X":127.136445,
            "rank":41.0,
            "area_info":"6평(22.35), 7평(25.68)",
            "last_sales":"2021-12-30,10800.0,6평(22.35)"
        },
        {
            "index":207,
            "아파트명":"신동아1,2차",
            "투자타입":"재건축",
            "전용면적(m2)":"64.56",
            "전용면적(평)":"19평",
            "법정동주소":"서울시 강동구 길동 160",
            "도로명주소":"서울시 강동구 천중로 264",
            "세대수":90,
            "입주년차":"--",
            "용적률점수":80,
            "건폐율점수":100,
            "세대당주차수":"--",
            "난방방식":"--",
            "공급면적":50,
            "전용률":100,
            "욕실수":"--",
            "현관타입":"--",
            "주거총점":86.5,
            "지역구공급총점":0.0,
            "역세권":50,
            "30분내 이동가능 거점":20,
            "1시간내 이동가능 거점":80,
            "교통총점":47.0,
            "백화점":100,
            "아울렛몰":80,
            "대형마트":80,
            "은행":20,
            "병원":30,
            "종합병원":100,
            "공원":80,
            "혐오시설":0,
            "인프라총점":77.4,
            "초등학군":86.3,
            "중학군":48.76,
            "학군총점":56.268,
            "인구수":50.5,
            "인구증감":13.51,
            "인구총점":39.403,
            "일자리":17.2,
            "소득수준":67.44,
            "일자리총점":32.272,
            "가치 총점":65.4102,
            "매매실거래년":20210330.0,
            "매매실거래가":72000.0,
            "전세실거래년":20181030.0,
            "전세실거래가":10000.0,
            "전세가율":13.89,
            "장기전세가율평균":60.27,
            "전세가율거품지수":46.38,
            "검색코드":1287,
            "세대수":972.0,
            "준공년월":"1983-06-09",
            "준공년차":40.0,
            "가까운역이름":"길동",
            "가까운역거리":862.1,
            "역세권여부":"준역세권",
            "30분이내주요거점역":1,
            "1시간이내주요거점역":8,
            "3km이내백화점수":1,
            "5km이내아울렛몰수":1,
            "1km이내대형먀트수":1,
            "500m이내은행수":2,
            "500m이내병원수":9,
            "5km이내대형병원수":4,
            "500m이내공원수":1,
            "3km이내혐오시설수":0,
            "초등학교학업성취도":86.3,
            "중학교학업성취도":80.0,
            "용적률":167,
            "건폐율":15,
            "Y":37.539609,
            "X":127.149512,
            "rank":42.0,
            "area_info":"19평(64.56), 23평(78.45), 28평(92.7), 33평(111.51)",
            "last_sales":"2021-03-30,72000.0,19평(64.56)"
        },
        {
            "index":473,
            "아파트명":"코오롱1차",
            "투자타입":"일반",
            "전용면적(m2)":"89.31",
            "전용면적(평)":"27평",
            "법정동주소":"서울시 강동구 성내동 196-8",
            "도로명주소":"서울시 강동구 천호대로168길 25",
            "세대수":0,
            "입주년차":20,
            "용적률점수":"--",
            "건폐율점수":"--",
            "세대당주차수":30,
            "난방방식":30,
            "공급면적":"--",
            "전용률":"--",
            "욕실수":50,
            "현관타입":100,
            "주거총점":26.5,
            "지역구공급총점":0.0,
            "역세권":80,
            "30분내 이동가능 거점":40,
            "1시간내 이동가능 거점":100,
            "교통총점":72.0,
            "백화점":100,
            "아울렛몰":80,
            "대형마트":100,
            "은행":70,
            "병원":80,
            "종합병원":100,
            "공원":100,
            "혐오시설":0,
            "인프라총점":91.0,
            "초등학군":86.87,
            "중학군":40.86,
            "학군총점":50.062,
            "인구수":50.5,
            "인구증감":13.51,
            "인구총점":39.403,
            "일자리":17.2,
            "소득수준":67.44,
            "일자리총점":32.272,
            "가치 총점":65.3093,
            "매매실거래년":20200905.0,
            "매매실거래가":95000.0,
            "전세실거래년":20211014.0,
            "전세실거래가":45000.0,
            "전세가율":70.31,
            "장기전세가율평균":60.27,
            "전세가율거품지수":-10.04,
            "검색코드":3110,
            "세대수":257.0,
            "준공년월":"1999-05-18",
            "준공년차":24.0,
            "가까운역이름":"강동",
            "가까운역거리":152.81,
            "역세권여부":"역세권",
            "30분이내주요거점역":2,
            "1시간이내주요거점역":14,
            "3km이내백화점수":1,
            "5km이내아울렛몰수":1,
            "1km이내대형먀트수":2,
            "500m이내은행수":3,
            "500m이내병원수":50,
            "5km이내대형병원수":6,
            "500m이내공원수":2,
            "3km이내혐오시설수":0,
            "초등학교학업성취도":86.87,
            "중학교학업성취도":68.1,
            "용적률":351,
            "건폐율":54,
            "Y":37.53443,
            "X":127.13245,
            "rank":43.0,
            "area_info":"27평(89.31), 27평(90.4), 32평(107.87), 36평(121.35), 42평(141.88), 43평(143.53)",
            "last_sales":"2020-09-05,95000.0,43평(143.53)"
        },
        {
            "index":327,
            "아파트명":"형인허브빌",
            "투자타입":"일반",
            "전용면적(m2)":"101.92",
            "전용면적(평)":"30평",
            "법정동주소":"서울시 강동구 명일동 354",
            "도로명주소":"서울시 강동구 상암로49길 13",
            "세대수":0,
            "입주년차":20,
            "용적률점수":"--",
            "건폐율점수":"--",
            "세대당주차수":30,
            "난방방식":30,
            "공급면적":"--",
            "전용률":"--",
            "욕실수":100,
            "현관타입":100,
            "주거총점":31.5,
            "지역구공급총점":0.0,
            "역세권":80,
            "30분내 이동가능 거점":40,
            "1시간내 이동가능 거점":100,
            "교통총점":72.0,
            "백화점":100,
            "아울렛몰":0,
            "대형마트":100,
            "은행":70,
            "병원":80,
            "종합병원":100,
            "공원":100,
            "혐오시설":0,
            "인프라총점":83.0,
            "초등학군":91.54,
            "중학군":50.94,
            "학군총점":59.06,
            "인구수":50.5,
            "인구증감":13.51,
            "인구총점":39.403,
            "일자리":17.2,
            "소득수준":67.44,
            "일자리총점":32.272,
            "가치 총점":65.259,
            "매매실거래년":20180317.0,
            "매매실거래가":50500.0,
            "전세실거래년":20210224.0,
            "전세실거래가":43000.0,
            "전세가율":120.79,
            "장기전세가율평균":60.27,
            "전세가율거품지수":-60.52,
            "검색코드":9707,
            "세대수":103.0,
            "준공년월":"2002-11-04",
            "준공년차":21.0,
            "가까운역이름":"굽은다리",
            "가까운역거리":228.94,
            "역세권여부":"역세권",
            "30분이내주요거점역":2,
            "1시간이내주요거점역":13,
            "3km이내백화점수":1,
            "5km이내아울렛몰수":0,
            "1km이내대형먀트수":3,
            "500m이내은행수":3,
            "500m이내병원수":55,
            "5km이내대형병원수":4,
            "500m이내공원수":4,
            "3km이내혐오시설수":0,
            "초등학교학업성취도":91.54,
            "중학교학업성취도":82.9,
            "용적률":297,
            "건폐율":28,
            "Y":37.547088,
            "X":127.14447,
            "rank":44.0,
            "area_info":"30평(101.92), 31평(103.79), 31평(103.21), 32평(106.01)",
            "last_sales":"2018-03-17,50500.0,32평(106.01)"
        },
        {
            "index":701,
            "아파트명":"천호태영",
            "투자타입":"일반",
            "전용면적(m2)":"82.88",
            "전용면적(평)":"25평",
            "법정동주소":"서울시 강동구 천호동 566",
            "도로명주소":"서울시 강동구 천호대로 1055",
            "세대수":50,
            "입주년차":20,
            "용적률점수":"--",
            "건폐율점수":"--",
            "세대당주차수":0,
            "난방방식":30,
            "공급면적":"--",
            "전용률":"--",
            "욕실수":50,
            "현관타입":10,
            "주거총점":30.5,
            "지역구공급총점":0.0,
            "역세권":80,
            "30분내 이동가능 거점":40,
            "1시간내 이동가능 거점":100,
            "교통총점":72.0,
            "백화점":100,
            "아울렛몰":80,
            "대형마트":100,
            "은행":20,
            "병원":100,
            "종합병원":100,
            "공원":100,
            "혐오시설":0,
            "인프라총점":88.0,
            "초등학군":84.2,
            "중학군":40.86,
            "학군총점":49.528,
            "인구수":50.5,
            "인구증감":13.51,
            "인구총점":39.403,
            "일자리":17.2,
            "소득수준":67.44,
            "일자리총점":32.272,
            "가치 총점":65.1292,
            "매매실거래년":20210708.0,
            "매매실거래가":125000.0,
            "전세실거래년":20210814.0,
            "전세실거래가":36750.0,
            "전세가율":39.52,
            "장기전세가율평균":60.27,
            "전세가율거품지수":20.75,
            "검색코드":1004,
            "세대수":649.0,
            "준공년월":"1999-11-20",
            "준공년차":24.0,
            "가까운역이름":"강동",
            "가까운역거리":372.67,
            "역세권여부":"역세권",
            "30분이내주요거점역":2,
            "1시간이내주요거점역":14,
            "3km이내백화점수":1,
            "5km이내아울렛몰수":1,
            "1km이내대형먀트수":2,
            "500m이내은행수":2,
            "500m이내병원수":89,
            "5km이내대형병원수":6,
            "500m이내공원수":2,
            "3km이내혐오시설수":0,
            "초등학교학업성취도":84.2,
            "중학교학업성취도":68.1,
            "용적률":315,
            "건폐율":20,
            "Y":37.538494,
            "X":127.12996,
            "rank":45.0,
            "area_info":"25평(82.88), 32평(108.87), 33평(109.71), 42평(139.13), 42평(141.65), 43평(142.31)",
            "last_sales":"2021-07-08,125000.0,43평(142.31)"
        },
        {
            "index":445,
            "아파트명":"성내e-편한세상1차",
            "투자타입":"일반",
            "전용면적(m2)":"96.41",
            "전용면적(평)":"29평",
            "법정동주소":"서울시 강동구 성내동 598",
            "도로명주소":"서울시 강동구 천호대로168길 58",
            "세대수":0,
            "입주년차":20,
            "용적률점수":"--",
            "건폐율점수":"--",
            "세대당주차수":60,
            "난방방식":30,
            "공급면적":"--",
            "전용률":"--",
            "욕실수":100,
            "현관타입":100,
            "주거총점":36.0,
            "지역구공급총점":0.0,
            "역세권":80,
            "30분내 이동가능 거점":40,
            "1시간내 이동가능 거점":100,
            "교통총점":72.0,
            "백화점":100,
            "아울렛몰":80,
            "대형마트":80,
            "은행":20,
            "병원":80,
            "종합병원":100,
            "공원":100,
            "혐오시설":0,
            "인프라총점":83.0,
            "초등학군":86.87,
            "중학군":40.86,
            "학군총점":50.062,
            "인구수":50.5,
            "인구증감":13.51,
            "인구총점":39.403,
            "일자리":17.2,
            "소득수준":67.44,
            "일자리총점":32.272,
            "가치 총점":64.8093,
            "매매실거래년":20191017.0,
            "매매실거래가":84500.0,
            "전세실거래년":20210830.0,
            "전세실거래가":68000.0,
            "전세가율":120.35,
            "장기전세가율평균":60.27,
            "전세가율거품지수":-60.08,
            "검색코드":9053,
            "세대수":203.0,
            "준공년월":"2003-11-14",
            "준공년차":20.0,
            "가까운역이름":"강동",
            "가까운역거리":312.81,
            "역세권여부":"역세권",
            "30분이내주요거점역":2,
            "1시간이내주요거점역":13,
            "3km이내백화점수":1,
            "5km이내아울렛몰수":1,
            "1km이내대형먀트수":1,
            "500m이내은행수":2,
            "500m이내병원수":42,
            "5km이내대형병원수":6,
            "500m이내공원수":2,
            "3km이내혐오시설수":0,
            "초등학교학업성취도":86.87,
            "중학교학업성취도":68.1,
            "용적률":225,
            "건폐율":21,
            "Y":37.533151,
            "X":127.131301,
            "rank":46.0,
            "area_info":"29평(96.41), 31평(104.76), 33평(110.52), 34평(114.42), 34평(114.93), 40평(133.2), 43평(142.24), 43평(144.61)",
            "last_sales":"2019-10-17,84500.0,43평(144.61)"
        },
        {
            "index":160,
            "아파트명":"길동청광플러스원큐브1차(도시형)",
            "투자타입":"일반",
            "전용면적(m2)":"25.05",
            "전용면적(평)":"7평",
            "법정동주소":"서울시 강동구 길동 387-5",
            "도로명주소":"서울시 강동구 천중로42길 70",
            "세대수":0,
            "입주년차":60,
            "용적률점수":"--",
            "건폐율점수":"--",
            "세대당주차수":0,
            "난방방식":30,
            "공급면적":"--",
            "전용률":"--",
            "욕실수":50,
            "현관타입":10,
            "주거총점":21.0,
            "지역구공급총점":0.0,
            "역세권":80,
            "30분내 이동가능 거점":40,
            "1시간내 이동가능 거점":100,
            "교통총점":72.0,
            "백화점":100,
            "아울렛몰":80,
            "대형마트":80,
            "은행":100,
            "병원":100,
            "종합병원":100,
            "공원":100,
            "혐오시설":0,
            "인프라총점":93.0,
            "초등학군":83.29,
            "중학군":40.86,
            "학군총점":49.346,
            "인구수":50.5,
            "인구증감":13.51,
            "인구총점":39.403,
            "일자리":17.2,
            "소득수준":67.44,
            "일자리총점":32.272,
            "가치 총점":64.7019,
            "매매실거래년":"18000101",
            "매매실거래가":null,
            "전세실거래년":null,
            "전세실거래가":null,
            "전세가율":null,
            "장기전세가율평균":60.27,
            "전세가율거품지수":null,
            "검색코드":105873,
            "세대수":112.0,
            "준공년월":"2012-11-21",
            "준공년차":11.0,
            "가까운역이름":"길동",
            "가까운역거리":147.79,
            "역세권여부":"역세권",
            "30분이내주요거점역":2,
            "1시간이내주요거점역":11,
            "3km이내백화점수":1,
            "5km이내아울렛몰수":1,
            "1km이내대형먀트수":1,
            "500m이내은행수":9,
            "500m이내병원수":96,
            "5km이내대형병원수":6,
            "500m이내공원수":4,
            "3km이내혐오시설수":0,
            "초등학교학업성취도":83.29,
            "중학교학업성취도":68.1,
            "용적률":499,
            "건폐율":47,
            "Y":37.537961,
            "X":127.13834,
            "rank":47.0,
            "area_info":"7평(25.05), 7평(25.63)",
            "last_sales":"1800-01-01,nan,7평(25.05)"
        },
        {
            "index":137,
            "아파트명":"강동큐브2차(도시형)",
            "투자타입":"일반",
            "전용면적(m2)":"19.98",
            "전용면적(평)":"6평",
            "법정동주소":"서울시 강동구 길동 415-13",
            "도로명주소":"서울시 강동구 진황도로 85",
            "세대수":0,
            "입주년차":60,
            "용적률점수":"--",
            "건폐율점수":"--",
            "세대당주차수":0,
            "난방방식":30,
            "공급면적":"--",
            "전용률":"--",
            "욕실수":50,
            "현관타입":10,
            "주거총점":21.0,
            "지역구공급총점":0.0,
            "역세권":80,
            "30분내 이동가능 거점":40,
            "1시간내 이동가능 거점":100,
            "교통총점":72.0,
            "백화점":100,
            "아울렛몰":80,
            "대형마트":80,
            "은행":100,
            "병원":100,
            "종합병원":100,
            "공원":100,
            "혐오시설":0,
            "인프라총점":93.0,
            "초등학군":83.29,
            "중학군":40.86,
            "학군총점":49.346,
            "인구수":50.5,
            "인구증감":13.51,
            "인구총점":39.403,
            "일자리":17.2,
            "소득수준":67.44,
            "일자리총점":32.272,
            "가치 총점":64.7019,
            "매매실거래년":20211106.0,
            "매매실거래가":11200.0,
            "전세실거래년":20211117.0,
            "전세실거래가":10900.0,
            "전세가율":100.0,
            "장기전세가율평균":60.27,
            "전세가율거품지수":-39.73,
            "검색코드":105870,
            "세대수":236.0,
            "준공년월":"2013-04-30",
            "준공년차":10.0,
            "가까운역이름":"강동",
            "가까운역거리":339.0,
            "역세권여부":"역세권",
            "30분이내주요거점역":2,
            "1시간이내주요거점역":13,
            "3km이내백화점수":1,
            "5km이내아울렛몰수":1,
            "1km이내대형먀트수":1,
            "500m이내은행수":9,
            "500m이내병원수":95,
            "5km이내대형병원수":6,
            "500m이내공원수":2,
            "3km이내혐오시설수":0,
            "초등학교학업성취도":83.29,
            "중학교학업성취도":68.1,
            "용적률":602,
            "건폐율":59,
            "Y":37.536692,
            "X":127.136159,
            "rank":47.0,
            "area_info":"6평(19.98), 6평(22.85), 7평(24.13), 7평(24.13)",
            "last_sales":"2021-11-06,11200.0,7평(24.13)"
        },
        {
            "index":483,
            "아파트명":"강동롯데캐슬퍼스트",
            "투자타입":"일반",
            "전용면적(m2)":"87.41",
            "전용면적(평)":"26평",
            "법정동주소":"서울시 강동구 암사동 414-2",
            "도로명주소":"서울시 강동구 고덕로 131",
            "세대수":100,
            "입주년차":40,
            "용적률점수":"--",
            "건폐율점수":"--",
            "세대당주차수":60,
            "난방방식":30,
            "공급면적":"--",
            "전용률":"--",
            "욕실수":100,
            "현관타입":100,
            "주거총점":75.0,
            "지역구공급총점":0.0,
            "역세권":50,
            "30분내 이동가능 거점":20,
            "1시간내 이동가능 거점":100,
            "교통총점":51.0,
            "백화점":100,
            "아울렛몰":0,
            "대형마트":100,
            "은행":20,
            "병원":60,
            "종합병원":100,
            "공원":100,
            "혐오시설":0,
            "인프라총점":76.0,
            "초등학군":88.26,
            "중학군":53.36,
            "학군총점":60.34,
            "인구수":50.5,
            "인구증감":13.51,
            "인구총점":39.403,
            "일자리":17.2,
            "소득수준":67.44,
            "일자리총점":32.272,
            "가치 총점":64.701,
            "매매실거래년":20211229.0,
            "매매실거래가":125000.0,
            "전세실거래년":20211214.0,
            "전세실거래가":74000.0,
            "전세가율":59.2,
            "장기전세가율평균":60.27,
            "전세가율거품지수":1.07,
            "검색코드":22570,
            "세대수":3226.0,
            "준공년월":"2008-09-25",
            "준공년차":15.0,
            "가까운역이름":"명일",
            "가까운역거리":635.09,
            "역세권여부":"준역세권",
            "30분이내주요거점역":1,
            "1시간이내주요거점역":10,
            "3km이내백화점수":1,
            "5km이내아울렛몰수":0,
            "1km이내대형먀트수":4,
            "500m이내은행수":2,
            "500m이내병원수":23,
            "5km이내대형병원수":4,
            "500m이내공원수":5,
            "3km이내혐오시설수":0,
            "초등학교학업성취도":88.26,
            "중학교학업성취도":86.4,
            "용적률":276,
            "건폐율":13,
            "Y":37.556495,
            "X":127.140819,
            "rank":48.0,
            "area_info":"26평(87.41), 26평(87.41), 34평(112.47), 34평(112.52), 34평(113.0), 34평(113.0), 34평(113.45), 40평(132.81), 40평(134.57), 44평(145.47), 44평(145.76), 51평(169.22), 60평(198.51)",
            "last_sales":"2021-12-29,125000.0,26평(87.41)"
        },
        {
            "index":511,
            "아파트명":"삼성광나루",
            "투자타입":"일반",
            "전용면적(m2)":"77.33",
            "전용면적(평)":"23평",
            "법정동주소":"서울시 강동구 암사동 508",
            "도로명주소":"서울시 강동구 상암로3길 77",
            "세대수":50,
            "입주년차":20,
            "용적률점수":"--",
            "건폐율점수":"--",
            "세대당주차수":30,
            "난방방식":30,
            "공급면적":"--",
            "전용률":"--",
            "욕실수":100,
            "현관타입":100,
            "주거총점":49.0,
            "지역구공급총점":0.0,
            "역세권":80,
            "30분내 이동가능 거점":40,
            "1시간내 이동가능 거점":100,
            "교통총점":72.0,
            "백화점":100,
            "아울렛몰":80,
            "대형마트":0,
            "은행":20,
            "병원":80,
            "종합병원":100,
            "공원":100,
            "혐오시설":0,
            "인프라총점":71.0,
            "초등학군":81.12,
            "중학군":48.28,
            "학군총점":54.848,
            "인구수":50.5,
            "인구증감":13.51,
            "인구총점":39.403,
            "일자리":17.2,
            "소득수준":67.44,
            "일자리총점":32.272,
            "가치 총점":64.5272,
            "매매실거래년":20211223.0,
            "매매실거래가":110500.0,
            "전세실거래년":20220118.0,
            "전세실거래가":42000.0,
            "전세가율":38.01,
            "장기전세가율평균":60.27,
            "전세가율거품지수":22.26,
            "검색코드":3116,
            "세대수":490.0,
            "준공년월":"2002-11-01",
            "준공년차":21.0,
            "가까운역이름":"암사",
            "가까운역거리":462.31,
            "역세권여부":"역세권",
            "30분이내주요거점역":2,
            "1시간이내주요거점역":13,
            "3km이내백화점수":1,
            "5km이내아울렛몰수":1,
            "1km이내대형먀트수":0,
            "500m이내은행수":2,
            "500m이내병원수":46,
            "5km이내대형병원수":6,
            "500m이내공원수":3,
            "3km이내혐오시설수":0,
            "초등학교학업성취도":81.12,
            "중학교학업성취도":79.2,
            "용적률":395,
            "건폐율":65,
            "Y":37.554339,
            "X":127.126947,
            "rank":49.0,
            "area_info":"23평(77.33), 23평(77.65), 33평(109.85), 33평(109.96), 33평(109.98), 33평(110.02), 45평(148.82), 45평(148.82), 61평(203.7)",
            "last_sales":"2021-12-23,110500.0,23평(77.33)"
        },
        {
            "index":149,
            "아파트명":"경지아리움",
            "투자타입":"일반",
            "전용면적(m2)":"21.62",
            "전용면적(평)":"6평",
            "법정동주소":"서울시 강동구 길동 413-11",
            "도로명주소":"서울시 강동구 천호대로177길 40",
            "세대수":0,
            "입주년차":100,
            "용적률점수":"--",
            "건폐율점수":"--",
            "세대당주차수":0,
            "난방방식":30,
            "공급면적":"--",
            "전용률":"--",
            "욕실수":50,
            "현관타입":100,
            "주거총점":38.0,
            "지역구공급총점":0.0,
            "역세권":80,
            "30분내 이동가능 거점":40,
            "1시간내 이동가능 거점":100,
            "교통총점":72.0,
            "백화점":100,
            "아울렛몰":80,
            "대형마트":0,
            "은행":100,
            "병원":100,
            "종합병원":100,
            "공원":100,
            "혐오시설":0,
            "인프라총점":81.0,
            "초등학군":83.29,
            "중학군":40.86,
            "학군총점":49.346,
            "인구수":50.5,
            "인구증감":13.51,
            "인구총점":39.403,
            "일자리":17.2,
            "소득수준":67.44,
            "일자리총점":32.272,
            "가치 총점":64.5019,
            "매매실거래년":"18000101",
            "매매실거래가":null,
            "전세실거래년":null,
            "전세실거래가":null,
            "전세가율":null,
            "장기전세가율평균":60.27,
            "전세가율거품지수":null,
            "검색코드":126639,
            "세대수":124.0,
            "준공년월":"2019-06-19",
            "준공년차":4.0,
            "가까운역이름":"길동",
            "가까운역거리":225.37,
            "역세권여부":"역세권",
            "30분이내주요거점역":2,
            "1시간이내주요거점역":10,
            "3km이내백화점수":1,
            "5km이내아울렛몰수":1,
            "1km이내대형먀트수":0,
            "500m이내은행수":11,
            "500m이내병원수":100,
            "5km이내대형병원수":6,
            "500m이내공원수":3,
            "3km이내혐오시설수":0,
            "초등학교학업성취도":83.29,
            "중학교학업성취도":68.1,
            "용적률":552,
            "건폐율":59,
            "Y":37.53644,
            "X":127.13811,
            "rank":50.0,
            "area_info":"6평(21.62), 6평(22.52), 6평(22.62), 7평(23.51), 9평(31.53), 10평(34.9), 12평(41.43)",
            "last_sales":"1800-01-01,nan,6평(21.62)"
        },
        {
            "index":260,
            "아파트명":"고덕주공9단지",
            "투자타입":"재건축",
            "전용면적(m2)":"103.56",
            "전용면적(평)":"31평",
            "법정동주소":"서울시 강동구 명일동 257",
            "도로명주소":"서울시 강동구 상암로 251",
            "세대수":90,
            "입주년차":"--",
            "용적률점수":80,
            "건폐율점수":100,
            "세대당주차수":"--",
            "난방방식":"--",
            "공급면적":90,
            "전용률":80,
            "욕실수":"--",
            "현관타입":"--",
            "주거총점":87.5,
            "지역구공급총점":0.0,
            "역세권":50,
            "30분내 이동가능 거점":20,
            "1시간내 이동가능 거점":80,
            "교통총점":47.0,
            "백화점":100,
            "아울렛몰":0,
            "대형마트":100,
            "은행":20,
            "병원":10,
            "종합병원":100,
            "공원":100,
            "혐오시설":0,
            "인프라총점":71.0,
            "초등학군":88.1,
            "중학군":54.16,
            "학군총점":60.948,
            "인구수":50.5,
            "인구증감":13.51,
            "인구총점":39.403,
            "일자리":17.2,
            "소득수준":67.44,
            "일자리총점":32.272,
            "가치 총점":64.3922,
            "매매실거래년":20210902.0,
            "매매실거래가":143000.0,
            "전세실거래년":20220118.0,
            "전세실거래가":31500.0,
            "전세가율":22.58,
            "장기전세가율평균":60.27,
            "전세가율거품지수":37.69,
            "검색코드":1314,
            "세대수":1320.0,
            "준공년월":"1985-11-25",
            "준공년차":38.0,
            "가까운역이름":"명일",
            "가까운역거리":767.61,
            "역세권여부":"준역세권",
            "30분이내주요거점역":1,
            "1시간이내주요거점역":8,
            "3km이내백화점수":1,
            "5km이내아울렛몰수":0,
            "1km이내대형먀트수":2,
            "500m이내은행수":2,
            "500m이내병원수":4,
            "5km이내대형병원수":4,
            "500m이내공원수":3,
            "3km이내혐오시설수":0,
            "초등학교학업성취도":88.1,
            "중학교학업성취도":87.4,
            "용적률":181,
            "건폐율":13,
            "Y":37.547941,
            "X":127.151556,
            "rank":51.0,
            "area_info":"31평(103.56), 31평(104.3), 32평(106.4), 32평(106.0), 32평(108.82)",
            "last_sales":"2021-09-02,143000.0,32평(106.0)"
        },
        {
            "index":596,
            "아파트명":"강변그대가리버뷰",
            "투자타입":"일반",
            "전용면적(m2)":"111.45",
            "전용면적(평)":"33평",
            "법정동주소":"서울시 강동구 천호동 568",
            "도로명주소":"서울시 강동구 올림픽로89길 58",
            "세대수":0,
            "입주년차":40,
            "용적률점수":"--",
            "건폐율점수":"--",
            "세대당주차수":30,
            "난방방식":30,
            "공급면적":"--",
            "전용률":"--",
            "욕실수":100,
            "현관타입":100,
            "주거총점":35.5,
            "지역구공급총점":0.0,
            "역세권":80,
            "30분내 이동가능 거점":40,
            "1시간내 이동가능 거점":100,
            "교통총점":72.0,
            "백화점":100,
            "아울렛몰":80,
            "대형마트":80,
            "은행":20,
            "병원":60,
            "종합병원":100,
            "공원":100,
            "혐오시설":0,
            "인프라총점":81.0,
            "초등학군":88.8,
            "중학군":41.9,
            "학군총점":51.28,
            "인구수":50.5,
            "인구증감":13.51,
            "인구총점":39.403,
            "일자리":17.2,
            "소득수준":67.44,
            "일자리총점":32.272,
            "가치 총점":64.292,
            "매매실거래년":20210323.0,
            "매매실거래가":119000.0,
            "전세실거래년":20211018.0,
            "전세실거래가":50400.0,
            "전세가율":42.35,
            "장기전세가율평균":60.27,
            "전세가율거품지수":17.92,
            "검색코드":22537,
            "세대수":225.0,
            "준공년월":"2007-02-16",
            "준공년차":16.0,
            "가까운역이름":"암사",
            "가까운역거리":462.91,
            "역세권여부":"역세권",
            "30분이내주요거점역":2,
            "1시간이내주요거점역":13,
            "3km이내백화점수":1,
            "5km이내아울렛몰수":1,
            "1km이내대형먀트수":1,
            "500m이내은행수":2,
            "500m이내병원수":18,
            "5km이내대형병원수":6,
            "500m이내공원수":3,
            "3km이내혐오시설수":0,
            "초등학교학업성취도":88.8,
            "중학교학업성취도":69.1,
            "용적률":229,
            "건폐율":22,
            "Y":37.547869,
            "X":127.12322,
            "rank":52.0,
            "area_info":"33평(111.45), 33평(112.0), 34평(114.16), 34평(114.21), 36평(122.26)",
            "last_sales":"2021-03-23,119000.0,33평(111.45)"
        },
        {
            "index":533,
            "아파트명":"암사한솔",
            "투자타입":"일반",
            "전용면적(m2)":"105.96",
            "전용면적(평)":"32평",
            "법정동주소":"서울시 강동구 암사동 419",
            "도로명주소":"서울시 강동구 암사19길 25",
            "세대수":0,
            "입주년차":20,
            "용적률점수":"--",
            "건폐율점수":"--",
            "세대당주차수":30,
            "난방방식":30,
            "공급면적":"--",
            "전용률":"--",
            "욕실수":100,
            "현관타입":100,
            "주거총점":31.5,
            "지역구공급총점":0.0,
            "역세권":80,
            "30분내 이동가능 거점":40,
            "1시간내 이동가능 거점":100,
            "교통총점":72.0,
            "백화점":100,
            "아울렛몰":0,
            "대형마트":100,
            "은행":20,
            "병원":100,
            "종합병원":100,
            "공원":100,
            "혐오시설":0,
            "인프라총점":80.0,
            "초등학군":88.26,
            "중학군":50.94,
            "학군총점":58.404,
            "인구수":50.5,
            "인구증감":13.51,
            "인구총점":39.403,
            "일자리":17.2,
            "소득수준":67.44,
            "일자리총점":32.272,
            "가치 총점":64.2606,
            "매매실거래년":20210711.0,
            "매매실거래가":103500.0,
            "전세실거래년":20211113.0,
            "전세실거래가":42000.0,
            "전세가율":40.58,
            "장기전세가율평균":60.27,
            "전세가율거품지수":19.69,
            "검색코드":3324,
            "세대수":203.0,
            "준공년월":"2002-01-29",
            "준공년차":21.0,
            "가까운역이름":"명일",
            "가까운역거리":301.38,
            "역세권여부":"역세권",
            "30분이내주요거점역":2,
            "1시간이내주요거점역":10,
            "3km이내백화점수":1,
            "5km이내아울렛몰수":0,
            "1km이내대형먀트수":3,
            "500m이내은행수":2,
            "500m이내병원수":61,
            "5km이내대형병원수":4,
            "500m이내공원수":10,
            "3km이내혐오시설수":0,
            "초등학교학업성취도":88.26,
            "중학교학업성취도":82.9,
            "용적률":258,
            "건폐율":23,
            "Y":37.552115,
            "X":127.140712,
            "rank":53.0,
            "area_info":"32평(105.96), 38평(125.92), 44평(147.58)",
            "last_sales":"2021-07-11,103500.0,32평(105.96)"
        },
        {
            "index":293,
            "아파트명":"명일현대",
            "투자타입":"재건축",
            "전용면적(m2)":"80.13",
            "전용면적(평)":"24평",
            "법정동주소":"서울시 강동구 명일동 251-1",
            "도로명주소":"서울시 강동구 양재대로134길 87",
            "세대수":0,
            "입주년차":"--",
            "용적률점수":60,
            "건폐율점수":80,
            "세대당주차수":"--",
            "난방방식":"--",
            "공급면적":50,
            "전용률":60,
            "욕실수":"--",
            "현관타입":"--",
            "주거총점":45.5,
            "지역구공급총점":0.0,
            "역세권":80,
            "30분내 이동가능 거점":20,
            "1시간내 이동가능 거점":100,
            "교통총점":66.0,
            "백화점":100,
            "아울렛몰":0,
            "대형마트":100,
            "은행":0,
            "병원":80,
            "종합병원":100,
            "공원":100,
            "혐오시설":0,
            "인프라총점":76.0,
            "초등학군":93.1,
            "중학군":50.94,
            "학군총점":59.372,
            "인구수":50.5,
            "인구증감":13.51,
            "인구총점":39.403,
            "일자리":17.2,
            "소득수준":67.44,
            "일자리총점":32.272,
            "가치 총점":63.9058,
            "매매실거래년":20211113.0,
            "매매실거래가":85000.0,
            "전세실거래년":20211220.0,
            "전세실거래가":50000.0,
            "전세가율":58.82,
            "장기전세가율평균":60.27,
            "전세가율거품지수":1.45,
            "검색코드":987,
            "세대수":226.0,
            "준공년월":"1988-10-04",
            "준공년차":35.0,
            "가까운역이름":"명일",
            "가까운역거리":495.18,
            "역세권여부":"역세권",
            "30분이내주요거점역":1,
            "1시간이내주요거점역":10,
            "3km이내백화점수":1,
            "5km이내아울렛몰수":0,
            "1km이내대형먀트수":2,
            "500m이내은행수":1,
            "500m이내병원수":40,
            "5km이내대형병원수":4,
            "500m이내공원수":5,
            "3km이내혐오시설수":0,
            "초등학교학업성취도":93.1,
            "중학교학업성취도":82.9,
            "용적률":249,
            "건폐율":20,
            "Y":37.548911,
            "X":127.148682,
            "rank":54.0,
            "area_info":"24평(80.13), 30평(100.61), 30평(101.47)",
            "last_sales":"2021-11-13,85000.0,24평(80.13)"
        },
        {
            "index":141,
            "아파트명":"강동한신휴플러스",
            "투자타입":"일반",
            "전용면적(m2)":"98.13",
            "전용면적(평)":"29평",
            "법정동주소":"서울시 강동구 길동 414-10",
            "도로명주소":"서울시 강동구 진황도로 99",
            "세대수":0,
            "입주년차":40,
            "용적률점수":"--",
            "건폐율점수":"--",
            "세대당주차수":60,
            "난방방식":30,
            "공급면적":"--",
            "전용률":"--",
            "욕실수":100,
            "현관타입":50,
            "주거총점":35.0,
            "지역구공급총점":0.0,
            "역세권":80,
            "30분내 이동가능 거점":40,
            "1시간내 이동가능 거점":100,
            "교통총점":72.0,
            "백화점":100,
            "아울렛몰":80,
            "대형마트":0,
            "은행":100,
            "병원":100,
            "종합병원":100,
            "공원":100,
            "혐오시설":0,
            "인프라총점":81.0,
            "초등학군":83.29,
            "중학군":40.86,
            "학군총점":49.346,
            "인구수":50.5,
            "인구증감":13.51,
            "인구총점":39.403,
            "일자리":17.2,
            "소득수준":67.44,
            "일자리총점":32.272,
            "가치 총점":63.9019,
            "매매실거래년":20211125.0,
            "매매실거래가":68000.0,
            "전세실거래년":null,
            "전세실거래가":null,
            "전세가율":null,
            "장기전세가율평균":60.27,
            "전세가율거품지수":null,
            "검색코드":22116,
            "세대수":124.0,
            "준공년월":"2006-11-21",
            "준공년차":17.0,
            "가까운역이름":"길동",
            "가까운역거리":298.55,
            "역세권여부":"역세권",
            "30분이내주요거점역":2,
            "1시간이내주요거점역":12,
            "3km이내백화점수":1,
            "5km이내아울렛몰수":1,
            "1km이내대형먀트수":0,
            "500m이내은행수":11,
            "500m이내병원수":101,
            "5km이내대형병원수":6,
            "500m이내공원수":2,
            "3km이내혐오시설수":0,
            "초등학교학업성취도":83.29,
            "중학교학업성취도":68.1,
            "용적률":519,
            "건폐율":59,
            "Y":37.536053,
            "X":127.137434,
            "rank":55.0,
            "area_info":"29평(98.13), 30평(100.02), 31평(104.08), 32평(108.9), 32평(109.02), 32평(109.09), 33평(110.85), 33평(110.74)",
            "last_sales":"2021-11-25,68000.0,32평(108.9)"
        },
        {
            "index":453,
            "아파트명":"성내e-편한세상2차",
            "투자타입":"일반",
            "전용면적(m2)":"105.89",
            "전용면적(평)":"32평",
            "법정동주소":"서울시 강동구 성내동 137",
            "도로명주소":"서울시 강동구 풍성로37길 55",
            "세대수":0,
            "입주년차":40,
            "용적률점수":"--",
            "건폐율점수":"--",
            "세대당주차수":30,
            "난방방식":30,
            "공급면적":"--",
            "전용률":"--",
            "욕실수":100,
            "현관타입":100,
            "주거총점":35.5,
            "지역구공급총점":0.0,
            "역세권":50,
            "30분내 이동가능 거점":60,
            "1시간내 이동가능 거점":100,
            "교통총점":63.0,
            "백화점":100,
            "아울렛몰":80,
            "대형마트":100,
            "은행":20,
            "병원":100,
            "종합병원":100,
            "공원":80,
            "혐오시설":0,
            "인프라총점":87.4,
            "초등학군":85.91,
            "중학군":48.0,
            "학군총점":55.582,
            "인구수":50.5,
            "인구증감":13.51,
            "인구총점":39.403,
            "일자리":17.2,
            "소득수준":67.44,
            "일자리총점":32.272,
            "가치 총점":63.7073,
            "매매실거래년":20210715.0,
            "매매실거래가":119500.0,
            "전세실거래년":20210906.0,
            "전세실거래가":49350.0,
            "전세가율":57.72,
            "장기전세가율평균":60.27,
            "전세가율거품지수":2.55,
            "검색코드":11381,
            "세대수":151.0,
            "준공년월":"2004-11-24",
            "준공년차":19.0,
            "가까운역이름":"천호",
            "가까운역거리":507.5,
            "역세권여부":"준역세권",
            "30분이내주요거점역":3,
            "1시간이내주요거점역":14,
            "3km이내백화점수":1,
            "5km이내아울렛몰수":1,
            "1km이내대형먀트수":3,
            "500m이내은행수":2,
            "500m이내병원수":75,
            "5km이내대형병원수":7,
            "500m이내공원수":1,
            "3km이내혐오시설수":0,
            "초등학교학업성취도":85.91,
            "중학교학업성취도":79.6,
            "용적률":243,
            "건폐율":28,
            "Y":37.534614,
            "X":127.126792,
            "rank":56.0,
            "area_info":"32평(105.89), 32평(106.07), 35평(117.01), 42평(140.23), 44평(147.82)",
            "last_sales":"2021-07-15,119500.0,32평(106.07)"
        },
        {
            "index":162,
            "아파트명":"다성이즈빌(456-4)",
            "투자타입":"일반",
            "전용면적(m2)":"20.88",
            "전용면적(평)":"6평",
            "법정동주소":"서울시 강동구 길동 456-4",
            "도로명주소":"서울시 강동구 천호대로175길 14",
            "세대수":0,
            "입주년차":80,
            "용적률점수":"--",
            "건폐율점수":"--",
            "세대당주차수":0,
            "난방방식":30,
            "공급면적":"--",
            "전용률":"--",
            "욕실수":50,
            "현관타입":100,
            "주거총점":34.0,
            "지역구공급총점":0.0,
            "역세권":80,
            "30분내 이동가능 거점":40,
            "1시간내 이동가능 거점":100,
            "교통총점":72.0,
            "백화점":100,
            "아울렛몰":80,
            "대형마트":0,
            "은행":100,
            "병원":100,
            "종합병원":100,
            "공원":100,
            "혐오시설":0,
            "인프라총점":81.0,
            "초등학군":83.29,
            "중학군":40.86,
            "학군총점":49.346,
            "인구수":50.5,
            "인구증감":13.51,
            "인구총점":39.403,
            "일자리":17.2,
            "소득수준":67.44,
            "일자리총점":32.272,
            "가치 총점":63.7019,
            "매매실거래년":20211129.0,
            "매매실거래가":18300.0,
            "전세실거래년":20210218.0,
            "전세실거래가":16800.0,
            "전세가율":91.8,
            "장기전세가율평균":60.27,
            "전세가율거품지수":-31.53,
            "검색코드":123434,
            "세대수":105.0,
            "준공년월":"2018-11-27",
            "준공년차":5.0,
            "가까운역이름":"길동",
            "가까운역거리":380.4,
            "역세권여부":"역세권",
            "30분이내주요거점역":2,
            "1시간이내주요거점역":14,
            "3km이내백화점수":1,
            "5km이내아울렛몰수":1,
            "1km이내대형먀트수":0,
            "500m이내은행수":9,
            "500m이내병원수":95,
            "5km이내대형병원수":6,
            "500m이내공원수":3,
            "3km이내혐오시설수":0,
            "초등학교학업성취도":83.29,
            "중학교학업성취도":68.1,
            "용적률":585,
            "건폐율":56,
            "Y":37.535313,
            "X":127.137043,
            "rank":57.0,
            "area_info":"6평(20.88), 6평(22.74), 8평(27.29), 9평(29.86), 9평(30.62), 9평(30.05)",
            "last_sales":"2021-11-29,18300.0,6평(20.88)"
        },
        {
            "index":216,
            "아파트명":"한미스카이캐슬(도시형)",
            "투자타입":"일반",
            "전용면적(m2)":"19.21",
            "전용면적(평)":"5평",
            "법정동주소":"서울시 강동구 길동 413-8",
            "도로명주소":"서울시 강동구 천호대로177길 50",
            "세대수":0,
            "입주년차":80,
            "용적률점수":"--",
            "건폐율점수":"--",
            "세대당주차수":0,
            "난방방식":30,
            "공급면적":"--",
            "전용률":"--",
            "욕실수":50,
            "현관타입":100,
            "주거총점":34.0,
            "지역구공급총점":0.0,
            "역세권":80,
            "30분내 이동가능 거점":40,
            "1시간내 이동가능 거점":100,
            "교통총점":72.0,
            "백화점":100,
            "아울렛몰":80,
            "대형마트":0,
            "은행":100,
            "병원":100,
            "종합병원":100,
            "공원":100,
            "혐오시설":0,
            "인프라총점":81.0,
            "초등학군":83.29,
            "중학군":40.86,
            "학군총점":49.346,
            "인구수":50.5,
            "인구증감":13.51,
            "인구총점":39.403,
            "일자리":17.2,
            "소득수준":67.44,
            "일자리총점":32.272,
            "가치 총점":63.7019,
            "매매실거래년":"18000101",
            "매매실거래가":null,
            "전세실거래년":null,
            "전세실거래가":null,
            "전세가율":null,
            "장기전세가율평균":60.27,
            "전세가율거품지수":null,
            "검색코드":113527,
            "세대수":104.0,
            "준공년월":"2016-08-30",
            "준공년차":7.0,
            "가까운역이름":"길동",
            "가까운역거리":191.25,
            "역세권여부":"역세권",
            "30분이내주요거점역":2,
            "1시간이내주요거점역":11,
            "3km이내백화점수":1,
            "5km이내아울렛몰수":1,
            "1km이내대형먀트수":0,
            "500m이내은행수":11,
            "500m이내병원수":96,
            "5km이내대형병원수":6,
            "500m이내공원수":3,
            "3km이내혐오시설수":0,
            "초등학교학업성취도":83.29,
            "중학교학업성취도":68.1,
            "용적률":499,
            "건폐율":55,
            "Y":37.536717,
            "X":127.13832,
            "rank":57.0,
            "area_info":"5평(19.21), 8평(26.55)",
            "last_sales":"1800-01-01,nan,5평(19.21)"
        },
        {
            "index":168,
            "아파트명":"라인",
            "투자타입":"일반",
            "전용면적(m2)":"85.79",
            "전용면적(평)":"25평",
            "법정동주소":"서울시 강동구 길동 365-1",
            "도로명주소":"서울시 강동구 천중로50길 48-12",
            "세대수":0,
            "입주년차":0,
            "용적률점수":"--",
            "건폐율점수":"--",
            "세대당주차수":30,
            "난방방식":30,
            "공급면적":"--",
            "전용률":"--",
            "욕실수":50,
            "현관타입":10,
            "주거총점":13.5,
            "지역구공급총점":0.0,
            "역세권":80,
            "30분내 이동가능 거점":40,
            "1시간내 이동가능 거점":100,
            "교통총점":72.0,
            "백화점":100,
            "아울렛몰":80,
            "대형마트":80,
            "은행":100,
            "병원":100,
            "종합병원":100,
            "공원":100,
            "혐오시설":0,
            "인프라총점":93.0,
            "초등학군":86.17,
            "중학군":40.86,
            "학군총점":49.922,
            "인구수":50.5,
            "인구증감":13.51,
            "인구총점":39.403,
            "일자리":17.2,
            "소득수준":67.44,
            "일자리총점":32.272,
            "가치 총점":63.2883,
            "매매실거래년":20210802.0,
            "매매실거래가":70000.0,
            "전세실거래년":20211127.0,
            "전세실거래가":50000.0,
            "전세가율":71.43,
            "장기전세가율평균":60.27,
            "전세가율거품지수":-11.16,
            "검색코드":984,
            "세대수":128.0,
            "준공년월":"1998-09-15",
            "준공년차":25.0,
            "가까운역이름":"길동",
            "가까운역거리":216.88,
            "역세권여부":"역세권",
            "30분이내주요거점역":2,
            "1시간이내주요거점역":11,
            "3km이내백화점수":1,
            "5km이내아울렛몰수":1,
            "1km이내대형먀트수":1,
            "500m이내은행수":8,
            "500m이내병원수":62,
            "5km이내대형병원수":4,
            "500m이내공원수":4,
            "3km이내혐오시설수":0,
            "초등학교학업성취도":86.17,
            "중학교학업성취도":68.1,
            "용적률":369,
            "건폐율":34,
            "Y":37.53909,
            "X":127.14185,
            "rank":58.0,
            "area_info":"25평(85.79), 33평(110.73), 40평(133.58)",
            "last_sales":"2021-08-02,70000.0,25평(85.79)"
        },
        {
            "index":654,
            "아파트명":"성원",
            "투자타입":"일반",
            "전용면적(m2)":"73.52",
            "전용면적(평)":"22평",
            "법정동주소":"서울시 강동구 천호동 564",
            "도로명주소":"서울시 강동구 진황도로31길 26",
            "세대수":0,
            "입주년차":0,
            "용적률점수":"--",
            "건폐율점수":"--",
            "세대당주차수":30,
            "난방방식":30,
            "공급면적":"--",
            "전용률":"--",
            "욕실수":50,
            "현관타입":10,
            "주거총점":13.5,
            "지역구공급총점":0.0,
            "역세권":80,
            "30분내 이동가능 거점":40,
            "1시간내 이동가능 거점":100,
            "교통총점":72.0,
            "백화점":100,
            "아울렛몰":80,
            "대형마트":100,
            "은행":70,
            "병원":100,
            "종합병원":100,
            "공원":100,
            "혐오시설":0,
            "인프라총점":93.0,
            "초등학군":83.29,
            "중학군":40.86,
            "학군총점":49.346,
            "인구수":50.5,
            "인구증감":13.51,
            "인구총점":39.403,
            "일자리":17.2,
            "소득수준":67.44,
            "일자리총점":32.272,
            "가치 총점":63.2019,
            "매매실거래년":20211113.0,
            "매매실거래가":65000.0,
            "전세실거래년":20200303.0,
            "전세실거래가":27000.0,
            "전세가율":42.19,
            "장기전세가율평균":60.27,
            "전세가율거품지수":18.08,
            "검색코드":3122,
            "세대수":122.0,
            "준공년월":"1998-09-15",
            "준공년차":25.0,
            "가까운역이름":"강동",
            "가까운역거리":353.52,
            "역세권여부":"역세권",
            "30분이내주요거점역":2,
            "1시간이내주요거점역":10,
            "3km이내백화점수":1,
            "5km이내아울렛몰수":1,
            "1km이내대형먀트수":2,
            "500m이내은행수":4,
            "500m이내병원수":71,
            "5km이내대형병원수":6,
            "500m이내공원수":3,
            "3km이내혐오시설수":0,
            "초등학교학업성취도":83.29,
            "중학교학업성취도":68.1,
            "용적률":359,
            "건폐율":53,
            "Y":37.53868,
            "X":127.13419,
            "rank":59.0,
            "area_info":"22평(73.52), 22평(73.71), 25평(83.24), 25평(83.83), 34평(115.36), 35평(117.84), 45평(151.84), 48평(158.92)",
            "last_sales":"2021-11-13,65000.0,25평(83.24)"
        },
        {
            "index":441,
            "아파트명":"둔촌역청구",
            "투자타입":"일반",
            "전용면적(m2)":"83.83",
            "전용면적(평)":"25평",
            "법정동주소":"서울시 강동구 성내동 419-1",
            "도로명주소":"서울시 강동구 풍성로 196",
            "세대수":0,
            "입주년차":20,
            "용적률점수":"--",
            "건폐율점수":"--",
            "세대당주차수":0,
            "난방방식":30,
            "공급면적":"--",
            "전용률":"--",
            "욕실수":50,
            "현관타입":100,
            "주거총점":22.0,
            "지역구공급총점":0.0,
            "역세권":80,
            "30분내 이동가능 거점":40,
            "1시간내 이동가능 거점":100,
            "교통총점":72.0,
            "백화점":100,
            "아울렛몰":80,
            "대형마트":80,
            "은행":20,
            "병원":80,
            "종합병원":100,
            "공원":100,
            "혐오시설":0,
            "인프라총점":83.0,
            "초등학군":86.87,
            "중학군":50.32,
            "학군총점":57.63,
            "인구수":50.5,
            "인구증감":13.51,
            "인구총점":39.403,
            "일자리":17.2,
            "소득수준":67.44,
            "일자리총점":32.272,
            "가치 총점":63.1445,
            "매매실거래년":20211011.0,
            "매매실거래가":96500.0,
            "전세실거래년":20211114.0,
            "전세실거래가":58000.0,
            "전세가율":60.1,
            "장기전세가율평균":60.27,
            "전세가율거품지수":0.17,
            "검색코드":990,
            "세대수":222.0,
            "준공년월":"1999-03-11",
            "준공년차":24.0,
            "가까운역이름":"둔촌동",
            "가까운역거리":330.29,
            "역세권여부":"역세권",
            "30분이내주요거점역":2,
            "1시간이내주요거점역":13,
            "3km이내백화점수":1,
            "5km이내아울렛몰수":1,
            "1km이내대형먀트수":1,
            "500m이내은행수":2,
            "500m이내병원수":46,
            "5km이내대형병원수":6,
            "500m이내공원수":3,
            "3km이내혐오시설수":0,
            "초등학교학업성취도":86.87,
            "중학교학업성취도":82.2,
            "용적률":327,
            "건폐율":27,
            "Y":37.529462,
            "X":127.133154,
            "rank":60.0,
            "area_info":"25평(83.83), 25평(83.96), 32평(108.85), 32평(108.91)",
            "last_sales":"2021-10-11,96500.0,25평(83.83)"
        },
        {
            "index":213,
            "아파트명":"청광플러스원큐브2차",
            "투자타입":"일반",
            "전용면적(m2)":"25.86",
            "전용면적(평)":"7평",
            "법정동주소":"서울시 강동구 길동 457",
            "도로명주소":"서울시 강동구 천호대로175길 10",
            "세대수":0,
            "입주년차":60,
            "용적률점수":"--",
            "건폐율점수":"--",
            "세대당주차수":0,
            "난방방식":30,
            "공급면적":"--",
            "전용률":"--",
            "욕실수":50,
            "현관타입":100,
            "주거총점":30.0,
            "지역구공급총점":0.0,
            "역세권":80,
            "30분내 이동가능 거점":40,
            "1시간내 이동가능 거점":100,
            "교통총점":72.0,
            "백화점":100,
            "아울렛몰":80,
            "대형마트":0,
            "은행":100,
            "병원":100,
            "종합병원":100,
            "공원":100,
            "혐오시설":0,
            "인프라총점":81.0,
            "초등학군":83.29,
            "중학군":40.86,
            "학군총점":49.346,
            "인구수":50.5,
            "인구증감":13.51,
            "인구총점":39.403,
            "일자리":17.2,
            "소득수준":67.44,
            "일자리총점":32.272,
            "가치 총점":62.9019,
            "매매실거래년":20211110.0,
            "매매실거래가":13500.0,
            "전세실거래년":20211015.0,
            "전세실거래가":11500.0,
            "전세가율":85.19,
            "장기전세가율평균":60.27,
            "전세가율거품지수":-24.92,
            "검색코드":109159,
            "세대수":111.0,
            "준공년월":"2013-07-30",
            "준공년차":10.0,
            "가까운역이름":"강동",
            "가까운역거리":395.55,
            "역세권여부":"역세권",
            "30분이내주요거점역":2,
            "1시간이내주요거점역":14,
            "3km이내백화점수":1,
            "5km이내아울렛몰수":1,
            "1km이내대형먀트수":0,
            "500m이내은행수":8,
            "500m이내병원수":92,
            "5km이내대형병원수":6,
            "500m이내공원수":2,
            "3km이내혐오시설수":0,
            "초등학교학업성취도":83.29,
            "중학교학업성취도":68.1,
            "용적률":606,
            "건폐율":51,
            "Y":37.535148,
            "X":127.13689,
            "rank":61.0,
            "area_info":"7평(25.86)",
            "last_sales":"2021-11-10,13500.0,7평(25.86)"
        },
        {
            "index":680,
            "아파트명":"중앙하이츠",
            "투자타입":"일반",
            "전용면적(m2)":"86.95",
            "전용면적(평)":"26평",
            "법정동주소":"서울시 강동구 천호동 305",
            "도로명주소":"서울시 강동구 구천면로41길 79",
            "세대수":0,
            "입주년차":0,
            "용적률점수":"--",
            "건폐율점수":"--",
            "세대당주차수":30,
            "난방방식":30,
            "공급면적":"--",
            "전용률":"--",
            "욕실수":50,
            "현관타입":10,
            "주거총점":13.5,
            "지역구공급총점":0.0,
            "역세권":80,
            "30분내 이동가능 거점":40,
            "1시간내 이동가능 거점":100,
            "교통총점":72.0,
            "백화점":100,
            "아울렛몰":80,
            "대형마트":100,
            "은행":70,
            "병원":80,
            "종합병원":100,
            "공원":100,
            "혐오시설":0,
            "인프라총점":91.0,
            "초등학군":87.28,
            "중학군":41.9,
            "학군총점":50.976,
            "인구수":50.5,
            "인구증감":13.51,
            "인구총점":39.403,
            "일자리":17.2,
            "소득수준":67.44,
            "일자리총점":32.272,
            "가치 총점":62.8464,
            "매매실거래년":20211022.0,
            "매매실거래가":82800.0,
            "전세실거래년":20211230.0,
            "전세실거래가":30450.0,
            "전세가율":36.78,
            "장기전세가율평균":60.27,
            "전세가율거품지수":23.49,
            "검색코드":1261,
            "세대수":226.0,
            "준공년월":"1998-12-04",
            "준공년차":25.0,
            "가까운역이름":"암사",
            "가까운역거리":387.91,
            "역세권여부":"역세권",
            "30분이내주요거점역":2,
            "1시간이내주요거점역":13,
            "3km이내백화점수":1,
            "5km이내아울렛몰수":1,
            "1km이내대형먀트수":3,
            "500m이내은행수":3,
            "500m이내병원수":56,
            "5km이내대형병원수":5,
            "500m이내공원수":4,
            "3km이내혐오시설수":0,
            "초등학교학업성취도":87.28,
            "중학교학업성취도":69.1,
            "용적률":369,
            "건폐율":36,
            "Y":37.547297,
            "X":127.129983,
            "rank":62.0,
            "area_info":"26평(86.95), 26평(86.68), 33평(111.15), 43평(143.41)",
            "last_sales":"2021-10-22,82800.0,26평(86.95)"
        },
        {
            "index":258,
            "아파트명":"고덕삼환",
            "투자타입":"재건축",
            "전용면적(m2)":"101.41",
            "전용면적(평)":"30평",
            "법정동주소":"서울시 강동구 명일동 41",
            "도로명주소":"서울시 강동구 고덕로62길 126",
            "세대수":0,
            "입주년차":"--",
            "용적률점수":80,
            "건폐율점수":100,
            "세대당주차수":"--",
            "난방방식":"--",
            "공급면적":90,
            "전용률":80,
            "욕실수":"--",
            "현관타입":"--",
            "주거총점":60.5,
            "지역구공급총점":0.0,
            "역세권":50,
            "30분내 이동가능 거점":20,
            "1시간내 이동가능 거점":90,
            "교통총점":49.0,
            "백화점":100,
            "아울렛몰":0,
            "대형마트":100,
            "은행":70,
            "병원":60,
            "종합병원":100,
            "공원":100,
            "혐오시설":0,
            "인프라총점":81.0,
            "초등학군":93.1,
            "중학군":54.16,
            "학군총점":61.948,
            "인구수":50.5,
            "인구증감":13.51,
            "인구총점":39.403,
            "일자리":17.2,
            "소득수준":67.44,
            "일자리총점":32.272,
            "가치 총점":62.8422,
            "매매실거래년":20210313.0,
            "매매실거래가":159000.0,
            "전세실거래년":20210424.0,
            "전세실거래가":63000.0,
            "전세가율":58.33,
            "장기전세가율평균":60.27,
            "전세가율거품지수":1.94,
            "검색코드":1310,
            "세대수":120.0,
            "준공년월":"1987-06-27",
            "준공년차":36.0,
            "가까운역이름":"고덕",
            "가까운역거리":651.1,
            "역세권여부":"준역세권",
            "30분이내주요거점역":1,
            "1시간이내주요거점역":9,
            "3km이내백화점수":1,
            "5km이내아울렛몰수":0,
            "1km이내대형먀트수":2,
            "500m이내은행수":3,
            "500m이내병원수":14,
            "5km이내대형병원수":4,
            "500m이내공원수":3,
            "3km이내혐오시설수":0,
            "초등학교학업성취도":93.1,
            "중학교학업성취도":87.4,
            "용적률":186,
            "건폐율":17,
            "Y":37.549421,
            "X":127.151924,
            "rank":63.0,
            "area_info":"30평(101.41), 43평(142.56)",
            "last_sales":"2021-03-13,159000.0,43평(142.56)"
        },
        {
            "index":306,
            "아파트명":"삼익맨션(삼익가든)",
            "투자타입":"재건축",
            "전용면적(m2)":"80.27",
            "전용면적(평)":"24평",
            "법정동주소":"서울시 강동구 명일동 270",
            "도로명주소":"서울시 강동구 상암로 225",
            "세대수":80,
            "입주년차":"--",
            "용적률점수":80,
            "건폐율점수":100,
            "세대당주차수":"--",
            "난방방식":"--",
            "공급면적":50,
            "전용률":60,
            "욕실수":"--",
            "현관타입":"--",
            "주거총점":81.5,
            "지역구공급총점":0.0,
            "역세권":50,
            "30분내 이동가능 거점":0,
            "1시간내 이동가능 거점":90,
            "교통총점":43.0,
            "백화점":100,
            "아울렛몰":0,
            "대형마트":80,
            "은행":20,
            "병원":80,
            "종합병원":100,
            "공원":100,
            "혐오시설":0,
            "인프라총점":75.0,
            "초등학군":88.1,
            "중학군":50.94,
            "학군총점":58.372,
            "인구수":50.5,
            "인구증감":13.51,
            "인구총점":39.403,
            "일자리":17.2,
            "소득수준":67.44,
            "일자리총점":32.272,
            "가치 총점":62.6058,
            "매매실거래년":20210826.0,
            "매매실거래가":162000.0,
            "전세실거래년":20220105.0,
            "전세실거래가":27300.0,
            "전세가율":24.93,
            "장기전세가율평균":60.27,
            "전세가율거품지수":35.34,
            "검색코드":1304,
            "세대수":768.0,
            "준공년월":"1984-11-30",
            "준공년차":39.0,
            "가까운역이름":"굽은다리",
            "가까운역거리":515.96,
            "역세권여부":"준역세권",
            "30분이내주요거점역":0,
            "1시간이내주요거점역":9,
            "3km이내백화점수":1,
            "5km이내아울렛몰수":0,
            "1km이내대형먀트수":1,
            "500m이내은행수":2,
            "500m이내병원수":40,
            "5km이내대형병원수":4,
            "500m이내공원수":4,
            "3km이내혐오시설수":0,
            "초등학교학업성취도":88.1,
            "중학교학업성취도":82.9,
            "용적률":174,
            "건폐율":16,
            "Y":37.547421,
            "X":127.148167,
            "rank":64.0,
            "area_info":"24평(80.27), 28평(92.9), 28평(94.38), 30평(100.69), 34평(112.4), 38평(127.76), 42평(142.13), 53평(176.38)",
            "last_sales":"2021-08-26,162000.0,53평(176.38)"
        },
        {
            "index":733,
            "아파트명":"현대프라자",
            "투자타입":"재건축",
            "전용면적(m2)":"41.27",
            "전용면적(평)":"12평",
            "법정동주소":"서울시 강동구 천호동 410-105",
            "도로명주소":"서울시 강동구 진황도로 18",
            "세대수":0,
            "입주년차":"--",
            "용적률점수":0,
            "건폐율점수":20,
            "세대당주차수":"--",
            "난방방식":"--",
            "공급면적":50,
            "전용률":60,
            "욕실수":"--",
            "현관타입":"--",
            "주거총점":9.5,
            "지역구공급총점":0.0,
            "역세권":80,
            "30분내 이동가능 거점":40,
            "1시간내 이동가능 거점":100,
            "교통총점":72.0,
            "백화점":100,
            "아울렛몰":80,
            "대형마트":100,
            "은행":70,
            "병원":100,
            "종합병원":100,
            "공원":100,
            "혐오시설":0,
            "인프라총점":93.0,
            "초등학군":84.2,
            "중학군":40.86,
            "학군총점":49.528,
            "인구수":50.5,
            "인구증감":13.51,
            "인구총점":39.403,
            "일자리":17.2,
            "소득수준":67.44,
            "일자리총점":32.272,
            "가치 총점":62.4292,
            "매매실거래년":20210705.0,
            "매매실거래가":110000.0,
            "전세실거래년":20140707.0,
            "전세실거래가":12000.0,
            "전세가율":null,
            "장기전세가율평균":60.27,
            "전세가율거품지수":null,
            "검색코드":3125,
            "세대수":112.0,
            "준공년월":"1990-06-11",
            "준공년차":33.0,
            "가까운역이름":"강동",
            "가까운역거리":490.45,
            "역세권여부":"역세권",
            "30분이내주요거점역":2,
            "1시간이내주요거점역":14,
            "3km이내백화점수":1,
            "5km이내아울렛몰수":1,
            "1km이내대형먀트수":2,
            "500m이내은행수":4,
            "500m이내병원수":118,
            "5km이내대형병원수":6,
            "500m이내공원수":2,
            "3km이내혐오시설수":0,
            "초등학교학업성취도":84.2,
            "중학교학업성취도":68.1,
            "용적률":475,
            "건폐율":49,
            "Y":37.53928,
            "X":127.129057,
            "rank":65.0,
            "area_info":"12평(41.27), 13평(44.69), 15평(52.28), 17평(57.27), 18평(59.57), 18평(62.06), 19평(64.14), 21평(71.64), 22평(73.27), 24평(79.42), 26평(88.56), 26평(88.36), 26평(88.59), 27평(92.0), 27평(92.09), 28평(93.0), 29평(98.11), 30평(99.85), 30평(100.02), 32평(106.26), 38평(127.96)",
            "last_sales":"2021-07-05,110000.0,38평(127.96)"
        },
        {
            "index":461,
            "아파트명":"성내올림픽파크한양수자인",
            "투자타입":"일반",
            "전용면적(m2)":"83.0",
            "전용면적(평)":"25평",
            "법정동주소":"서울시 강동구 성내동 606",
            "도로명주소":"서울시 강동구 성내로 80",
            "세대수":50,
            "입주년차":80,
            "용적률점수":"--",
            "건폐율점수":"--",
            "세대당주차수":30,
            "난방방식":30,
            "공급면적":"--",
            "전용률":"--",
            "욕실수":100,
            "현관타입":100,
            "주거총점":61.0,
            "지역구공급총점":0.0,
            "역세권":50,
            "30분내 이동가능 거점":20,
            "1시간내 이동가능 거점":100,
            "교통총점":51.0,
            "백화점":100,
            "아울렛몰":80,
            "대형마트":80,
            "은행":0,
            "병원":60,
            "종합병원":100,
            "공원":100,
            "혐오시설":0,
            "인프라총점":79.0,
            "초등학군":86.87,
            "중학군":50.32,
            "학군총점":57.63,
            "인구수":50.5,
            "인구증감":13.51,
            "인구총점":39.403,
            "일자리":17.2,
            "소득수준":67.44,
            "일자리총점":32.272,
            "가치 총점":62.3945,
            "매매실거래년":20211227.0,
            "매매실거래가":150000.0,
            "전세실거래년":20220109.0,
            "전세실거래가":70000.0,
            "전세가율":51.47,
            "장기전세가율평균":60.27,
            "전세가율거품지수":8.8,
            "검색코드":109217,
            "세대수":482.0,
            "준공년월":"2016-08-18",
            "준공년차":7.0,
            "가까운역이름":"둔촌동",
            "가까운역거리":703.04,
            "역세권여부":"준역세권",
            "30분이내주요거점역":1,
            "1시간이내주요거점역":12,
            "3km이내백화점수":2,
            "5km이내아울렛몰수":1,
            "1km이내대형먀트수":1,
            "500m이내은행수":1,
            "500m이내병원수":11,
            "5km이내대형병원수":6,
            "500m이내공원수":5,
            "3km이내혐오시설수":0,
            "초등학교학업성취도":86.87,
            "중학교학업성취도":82.2,
            "용적률":291,
            "건폐율":26,
            "Y":37.526798,
            "X":127.128374,
            "rank":66.0,
            "area_info":"25평(83.0), 32평(108.19), 32평(108.81), 42평(141.0)",
            "last_sales":"2021-12-27,150000.0,32평(108.81)"
        },
        {
            "index":135,
            "아파트명":"강동와이시티(도시형)",
            "투자타입":"일반",
            "전용면적(m2)":"23.33",
            "전용면적(평)":"7평",
            "법정동주소":"서울시 강동구 길동 414-4",
            "도로명주소":"서울시 강동구 천호대로175길 42",
            "세대수":0,
            "입주년차":80,
            "용적률점수":"--",
            "건폐율점수":"--",
            "세대당주차수":0,
            "난방방식":30,
            "공급면적":"--",
            "전용률":"--",
            "욕실수":50,
            "현관타입":10,
            "주거총점":25.0,
            "지역구공급총점":0.0,
            "역세권":80,
            "30분내 이동가능 거점":40,
            "1시간내 이동가능 거점":100,
            "교통총점":72.0,
            "백화점":100,
            "아울렛몰":80,
            "대형마트":0,
            "은행":100,
            "병원":100,
            "종합병원":100,
            "공원":100,
            "혐오시설":0,
            "인프라총점":81.0,
            "초등학군":83.29,
            "중학군":40.86,
            "학군총점":49.346,
            "인구수":50.5,
            "인구증감":13.51,
            "인구총점":39.403,
            "일자리":17.2,
            "소득수준":67.44,
            "일자리총점":32.272,
            "가치 총점":61.9019,
            "매매실거래년":20220106.0,
            "매매실거래가":11400.0,
            "전세실거래년":20210607.0,
            "전세실거래가":13000.0,
            "전세가율":114.04,
            "장기전세가율평균":60.27,
            "전세가율거품지수":-53.77,
            "검색코드":105877,
            "세대수":216.0,
            "준공년월":"2014-01-28",
            "준공년차":9.0,
            "가까운역이름":"길동",
            "가까운역거리":262.59,
            "역세권여부":"역세권",
            "30분이내주요거점역":2,
            "1시간이내주요거점역":11,
            "3km이내백화점수":1,
            "5km이내아울렛몰수":1,
            "1km이내대형먀트수":0,
            "500m이내은행수":10,
            "500m이내병원수":100,
            "5km이내대형병원수":6,
            "500m이내공원수":3,
            "3km이내혐오시설수":0,
            "초등학교학업성취도":83.29,
            "중학교학업성취도":68.1,
            "용적률":596,
            "건폐율":53,
            "Y":37.536585,
            "X":127.137451,
            "rank":67.0,
            "area_info":"7평(23.33), 7평(23.36)",
            "last_sales":"2022-01-06,11400.0,7평(23.33)"
        },
        {
            "index":602,
            "아파트명":"대명사이버",
            "투자타입":"일반",
            "전용면적(m2)":"88.32",
            "전용면적(평)":"26평",
            "법정동주소":"서울시 강동구 천호동 49-8",
            "도로명주소":"서울시 강동구 양재대로123길 31",
            "세대수":0,
            "입주년차":20,
            "용적률점수":"--",
            "건폐율점수":"--",
            "세대당주차수":0,
            "난방방식":30,
            "공급면적":"--",
            "전용률":"--",
            "욕실수":50,
            "현관타입":10,
            "주거총점":13.0,
            "지역구공급총점":0.0,
            "역세권":80,
            "30분내 이동가능 거점":40,
            "1시간내 이동가능 거점":100,
            "교통총점":72.0,
            "백화점":100,
            "아울렛몰":80,
            "대형마트":100,
            "은행":70,
            "병원":60,
            "종합병원":100,
            "공원":100,
            "혐오시설":0,
            "인프라총점":89.0,
            "초등학군":83.29,
            "중학군":39.9,
            "학군총점":48.578,
            "인구수":50.5,
            "인구증감":13.51,
            "인구총점":39.403,
            "일자리":17.2,
            "소득수준":67.44,
            "일자리총점":32.272,
            "가치 총점":61.7867,
            "매매실거래년":20211023.0,
            "매매실거래가":67000.0,
            "전세실거래년":20211009.0,
            "전세실거래가":50000.0,
            "전세가율":74.63,
            "장기전세가율평균":60.27,
            "전세가율거품지수":-14.36,
            "검색코드":3121,
            "세대수":100.0,
            "준공년월":"2001-01-13",
            "준공년차":22.0,
            "가까운역이름":"굽은다리",
            "가까운역거리":325.74,
            "역세권여부":"역세권",
            "30분이내주요거점역":2,
            "1시간이내주요거점역":11,
            "3km이내백화점수":1,
            "5km이내아울렛몰수":1,
            "1km이내대형먀트수":3,
            "500m이내은행수":3,
            "500m이내병원수":24,
            "5km이내대형병원수":4,
            "500m이내공원수":5,
            "3km이내혐오시설수":0,
            "초등학교학업성취도":83.29,
            "중학교학업성취도":65.7,
            "용적률":299,
            "건폐율":31,
            "Y":37.54343,
            "X":127.14021,
            "rank":68.0,
            "area_info":"26평(88.32), 37평(122.93)",
            "last_sales":"2021-10-23,67000.0,26평(88.32)"
        },
        {
            "index":435,
            "아파트명":"동아1차",
            "투자타입":"일반",
            "전용면적(m2)":"76.31",
            "전용면적(평)":"23평",
            "법정동주소":"서울시 강동구 성내동 419-13",
            "도로명주소":"서울시 강동구 풍성로54길 12-11",
            "세대수":0,
            "입주년차":0,
            "용적률점수":"--",
            "건폐율점수":"--",
            "세대당주차수":30,
            "난방방식":30,
            "공급면적":"--",
            "전용률":"--",
            "욕실수":50,
            "현관타입":10,
            "주거총점":13.5,
            "지역구공급총점":0.0,
            "역세권":80,
            "30분내 이동가능 거점":40,
            "1시간내 이동가능 거점":100,
            "교통총점":72.0,
            "백화점":100,
            "아울렛몰":80,
            "대형마트":80,
            "은행":20,
            "병원":80,
            "종합병원":100,
            "공원":100,
            "혐오시설":0,
            "인프라총점":83.0,
            "초등학군":86.87,
            "중학군":50.32,
            "학군총점":57.63,
            "인구수":50.5,
            "인구증감":13.51,
            "인구총점":39.403,
            "일자리":17.2,
            "소득수준":67.44,
            "일자리총점":32.272,
            "가치 총점":61.4445,
            "매매실거래년":20200430.0,
            "매매실거래가":75000.0,
            "전세실거래년":null,
            "전세실거래가":null,
            "전세가율":null,
            "장기전세가율평균":60.27,
            "전세가율거품지수":null,
            "검색코드":992,
            "세대수":135.0,
            "준공년월":"1997-02-28",
            "준공년차":26.0,
            "가까운역이름":"둔촌동",
            "가까운역거리":322.51,
            "역세권여부":"역세권",
            "30분이내주요거점역":2,
            "1시간이내주요거점역":13,
            "3km이내백화점수":1,
            "5km이내아울렛몰수":1,
            "1km이내대형먀트수":1,
            "500m이내은행수":2,
            "500m이내병원수":57,
            "5km이내대형병원수":6,
            "500m이내공원수":4,
            "3km이내혐오시설수":0,
            "초등학교학업성취도":86.87,
            "중학교학업성취도":82.2,
            "용적률":318,
            "건폐율":36,
            "Y":37.528892,
            "X":127.132866,
            "rank":69.0,
            "area_info":"23평(76.31), 26평(86.78), 29평(98.26), 32평(108.89), 33평(111.86), 36평(121.42)",
            "last_sales":"2020-04-30,75000.0,36평(121.42)"
        },
        {
            "index":691,
            "아파트명":"천호롯데",
            "투자타입":"일반",
            "전용면적(m2)":"80.92",
            "전용면적(평)":"24평",
            "법정동주소":"서울시 강동구 천호동 55-4",
            "도로명주소":"서울시 강동구 천중로 161",
            "세대수":0,
            "입주년차":20,
            "용적률점수":"--",
            "건폐율점수":"--",
            "세대당주차수":0,
            "난방방식":30,
            "공급면적":"--",
            "전용률":"--",
            "욕실수":50,
            "현관타입":10,
            "주거총점":13.0,
            "지역구공급총점":0.0,
            "역세권":80,
            "30분내 이동가능 거점":20,
            "1시간내 이동가능 거점":100,
            "교통총점":66.0,
            "백화점":100,
            "아울렛몰":80,
            "대형마트":100,
            "은행":100,
            "병원":80,
            "종합병원":100,
            "공원":100,
            "혐오시설":0,
            "인프라총점":94.0,
            "초등학군":83.29,
            "중학군":39.9,
            "학군총점":48.578,
            "인구수":50.5,
            "인구증감":13.51,
            "인구총점":39.403,
            "일자리":17.2,
            "소득수준":67.44,
            "일자리총점":32.272,
            "가치 총점":61.1867,
            "매매실거래년":20211030.0,
            "매매실거래가":84000.0,
            "전세실거래년":20210826.0,
            "전세실거래가":50000.0,
            "전세가율":70.92,
            "장기전세가율평균":60.27,
            "전세가율거품지수":-10.65,
            "검색코드":1001,
            "세대수":114.0,
            "준공년월":"1999-11-22",
            "준공년차":24.0,
            "가까운역이름":"길동",
            "가까운역거리":437.89,
            "역세권여부":"역세권",
            "30분이내주요거점역":1,
            "1시간이내주요거점역":10,
            "3km이내백화점수":1,
            "5km이내아울렛몰수":1,
            "1km이내대형먀트수":3,
            "500m이내은행수":5,
            "500m이내병원수":39,
            "5km이내대형병원수":5,
            "500m이내공원수":7,
            "3km이내혐오시설수":0,
            "초등학교학업성취도":83.29,
            "중학교학업성취도":65.7,
            "용적률":394,
            "건폐율":31,
            "Y":37.541418,
            "X":127.13804,
            "rank":70.0,
            "area_info":"24평(80.92), 32평(108.24), 34평(113.99), 44평(146.07)",
            "last_sales":"2021-10-30,84000.0,34평(113.99)"
        },
        {
            "index":528,
            "아파트명":"암사e-편한세상",
            "투자타입":"일반",
            "전용면적(m2)":"106.12",
            "전용면적(평)":"32평",
            "법정동주소":"서울시 강동구 암사동 422-26",
            "도로명주소":"서울시 강동구 구천면로 365-13",
            "세대수":0,
            "입주년차":40,
            "용적률점수":"--",
            "건폐율점수":"--",
            "세대당주차수":30,
            "난방방식":30,
            "공급면적":"--",
            "전용률":"--",
            "욕실수":100,
            "현관타입":100,
            "주거총점":35.5,
            "지역구공급총점":0.0,
            "역세권":80,
            "30분내 이동가능 거점":20,
            "1시간내 이동가능 거점":90,
            "교통총점":64.0,
            "백화점":100,
            "아울렛몰":0,
            "대형마트":100,
            "은행":0,
            "병원":80,
            "종합병원":100,
            "공원":100,
            "혐오시설":0,
            "인프라총점":76.0,
            "초등학군":88.26,
            "중학군":50.94,
            "학군총점":58.404,
            "인구수":50.5,
            "인구증감":13.51,
            "인구총점":39.403,
            "일자리":17.2,
            "소득수준":67.44,
            "일자리총점":32.272,
            "가치 총점":61.0606,
            "매매실거래년":20211216.0,
            "매매실거래가":104700.0,
            "전세실거래년":20211030.0,
            "전세실거래가":40400.0,
            "전세가율":44.4,
            "장기전세가율평균":60.27,
            "전세가율거품지수":15.87,
            "검색코드":17531,
            "세대수":131.0,
            "준공년월":"2005-10-28",
            "준공년차":18.0,
            "가까운역이름":"명일",
            "가까운역거리":456.57,
            "역세권여부":"역세권",
            "30분이내주요거점역":1,
            "1시간이내주요거점역":9,
            "3km이내백화점수":1,
            "5km이내아울렛몰수":0,
            "1km이내대형먀트수":3,
            "500m이내은행수":1,
            "500m이내병원수":49,
            "5km이내대형병원수":4,
            "500m이내공원수":9,
            "3km이내혐오시설수":0,
            "초등학교학업성취도":88.26,
            "중학교학업성취도":82.9,
            "용적률":248,
            "건폐율":27,
            "Y":37.551345,
            "X":127.13882,
            "rank":71.0,
            "area_info":"32평(106.12), 32평(106.1), 32평(106.1), 32평(106.07), 32평(106.33)",
            "last_sales":"2021-12-16,104700.0,32평(106.1)"
        },
        {
            "index":698,
            "아파트명":"천호우성",
            "투자타입":"재건축",
            "전용면적(m2)":"71.96",
            "전용면적(평)":"21평",
            "법정동주소":"서울시 강동구 천호동 19-1",
            "도로명주소":"서울시 강동구 구천면로 366",
            "세대수":50,
            "입주년차":"--",
            "용적률점수":80,
            "건폐율점수":0,
            "세대당주차수":"--",
            "난방방식":"--",
            "공급면적":50,
            "전용률":60,
            "욕실수":"--",
            "현관타입":"--",
            "주거총점":52.5,
            "지역구공급총점":0.0,
            "역세권":50,
            "30분내 이동가능 거점":20,
            "1시간내 이동가능 거점":100,
            "교통총점":51.0,
            "백화점":100,
            "아울렛몰":80,
            "대형마트":100,
            "은행":0,
            "병원":60,
            "종합병원":100,
            "공원":100,
            "혐오시설":0,
            "인프라총점":82.0,
            "초등학군":90.14,
            "중학군":39.9,
            "학군총점":49.948,
            "인구수":50.5,
            "인구증감":13.51,
            "인구총점":39.403,
            "일자리":17.2,
            "소득수준":67.44,
            "일자리총점":32.272,
            "가치 총점":60.4422,
            "매매실거래년":20210928.0,
            "매매실거래가":91000.0,
            "전세실거래년":20211116.0,
            "전세실거래가":33000.0,
            "전세가율":36.26,
            "장기전세가율평균":60.27,
            "전세가율거품지수":24.01,
            "검색코드":899,
            "세대수":479.0,
            "준공년월":"1985-02-02",
            "준공년차":38.0,
            "가까운역이름":"명일",
            "가까운역거리":554.61,
            "역세권여부":"준역세권",
            "30분이내주요거점역":1,
            "1시간이내주요거점역":10,
            "3km이내백화점수":1,
            "5km이내아울렛몰수":1,
            "1km이내대형먀트수":3,
            "500m이내은행수":0,
            "500m이내병원수":18,
            "5km이내대형병원수":4,
            "500m이내공원수":5,
            "3km이내혐오시설수":0,
            "초등학교학업성취도":90.14,
            "중학교학업성취도":65.7,
            "용적률":158,
            "건폐율":0,
            "Y":37.549421,
            "X":127.138208,
            "rank":72.0,
            "area_info":"21평(71.96), 26평(88.51), 31평(102.97)",
            "last_sales":"2021-09-28,91000.0,21평(71.96)"
        },
        {
            "index":684,
            "아파트명":"천호e-편한세상",
            "투자타입":"일반",
            "전용면적(m2)":"98.43",
            "전용면적(평)":"29평",
            "법정동주소":"서울시 강동구 천호동 333-55",
            "도로명주소":"서울시 강동구 올림픽로81길 15",
            "세대수":0,
            "입주년차":40,
            "용적률점수":"--",
            "건폐율점수":"--",
            "세대당주차수":60,
            "난방방식":30,
            "공급면적":"--",
            "전용률":"--",
            "욕실수":100,
            "현관타입":100,
            "주거총점":40.0,
            "지역구공급총점":0.0,
            "역세권":50,
            "30분내 이동가능 거점":40,
            "1시간내 이동가능 거점":100,
            "교통총점":57.0,
            "백화점":100,
            "아울렛몰":80,
            "대형마트":100,
            "은행":0,
            "병원":60,
            "종합병원":100,
            "공원":100,
            "혐오시설":0,
            "인프라총점":82.0,
            "초등학군":87.28,
            "중학군":41.9,
            "학군총점":50.976,
            "인구수":50.5,
            "인구증감":13.51,
            "인구총점":39.403,
            "일자리":17.2,
            "소득수준":67.44,
            "일자리총점":32.272,
            "가치 총점":60.1964,
            "매매실거래년":20211112.0,
            "매매실거래가":134000.0,
            "전세실거래년":20110917.0,
            "전세실거래가":28000.0,
            "전세가율":71.16,
            "장기전세가율평균":60.27,
            "전세가율거품지수":-10.89,
            "검색코드":22266,
            "세대수":150.0,
            "준공년월":"2005-10-28",
            "준공년차":18.0,
            "가까운역이름":"천호",
            "가까운역거리":678.26,
            "역세권여부":"준역세권",
            "30분이내주요거점역":2,
            "1시간이내주요거점역":12,
            "3km이내백화점수":1,
            "5km이내아울렛몰수":1,
            "1km이내대형먀트수":2,
            "500m이내은행수":1,
            "500m이내병원수":26,
            "5km이내대형병원수":6,
            "500m이내공원수":3,
            "3km이내혐오시설수":0,
            "초등학교학업성취도":87.28,
            "중학교학업성취도":69.1,
            "용적률":245,
            "건폐율":24,
            "Y":37.544471,
            "X":127.124278,
            "rank":73.0,
            "area_info":"29평(98.43), 32평(106.29), 32평(106.26), 34평(113.46), 34평(114.33), 38평(126.15), 41평(137.52)",
            "last_sales":"2021-11-12,134000.0,41평(137.52)"
        },
        {
            "index":58,
            "아파트명":"고덕그라시움",
            "투자타입":"일반",
            "전용면적(m2)":"82.55",
            "전용면적(평)":"24평",
            "법정동주소":"서울시 강동구 고덕동 693",
            "도로명주소":"서울시 강동구 고덕로 333",
            "세대수":100,
            "입주년차":100,
            "용적률점수":"--",
            "건폐율점수":"--",
            "세대당주차수":60,
            "난방방식":100,
            "공급면적":"--",
            "전용률":"--",
            "욕실수":100,
            "현관타입":100,
            "주거총점":94.0,
            "지역구공급총점":0.0,
            "역세권":80,
            "30분내 이동가능 거점":0,
            "1시간내 이동가능 거점":80,
            "교통총점":56.0,
            "백화점":0,
            "아울렛몰":0,
            "대형마트":100,
            "은행":0,
            "병원":60,
            "종합병원":100,
            "공원":100,
            "혐오시설":0,
            "인프라총점":44.0,
            "초등학군":100.0,
            "중학군":42.04,
            "학군총점":53.632,
            "인구수":50.5,
            "인구증감":13.51,
            "인구총점":39.403,
            "일자리":17.2,
            "소득수준":67.44,
            "일자리총점":32.272,
            "가치 총점":59.6448,
            "매매실거래년":20211113.0,
            "매매실거래가":185000.0,
            "전세실거래년":20220118.0,
            "전세실거래가":43000.0,
            "전세가율":28.67,
            "장기전세가율평균":60.27,
            "전세가율거품지수":31.6,
            "검색코드":113907,
            "세대수":4932.0,
            "준공년월":"2019-09-27",
            "준공년차":4.0,
            "가까운역이름":"상일동",
            "가까운역거리":380.22,
            "역세권여부":"역세권",
            "30분이내주요거점역":0,
            "1시간이내주요거점역":8,
            "3km이내백화점수":0,
            "5km이내아울렛몰수":0,
            "1km이내대형먀트수":3,
            "500m이내은행수":0,
            "500m이내병원수":10,
            "5km이내대형병원수":3,
            "500m이내공원수":4,
            "3km이내혐오시설수":0,
            "초등학교학업성취도":100.0,
            "중학교학업성취도":69.0,
            "용적률":249,
            "건폐율":20,
            "Y":37.557477,
            "X":127.162213,
            "rank":74.0,
            "area_info":"24평(82.55), 24평(82.4), 24평(82.36), 24평(82.59), 30평(100.95), 30평(101.76), 34평(114.66), 34평(115.63), 34평(115.67), 34평(115.16), 40평(132.69), 40평(133.41), 46평(153.91), 46평(154.34), 46평(155.27), 52평(172.99), 55평(184.64), 55평(184.92), 60평(200.96), 73평(242.99), 73평(243.62), 73평(243.52)",
            "last_sales":"2021-11-13,185000.0,34평(115.67)"
        },
        {
            "index":430,
            "아파트명":"SM엘루이",
            "투자타입":"일반",
            "전용면적(m2)":"24.38",
            "전용면적(평)":"7평",
            "법정동주소":"서울시 강동구 성내동 379-17",
            "도로명주소":"서울시 강동구 양재대로 1419",
            "세대수":0,
            "입주년차":100,
            "용적률점수":"--",
            "건폐율점수":"--",
            "세대당주차수":0,
            "난방방식":30,
            "공급면적":"--",
            "전용률":"--",
            "욕실수":50,
            "현관타입":100,
            "주거총점":38.0,
            "지역구공급총점":0.0,
            "역세권":50,
            "30분내 이동가능 거점":40,
            "1시간내 이동가능 거점":100,
            "교통총점":57.0,
            "백화점":100,
            "아울렛몰":80,
            "대형마트":0,
            "은행":100,
            "병원":100,
            "종합병원":100,
            "공원":80,
            "혐오시설":0,
            "인프라총점":80.4,
            "초등학군":87.77,
            "중학군":40.86,
            "학군총점":50.242,
            "인구수":50.5,
            "인구증감":13.51,
            "인구총점":39.403,
            "일자리":17.2,
            "소득수준":67.44,
            "일자리총점":32.272,
            "가치 총점":59.2063,
            "매매실거래년":"18000101",
            "매매실거래가":null,
            "전세실거래년":20211228.0,
            "전세실거래가":20000.0,
            "전세가율":null,
            "장기전세가율평균":60.27,
            "전세가율거품지수":null,
            "검색코드":126460,
            "세대수":104.0,
            "준공년월":"2019-08-20",
            "준공년차":4.0,
            "가까운역이름":"강동",
            "가까운역거리":555.01,
            "역세권여부":"준역세권",
            "30분이내주요거점역":2,
            "1시간이내주요거점역":13,
            "3km이내백화점수":1,
            "5km이내아울렛몰수":1,
            "1km이내대형먀트수":0,
            "500m이내은행수":7,
            "500m이내병원수":64,
            "5km이내대형병원수":6,
            "500m이내공원수":1,
            "3km이내혐오시설수":0,
            "초등학교학업성취도":87.77,
            "중학교학업성취도":68.1,
            "용적률":472,
            "건폐율":58,
            "Y":37.532973,
            "X":127.137665,
            "rank":75.0,
            "area_info":"7평(24.38), 11평(37.61), 11평(38.37), 12평(42.97), 13평(46.08)",
            "last_sales":"1800-01-01,nan,7평(24.38)"
        },
        {
            "index":496,
            "아파트명":"강동현대홈타운",
            "투자타입":"일반",
            "전용면적(m2)":"84.09",
            "전용면적(평)":"25평",
            "법정동주소":"서울시 강동구 암사동 400",
            "도로명주소":"서울시 강동구 고덕로27길 36",
            "세대수":50,
            "입주년차":40,
            "용적률점수":"--",
            "건폐율점수":"--",
            "세대당주차수":30,
            "난방방식":30,
            "공급면적":"--",
            "전용률":"--",
            "욕실수":100,
            "현관타입":100,
            "주거총점":53.0,
            "지역구공급총점":0.0,
            "역세권":50,
            "30분내 이동가능 거점":20,
            "1시간내 이동가능 거점":90,
            "교통총점":49.0,
            "백화점":100,
            "아울렛몰":0,
            "대형마트":100,
            "은행":0,
            "병원":60,
            "종합병원":100,
            "공원":100,
            "혐오시설":0,
            "인프라총점":74.0,
            "초등학군":88.26,
            "중학군":53.36,
            "학군총점":60.34,
            "인구수":50.5,
            "인구증감":13.51,
            "인구총점":39.403,
            "일자리":17.2,
            "소득수준":67.44,
            "일자리총점":32.272,
            "가치 총점":59.001,
            "매매실거래년":20201201.0,
            "매매실거래가":149500.0,
            "전세실거래년":20211218.0,
            "전세실거래가":45150.0,
            "전세가율":50.17,
            "장기전세가율평균":60.27,
            "전세가율거품지수":10.1,
            "검색코드":9682,
            "세대수":568.0,
            "준공년월":"2004-08-27",
            "준공년차":19.0,
            "가까운역이름":"명일",
            "가까운역거리":769.23,
            "역세권여부":"준역세권",
            "30분이내주요거점역":1,
            "1시간이내주요거점역":9,
            "3km이내백화점수":1,
            "5km이내아울렛몰수":0,
            "1km이내대형먀트수":2,
            "500m이내은행수":1,
            "500m이내병원수":13,
            "5km이내대형병원수":5,
            "500m이내공원수":4,
            "3km이내혐오시설수":0,
            "초등학교학업성취도":88.26,
            "중학교학업성취도":86.4,
            "용적률":277,
            "건폐율":14,
            "Y":37.556621,
            "X":127.138318,
            "rank":76.0,
            "area_info":"25평(84.09), 33평(111.87), 42평(141.8)",
            "last_sales":"2020-12-01,149500.0,42평(141.8)"
        },
        {
            "index":129,
            "아파트명":"e편한세상강동에코포레",
            "투자타입":"일반",
            "전용면적(m2)":"74.85",
            "전용면적(평)":"22평",
            "법정동주소":"서울시 강동구 길동 477",
            "도로명주소":"서울시 강동구 천중로 253",
            "세대수":30,
            "입주년차":100,
            "용적률점수":"--",
            "건폐율점수":"--",
            "세대당주차수":60,
            "난방방식":30,
            "공급면적":"--",
            "전용률":"--",
            "욕실수":50,
            "현관타입":100,
            "주거총점":57.5,
            "지역구공급총점":0.0,
            "역세권":50,
            "30분내 이동가능 거점":20,
            "1시간내 이동가능 거점":70,
            "교통총점":45.0,
            "백화점":100,
            "아울렛몰":80,
            "대형마트":80,
            "은행":20,
            "병원":30,
            "종합병원":100,
            "공원":80,
            "혐오시설":0,
            "인프라총점":77.4,
            "초등학군":86.3,
            "중학군":48.76,
            "학군총점":56.268,
            "인구수":50.5,
            "인구증감":13.51,
            "인구총점":39.403,
            "일자리":17.2,
            "소득수준":67.44,
            "일자리총점":32.272,
            "가치 총점":58.9102,
            "매매실거래년":20210115.0,
            "매매실거래가":130000.0,
            "전세실거래년":20200229.0,
            "전세실거래가":37000.0,
            "전세가율":null,
            "장기전세가율평균":60.27,
            "전세가율거품지수":null,
            "검색코드":119933,
            "세대수":366.0,
            "준공년월":"2020-04-01",
            "준공년차":3.0,
            "가까운역이름":"굽은다리",
            "가까운역거리":669.61,
            "역세권여부":"준역세권",
            "30분이내주요거점역":1,
            "1시간이내주요거점역":7,
            "3km이내백화점수":1,
            "5km이내아울렛몰수":1,
            "1km이내대형먀트수":1,
            "500m이내은행수":2,
            "500m이내병원수":9,
            "5km이내대형병원수":4,
            "500m이내공원수":1,
            "3km이내혐오시설수":0,
            "초등학교학업성취도":86.3,
            "중학교학업성취도":80.0,
            "용적률":290,
            "건폐율":23,
            "Y":37.541198,
            "X":127.148197,
            "rank":77.0,
            "area_info":"22평(74.85), 25평(82.71), 25평(83.43), 25평(83.85), 32평(108.69), 33평(110.52)",
            "last_sales":"2021-01-15,130000.0,33평(110.52)"
        },
        {
            "index":714,
            "아파트명":"한신",
            "투자타입":"재건축",
            "전용면적(m2)":"49.06",
            "전용면적(평)":"14평",
            "법정동주소":"서울시 강동구 천호동 237",
            "도로명주소":"서울시 강동구 구천면로42길 16",
            "세대수":0,
            "입주년차":"--",
            "용적률점수":60,
            "건폐율점수":80,
            "세대당주차수":"--",
            "난방방식":"--",
            "공급면적":50,
            "전용률":60,
            "욕실수":"--",
            "현관타입":"--",
            "주거총점":45.5,
            "지역구공급총점":0.0,
            "역세권":50,
            "30분내 이동가능 거점":20,
            "1시간내 이동가능 거점":100,
            "교통총점":51.0,
            "백화점":100,
            "아울렛몰":80,
            "대형마트":100,
            "은행":0,
            "병원":60,
            "종합병원":100,
            "공원":100,
            "혐오시설":0,
            "인프라총점":82.0,
            "초등학군":84.2,
            "중학군":39.9,
            "학군총점":48.76,
            "인구수":50.5,
            "인구증감":13.51,
            "인구총점":39.403,
            "일자리":17.2,
            "소득수준":67.44,
            "일자리총점":32.272,
            "가치 총점":58.864,
            "매매실거래년":20210724.0,
            "매매실거래가":65500.0,
            "전세실거래년":20210703.0,
            "전세실거래가":25000.0,
            "전세가율":56.43,
            "장기전세가율평균":60.27,
            "전세가율거품지수":3.84,
            "검색코드":1335,
            "세대수":224.0,
            "준공년월":"1991-03-30",
            "준공년차":32.0,
            "가까운역이름":"굽은다리",
            "가까운역거리":709.29,
            "역세권여부":"준역세권",
            "30분이내주요거점역":1,
            "1시간이내주요거점역":11,
            "3km이내백화점수":1,
            "5km이내아울렛몰수":1,
            "1km이내대형먀트수":4,
            "500m이내은행수":0,
            "500m이내병원수":18,
            "5km이내대형병원수":5,
            "500m이내공원수":7,
            "3km이내혐오시설수":0,
            "초등학교학업성취도":84.2,
            "중학교학업성취도":65.7,
            "용적률":240,
            "건폐율":21,
            "Y":37.545828,
            "X":127.13482,
            "rank":78.0,
            "area_info":"14평(49.06), 18평(62.01), 23평(76.47), 23평(76.79), 32평(106.31), 32평(107.89), 32평(108.17)",
            "last_sales":"2021-07-24,65500.0,23평(76.79)"
        },
        {
            "index":244,
            "아파트명":"현대웰하임2단지(도시형)",
            "투자타입":"일반",
            "전용면적(m2)":"19.12",
            "전용면적(평)":"5평",
            "법정동주소":"서울시 강동구 길동 343-2",
            "도로명주소":"서울시 강동구 천중로49가길 56",
            "세대수":0,
            "입주년차":60,
            "용적률점수":"--",
            "건폐율점수":"--",
            "세대당주차수":0,
            "난방방식":30,
            "공급면적":"--",
            "전용률":"--",
            "욕실수":50,
            "현관타입":100,
            "주거총점":30.0,
            "지역구공급총점":0.0,
            "역세권":50,
            "30분내 이동가능 거점":20,
            "1시간내 이동가능 거점":100,
            "교통총점":51.0,
            "백화점":100,
            "아울렛몰":80,
            "대형마트":80,
            "은행":70,
            "병원":60,
            "종합병원":100,
            "공원":100,
            "혐오시설":0,
            "인프라총점":86.0,
            "초등학군":86.17,
            "중학군":48.76,
            "학군총점":56.242,
            "인구수":50.5,
            "인구증감":13.51,
            "인구총점":39.403,
            "일자리":17.2,
            "소득수준":67.44,
            "일자리총점":32.272,
            "가치 총점":58.0863,
            "매매실거래년":20211218.0,
            "매매실거래가":14000.0,
            "전세실거래년":20210528.0,
            "전세실거래가":10000.0,
            "전세가율":114.94,
            "장기전세가율평균":60.27,
            "전세가율거품지수":-54.67,
            "검색코드":105068,
            "세대수":139.0,
            "준공년월":"2012-04-27",
            "준공년차":11.0,
            "가까운역이름":"굽은다리",
            "가까운역거리":539.96,
            "역세권여부":"준역세권",
            "30분이내주요거점역":1,
            "1시간이내주요거점역":10,
            "3km이내백화점수":1,
            "5km이내아울렛몰수":1,
            "1km이내대형먀트수":1,
            "500m이내은행수":4,
            "500m이내병원수":18,
            "5km이내대형병원수":4,
            "500m이내공원수":2,
            "3km이내혐오시설수":0,
            "초등학교학업성취도":86.17,
            "중학교학업성취도":80.0,
            "용적률":240,
            "건폐율":49,
            "Y":37.541232,
            "X":127.145827,
            "rank":79.0,
            "area_info":"5평(19.12), 6평(20.09), 6평(21.11), 7평(23.85), 7평(24.87), 7평(24.94), 7평(25.54), 8평(27.03)",
            "last_sales":"2021-12-18,14000.0,8평(27.03)"
        },
        {
            "index":290,
            "아파트명":"명일삼환",
            "투자타입":"재건축",
            "전용면적(m2)":"106.32",
            "전용면적(평)":"32평",
            "법정동주소":"서울시 강동구 명일동 47",
            "도로명주소":"서울시 강동구 고덕로62길 29",
            "세대수":30,
            "입주년차":"--",
            "용적률점수":20,
            "건폐율점수":80,
            "세대당주차수":"--",
            "난방방식":"--",
            "공급면적":90,
            "전용률":80,
            "욕실수":"--",
            "현관타입":"--",
            "주거총점":41.5,
            "지역구공급총점":0.0,
            "역세권":80,
            "30분내 이동가능 거점":40,
            "1시간내 이동가능 거점":90,
            "교통총점":70.0,
            "백화점":0,
            "아울렛몰":0,
            "대형마트":100,
            "은행":100,
            "병원":80,
            "종합병원":100,
            "공원":100,
            "혐오시설":0,
            "인프라총점":56.0,
            "초등학군":93.1,
            "중학군":45.76,
            "학군총점":55.228,
            "인구수":50.5,
            "인구증감":13.51,
            "인구총점":39.403,
            "일자리":17.2,
            "소득수준":67.44,
            "일자리총점":32.272,
            "가치 총점":57.8842,
            "매매실거래년":20211013.0,
            "매매실거래가":145000.0,
            "전세실거래년":20220111.0,
            "전세실거래가":53000.0,
            "전세가율":36.55,
            "장기전세가율평균":60.27,
            "전세가율거품지수":23.72,
            "검색코드":1311,
            "세대수":306.0,
            "준공년월":"1992-06-30",
            "준공년차":31.0,
            "가까운역이름":"고덕",
            "가까운역거리":140.47,
            "역세권여부":"역세권",
            "30분이내주요거점역":2,
            "1시간이내주요거점역":9,
            "3km이내백화점수":0,
            "5km이내아울렛몰수":0,
            "1km이내대형먀트수":3,
            "500m이내은행수":6,
            "500m이내병원수":43,
            "5km이내대형병원수":3,
            "500m이내공원수":3,
            "3km이내혐오시설수":0,
            "초등학교학업성취도":93.1,
            "중학교학업성취도":75.8,
            "용적률":286,
            "건폐율":21,
            "Y":37.55377,
            "X":127.15381,
            "rank":80.0,
            "area_info":"32평(106.32), 32평(106.32), 32평(106.28)",
            "last_sales":"2021-10-13,145000.0,32평(106.32)"
        },
        {
            "index":626,
            "아파트명":"동아하이빌",
            "투자타입":"일반",
            "전용면적(m2)":"78.29",
            "전용면적(평)":"23평",
            "법정동주소":"서울시 강동구 천호동 217-132",
            "도로명주소":"서울시 강동구 구천면로 278",
            "세대수":50,
            "입주년차":20,
            "용적률점수":"--",
            "건폐율점수":"--",
            "세대당주차수":30,
            "난방방식":30,
            "공급면적":"--",
            "전용률":"--",
            "욕실수":50,
            "현관타입":100,
            "주거총점":44.0,
            "지역구공급총점":0.0,
            "역세권":50,
            "30분내 이동가능 거점":20,
            "1시간내 이동가능 거점":90,
            "교통총점":49.0,
            "백화점":100,
            "아울렛몰":80,
            "대형마트":100,
            "은행":0,
            "병원":60,
            "종합병원":100,
            "공원":100,
            "혐오시설":0,
            "인프라총점":82.0,
            "초등학군":84.2,
            "중학군":39.9,
            "학군총점":48.76,
            "인구수":50.5,
            "인구증감":13.51,
            "인구총점":39.403,
            "일자리":17.2,
            "소득수준":67.44,
            "일자리총점":32.272,
            "가치 총점":57.864,
            "매매실거래년":20200207.0,
            "매매실거래가":76700.0,
            "전세실거래년":null,
            "전세실거래가":null,
            "전세가율":null,
            "장기전세가율평균":60.27,
            "전세가율거품지수":null,
            "검색코드":7956,
            "세대수":526.0,
            "준공년월":"2000-06-15",
            "준공년차":23.0,
            "가까운역이름":"굽은다리",
            "가까운역거리":761.89,
            "역세권여부":"준역세권",
            "30분이내주요거점역":1,
            "1시간이내주요거점역":9,
            "3km이내백화점수":1,
            "5km이내아울렛몰수":1,
            "1km이내대형먀트수":4,
            "500m이내은행수":0,
            "500m이내병원수":23,
            "5km이내대형병원수":5,
            "500m이내공원수":7,
            "3km이내혐오시설수":0,
            "초등학교학업성취도":84.2,
            "중학교학업성취도":65.7,
            "용적률":313,
            "건폐율":21,
            "Y":37.544788,
            "X":127.134255,
            "rank":81.0,
            "area_info":"23평(78.29), 26평(86.97), 32평(107.8), 33평(110.92), 45평(150.07)",
            "last_sales":"2020-02-07,76700.0,45평(150.07)"
        },
        {
            "index":324,
            "아파트명":"한양",
            "투자타입":"재건축",
            "전용면적(m2)":"102.13",
            "전용면적(평)":"30평",
            "법정동주소":"서울시 강동구 명일동 54",
            "도로명주소":"서울시 강동구 동남로71길 19",
            "세대수":50,
            "입주년차":"--",
            "용적률점수":80,
            "건폐율점수":100,
            "세대당주차수":"--",
            "난방방식":"--",
            "공급면적":90,
            "전용률":80,
            "욕실수":"--",
            "현관타입":"--",
            "주거총점":75.5,
            "지역구공급총점":0.0,
            "역세권":50,
            "30분내 이동가능 거점":20,
            "1시간내 이동가능 거점":80,
            "교통총점":47.0,
            "백화점":0,
            "아울렛몰":0,
            "대형마트":100,
            "은행":100,
            "병원":80,
            "종합병원":100,
            "공원":100,
            "혐오시설":0,
            "인프라총점":56.0,
            "초등학군":93.1,
            "중학군":54.16,
            "학군총점":61.948,
            "인구수":50.5,
            "인구증감":13.51,
            "인구총점":39.403,
            "일자리":17.2,
            "소득수준":67.44,
            "일자리총점":32.272,
            "가치 총점":57.6422,
            "매매실거래년":20211008.0,
            "매매실거래가":160000.0,
            "전세실거래년":20211228.0,
            "전세실거래가":47250.0,
            "전세가율":29.53,
            "장기전세가율평균":60.27,
            "전세가율거품지수":30.74,
            "검색코드":1315,
            "세대수":540.0,
            "준공년월":"1986-05-10",
            "준공년차":37.0,
            "가까운역이름":"고덕",
            "가까운역거리":502.1,
            "역세권여부":"준역세권",
            "30분이내주요거점역":1,
            "1시간이내주요거점역":8,
            "3km이내백화점수":0,
            "5km이내아울렛몰수":0,
            "1km이내대형먀트수":3,
            "500m이내은행수":7,
            "500m이내병원수":46,
            "5km이내대형병원수":4,
            "500m이내공원수":2,
            "3km이내혐오시설수":0,
            "초등학교학업성취도":93.1,
            "중학교학업성취도":87.4,
            "용적률":175,
            "건폐율":15,
            "Y":37.55059,
            "X":127.155352,
            "rank":82.0,
            "area_info":"30평(102.13), 37평(125.3), 41평(138.25)",
            "last_sales":"2021-10-08,160000.0,30평(102.13)"
        },
        {
            "index":125,
            "아파트명":"GS강동자이",
            "투자타입":"일반",
            "전용면적(m2)":"104.46",
            "전용면적(평)":"31평",
            "법정동주소":"서울시 강동구 길동 474",
            "도로명주소":"서울시 강동구 천호대로 1239",
            "세대수":50,
            "입주년차":20,
            "용적률점수":"--",
            "건폐율점수":"--",
            "세대당주차수":60,
            "난방방식":30,
            "공급면적":"--",
            "전용률":"--",
            "욕실수":100,
            "현관타입":100,
            "주거총점":53.5,
            "지역구공급총점":0.0,
            "역세권":50,
            "30분내 이동가능 거점":20,
            "1시간내 이동가능 거점":90,
            "교통총점":49.0,
            "백화점":100,
            "아울렛몰":80,
            "대형마트":0,
            "은행":70,
            "병원":60,
            "종합병원":100,
            "공원":0,
            "혐오시설":0,
            "인프라총점":71.0,
            "초등학군":86.17,
            "중학군":48.76,
            "학군총점":56.242,
            "인구수":50.5,
            "인구증감":13.51,
            "인구총점":39.403,
            "일자리":17.2,
            "소득수준":67.44,
            "일자리총점":32.272,
            "가치 총점":57.5863,
            "매매실거래년":20210522.0,
            "매매실거래가":159000.0,
            "전세실거래년":20110117.0,
            "전세실거래가":25000.0,
            "전세가율":29.59,
            "장기전세가율평균":60.27,
            "전세가율거품지수":30.68,
            "검색코드":8755,
            "세대수":596.0,
            "준공년월":"2003-11-12",
            "준공년차":20.0,
            "가까운역이름":"길동",
            "가까운역거리":760.46,
            "역세권여부":"준역세권",
            "30분이내주요거점역":1,
            "1시간이내주요거점역":9,
            "3km이내백화점수":1,
            "5km이내아울렛몰수":1,
            "1km이내대형먀트수":0,
            "500m이내은행수":3,
            "500m이내병원수":20,
            "5km이내대형병원수":4,
            "500m이내공원수":0,
            "3km이내혐오시설수":0,
            "초등학교학업성취도":86.17,
            "중학교학업성취도":80.0,
            "용적률":299,
            "건폐율":20,
            "Y":37.537495,
            "X":127.14862,
            "rank":83.0,
            "area_info":"31평(104.46), 33평(110.62), 45평(150.6), 52평(172.42)",
            "last_sales":"2021-05-22,159000.0,52평(172.42)"
        },
        {
            "index":593,
            "아파트명":"강변그대가갤럭시",
            "투자타입":"일반",
            "전용면적(m2)":"110.72",
            "전용면적(평)":"33평",
            "법정동주소":"서울시 강동구 천호동 570",
            "도로명주소":"서울시 강동구 올림픽로89길 55",
            "세대수":0,
            "입주년차":60,
            "용적률점수":"--",
            "건폐율점수":"--",
            "세대당주차수":60,
            "난방방식":30,
            "공급면적":"--",
            "전용률":"--",
            "욕실수":100,
            "현관타입":100,
            "주거총점":44.0,
            "지역구공급총점":0.0,
            "역세권":50,
            "30분내 이동가능 거점":20,
            "1시간내 이동가능 거점":100,
            "교통총점":51.0,
            "백화점":100,
            "아울렛몰":80,
            "대형마트":100,
            "은행":0,
            "병원":10,
            "종합병원":100,
            "공원":100,
            "혐오시설":0,
            "인프라총점":77.0,
            "초등학군":88.8,
            "중학군":41.9,
            "학군총점":51.28,
            "인구수":50.5,
            "인구증감":13.51,
            "인구총점":39.403,
            "일자리":17.2,
            "소득수준":67.44,
            "일자리총점":32.272,
            "가치 총점":57.442,
            "매매실거래년":20210522.0,
            "매매실거래가":98000.0,
            "전세실거래년":20211115.0,
            "전세실거래가":74000.0,
            "전세가율":68.52,
            "장기전세가율평균":60.27,
            "전세가율거품지수":-8.25,
            "검색코드":26140,
            "세대수":134.0,
            "준공년월":"2009-04-20",
            "준공년차":14.0,
            "가까운역이름":"암사",
            "가까운역거리":550.68,
            "역세권여부":"준역세권",
            "30분이내주요거점역":1,
            "1시간이내주요거점역":13,
            "3km이내백화점수":1,
            "5km이내아울렛몰수":1,
            "1km이내대형먀트수":2,
            "500m이내은행수":1,
            "500m이내병원수":2,
            "5km이내대형병원수":6,
            "500m이내공원수":4,
            "3km이내혐오시설수":0,
            "초등학교학업성취도":88.8,
            "중학교학업성취도":69.1,
            "용적률":221,
            "건폐율":20,
            "Y":37.546822,
            "X":127.123006,
            "rank":84.0,
            "area_info":"33평(110.72), 34평(112.42), 46평(155.03)",
            "last_sales":"2021-05-22,98000.0,46평(155.03)"
        },
        {
            "index":243,
            "아파트명":"현대웰하임1단지(도시형)",
            "투자타입":"일반",
            "전용면적(m2)":"25.72",
            "전용면적(평)":"7평",
            "법정동주소":"서울시 강동구 길동 343-1",
            "도로명주소":"서울시 강동구 천중로53길 6",
            "세대수":0,
            "입주년차":60,
            "용적률점수":"--",
            "건폐율점수":"--",
            "세대당주차수":0,
            "난방방식":30,
            "공급면적":"--",
            "전용률":"--",
            "욕실수":50,
            "현관타입":10,
            "주거총점":21.0,
            "지역구공급총점":0.0,
            "역세권":50,
            "30분내 이동가능 거점":20,
            "1시간내 이동가능 거점":100,
            "교통총점":51.0,
            "백화점":100,
            "아울렛몰":80,
            "대형마트":80,
            "은행":100,
            "병원":60,
            "종합병원":100,
            "공원":100,
            "혐오시설":0,
            "인프라총점":89.0,
            "초등학군":86.17,
            "중학군":48.76,
            "학군총점":56.242,
            "인구수":50.5,
            "인구증감":13.51,
            "인구총점":39.403,
            "일자리":17.2,
            "소득수준":67.44,
            "일자리총점":32.272,
            "가치 총점":57.1863,
            "매매실거래년":20211112.0,
            "매매실거래가":14000.0,
            "전세실거래년":20211229.0,
            "전세실거래가":13500.0,
            "전세가율":96.43,
            "장기전세가율평균":60.27,
            "전세가율거품지수":-36.16,
            "검색코드":105069,
            "세대수":128.0,
            "준공년월":"2012-04-27",
            "준공년차":11.0,
            "가까운역이름":"굽은다리",
            "가까운역거리":535.95,
            "역세권여부":"준역세권",
            "30분이내주요거점역":1,
            "1시간이내주요거점역":10,
            "3km이내백화점수":1,
            "5km이내아울렛몰수":1,
            "1km이내대형먀트수":1,
            "500m이내은행수":5,
            "500m이내병원수":20,
            "5km이내대형병원수":4,
            "500m이내공원수":2,
            "3km이내혐오시설수":0,
            "초등학교학업성취도":86.17,
            "중학교학업성취도":80.0,
            "용적률":249,
            "건폐율":30,
            "Y":37.541121,
            "X":127.145455,
            "rank":85.0,
            "area_info":"7평(25.72)",
            "last_sales":"2021-11-12,14000.0,7평(25.72)"
        },
        {
            "index":110,
            "아파트명":"고덕아이파크",
            "투자타입":"일반",
            "전용면적(m2)":"85.07",
            "전용면적(평)":"25평",
            "법정동주소":"서울시 강동구 고덕동 499",
            "도로명주소":"서울시 강동구 동남로79길 26",
            "세대수":90,
            "입주년차":60,
            "용적률점수":"--",
            "건폐율점수":"--",
            "세대당주차수":60,
            "난방방식":100,
            "공급면적":"--",
            "전용률":"--",
            "욕실수":100,
            "현관타입":100,
            "주거총점":82.5,
            "지역구공급총점":0.0,
            "역세권":80,
            "30분내 이동가능 거점":0,
            "1시간내 이동가능 거점":80,
            "교통총점":56.0,
            "백화점":0,
            "아울렛몰":0,
            "대형마트":100,
            "은행":0,
            "병원":60,
            "종합병원":100,
            "공원":100,
            "혐오시설":0,
            "인프라총점":44.0,
            "초등학군":90.88,
            "중학군":42.04,
            "학군총점":51.808,
            "인구수":50.5,
            "인구증감":13.51,
            "인구총점":39.403,
            "일자리":17.2,
            "소득수준":67.44,
            "일자리총점":32.272,
            "가치 총점":57.0712,
            "매매실거래년":20211103.0,
            "매매실거래가":196000.0,
            "전세실거래년":20211222.0,
            "전세실거래가":35625.0,
            "전세가율":25.45,
            "장기전세가율평균":60.27,
            "전세가율거품지수":34.82,
            "검색코드":25874,
            "세대수":1142.0,
            "준공년월":"2011-12-28",
            "준공년차":12.0,
            "가까운역이름":"고덕",
            "가까운역거리":454.55,
            "역세권여부":"역세권",
            "30분이내주요거점역":0,
            "1시간이내주요거점역":8,
            "3km이내백화점수":0,
            "5km이내아울렛몰수":0,
            "1km이내대형먀트수":3,
            "500m이내은행수":1,
            "500m이내병원수":24,
            "5km이내대형병원수":3,
            "500m이내공원수":7,
            "3km이내혐오시설수":0,
            "초등학교학업성취도":90.88,
            "중학교학업성취도":69.0,
            "용적률":240,
            "건폐율":21,
            "Y":37.558909,
            "X":127.155676,
            "rank":86.0,
            "area_info":"25평(85.07), 34평(113.15), 34평(114.14), 34평(114.16), 44평(147.9), 44평(147.52), 54평(179.54), 54평(181.7), 65평(215.88)",
            "last_sales":"2021-11-03,196000.0,44평(147.9)"
        },
        {
            "index":345,
            "아파트명":"고덕센트럴아이파크",
            "투자타입":"일반",
            "전용면적(m2)":"82.26",
            "전용면적(평)":"24평",
            "법정동주소":"서울시 강동구 상일동 513",
            "도로명주소":"서울시 강동구 고덕로80길 99",
            "세대수":100,
            "입주년차":100,
            "용적률점수":"--",
            "건폐율점수":"--",
            "세대당주차수":60,
            "난방방식":100,
            "공급면적":"--",
            "전용률":"--",
            "욕실수":100,
            "현관타입":100,
            "주거총점":94.0,
            "지역구공급총점":0.0,
            "역세권":80,
            "30분내 이동가능 거점":0,
            "1시간내 이동가능 거점":50,
            "교통총점":50.0,
            "백화점":0,
            "아울렛몰":0,
            "대형마트":80,
            "은행":0,
            "병원":30,
            "종합병원":100,
            "공원":100,
            "혐오시설":0,
            "인프라총점":38.0,
            "초등학군":100.0,
            "중학군":47.1,
            "학군총점":57.68,
            "인구수":50.5,
            "인구증감":13.51,
            "인구총점":39.403,
            "일자리":17.2,
            "소득수준":67.44,
            "일자리총점":32.272,
            "가치 총점":56.352,
            "매매실거래년":20211130.0,
            "매매실거래가":162000.0,
            "전세실거래년":20220110.0,
            "전세실거래가":47250.0,
            "전세가율":32.81,
            "장기전세가율평균":60.27,
            "전세가율거품지수":27.46,
            "검색코드":118210,
            "세대수":1745.0,
            "준공년월":"2019-12-30",
            "준공년차":4.0,
            "가까운역이름":"상일동",
            "가까운역거리":492.93,
            "역세권여부":"역세권",
            "30분이내주요거점역":0,
            "1시간이내주요거점역":5,
            "3km이내백화점수":0,
            "5km이내아울렛몰수":0,
            "1km이내대형먀트수":1,
            "500m이내은행수":1,
            "500m이내병원수":9,
            "5km이내대형병원수":3,
            "500m이내공원수":3,
            "3km이내혐오시설수":0,
            "초등학교학업성취도":100.0,
            "중학교학업성취도":77.9,
            "용적률":249,
            "건폐율":19,
            "Y":37.552284,
            "X":127.166684,
            "rank":87.0,
            "area_info":"24평(82.26), 25평(82.7), 24평(82.42), 30평(102.27), 31평(102.64), 34평(115.36), 35평(115.81), 42평(139.37), 50평(165.58), 54평(179.92)",
            "last_sales":"2021-11-30,162000.0,34평(115.36)"
        },
        {
            "index":569,
            "아파트명":"한강현대",
            "투자타입":"일반",
            "전용면적(m2)":"78.7",
            "전용면적(평)":"23평",
            "법정동주소":"서울시 강동구 암사동 442-1",
            "도로명주소":"서울시 강동구 올림픽로104길 41",
            "세대수":50,
            "입주년차":20,
            "용적률점수":"--",
            "건폐율점수":"--",
            "세대당주차수":30,
            "난방방식":30,
            "공급면적":"--",
            "전용률":"--",
            "욕실수":50,
            "현관타입":100,
            "주거총점":44.0,
            "지역구공급총점":0.0,
            "역세권":50,
            "30분내 이동가능 거점":20,
            "1시간내 이동가능 거점":100,
            "교통총점":51.0,
            "백화점":100,
            "아울렛몰":0,
            "대형마트":100,
            "은행":0,
            "병원":30,
            "종합병원":100,
            "공원":100,
            "혐오시설":0,
            "인프라총점":71.0,
            "초등학군":81.12,
            "중학군":48.28,
            "학군총점":54.848,
            "인구수":50.5,
            "인구증감":13.51,
            "인구총점":39.403,
            "일자리":17.2,
            "소득수준":67.44,
            "일자리총점":32.272,
            "가치 총점":56.1772,
            "매매실거래년":20211025.0,
            "매매실거래가":140000.0,
            "전세실거래년":20211016.0,
            "전세실거래가":35700.0,
            "전세가율":36.8,
            "장기전세가율평균":60.27,
            "전세가율거품지수":23.47,
            "검색코드":996,
            "세대수":417.0,
            "준공년월":"1999-05-31",
            "준공년차":24.0,
            "가까운역이름":"암사",
            "가까운역거리":697.45,
            "역세권여부":"준역세권",
            "30분이내주요거점역":1,
            "1시간이내주요거점역":12,
            "3km이내백화점수":1,
            "5km이내아울렛몰수":0,
            "1km이내대형먀트수":2,
            "500m이내은행수":0,
            "500m이내병원수":8,
            "5km이내대형병원수":5,
            "500m이내공원수":3,
            "3km이내혐오시설수":0,
            "초등학교학업성취도":81.12,
            "중학교학업성취도":79.2,
            "용적률":326,
            "건폐율":20,
            "Y":37.555617,
            "X":127.131572,
            "rank":88.0,
            "area_info":"23평(78.7), 28평(94.42), 33평(111.51), 45평(151.01)",
            "last_sales":"2021-10-25,140000.0,45평(151.01)"
        },
        {
            "index":501,
            "아파트명":"동원베네스트",
            "투자타입":"일반",
            "전용면적(m2)":"90.69",
            "전용면적(평)":"27평",
            "법정동주소":"서울시 강동구 암사동 670",
            "도로명주소":"서울시 강동구 고덕로 52-11",
            "세대수":0,
            "입주년차":20,
            "용적률점수":"--",
            "건폐율점수":"--",
            "세대당주차수":30,
            "난방방식":30,
            "공급면적":"--",
            "전용률":"--",
            "욕실수":100,
            "현관타입":100,
            "주거총점":31.5,
            "지역구공급총점":0.0,
            "역세권":50,
            "30분내 이동가능 거점":20,
            "1시간내 이동가능 거점":100,
            "교통총점":51.0,
            "백화점":100,
            "아울렛몰":0,
            "대형마트":100,
            "은행":0,
            "병원":80,
            "종합병원":100,
            "공원":100,
            "혐오시설":0,
            "인프라총점":76.0,
            "초등학군":81.12,
            "중학군":48.28,
            "학군총점":54.848,
            "인구수":50.5,
            "인구증감":13.51,
            "인구총점":39.403,
            "일자리":17.2,
            "소득수준":67.44,
            "일자리총점":32.272,
            "가치 총점":55.1772,
            "매매실거래년":20200509.0,
            "매매실거래가":63000.0,
            "전세실거래년":20210219.0,
            "전세실거래가":36750.0,
            "전세가율":73.65,
            "장기전세가율평균":60.27,
            "전세가율거품지수":-13.38,
            "검색코드":8602,
            "세대수":106.0,
            "준공년월":"2002-12-30",
            "준공년차":21.0,
            "가까운역이름":"암사",
            "가까운역거리":537.52,
            "역세권여부":"준역세권",
            "30분이내주요거점역":1,
            "1시간이내주요거점역":13,
            "3km이내백화점수":1,
            "5km이내아울렛몰수":0,
            "1km이내대형먀트수":2,
            "500m이내은행수":1,
            "500m이내병원수":37,
            "5km이내대형병원수":5,
            "500m이내공원수":3,
            "3km이내혐오시설수":0,
            "초등학교학업성취도":81.12,
            "중학교학업성취도":79.2,
            "용적률":286,
            "건폐율":27,
            "Y":37.55413,
            "X":127.13113,
            "rank":89.0,
            "area_info":"27평(90.69), 27평(91.13), 28평(95.27), 28평(95.15), 32평(105.85), 32평(105.98), 32평(106.21), 32평(106.22)",
            "last_sales":"2020-05-09,63000.0,32평(106.22)"
        },
        {
            "index":536,
            "아파트명":"제이빌더스(도시형)",
            "투자타입":"일반",
            "전용면적(m2)":"29.44",
            "전용면적(평)":"8평",
            "법정동주소":"서울시 강동구 암사동 479-13",
            "도로명주소":"서울시 강동구 암사길 50",
            "세대수":0,
            "입주년차":80,
            "용적률점수":"--",
            "건폐율점수":"--",
            "세대당주차수":0,
            "난방방식":30,
            "공급면적":"--",
            "전용률":"--",
            "욕실수":50,
            "현관타입":100,
            "주거총점":34.0,
            "지역구공급총점":0.0,
            "역세권":50,
            "30분내 이동가능 거점":20,
            "1시간내 이동가능 거점":100,
            "교통총점":51.0,
            "백화점":100,
            "아울렛몰":0,
            "대형마트":100,
            "은행":0,
            "병원":30,
            "종합병원":100,
            "공원":100,
            "혐오시설":0,
            "인프라총점":71.0,
            "초등학군":90.14,
            "중학군":53.36,
            "학군총점":60.716,
            "인구수":50.5,
            "인구증감":13.51,
            "인구총점":39.403,
            "일자리":17.2,
            "소득수준":67.44,
            "일자리총점":32.272,
            "가치 총점":55.0574,
            "매매실거래년":"18000101",
            "매매실거래가":null,
            "전세실거래년":null,
            "전세실거래가":null,
            "전세가율":null,
            "장기전세가율평균":60.27,
            "전세가율거품지수":null,
            "검색코드":132053,
            "세대수":106.0,
            "준공년월":"2016-10-04",
            "준공년차":7.0,
            "가까운역이름":"암사",
            "가까운역거리":671.67,
            "역세권여부":"준역세권",
            "30분이내주요거점역":1,
            "1시간이내주요거점역":12,
            "3km이내백화점수":1,
            "5km이내아울렛몰수":0,
            "1km이내대형먀트수":3,
            "500m이내은행수":0,
            "500m이내병원수":9,
            "5km이내대형병원수":5,
            "500m이내공원수":4,
            "3km이내혐오시설수":0,
            "초등학교학업성취도":90.14,
            "중학교학업성취도":86.4,
            "용적률":191,
            "건폐율":57,
            "Y":37.55168,
            "X":127.134952,
            "rank":90.0,
            "area_info":"8평(29.44), 9평(30.45), 9평(30.35), 9평(31.95), 10평(33.79), 10평(34.69), 10평(34.85), 10평(35.37), 10평(35.48), 11평(36.72), 11평(38.96), 13평(44.72), 14평(47.16), 15평(49.82), 14평(49.18), 15평(50.58), 15평(50.85), 16평(55.9), 17평(57.11), 17평(58.66), 19평(64.84)",
            "last_sales":"1800-01-01,nan,8평(29.44)"
        },
        {
            "index":361,
            "아파트명":"고덕아르테온",
            "투자타입":"일반",
            "전용면적(m2)":"80.86",
            "전용면적(평)":"24평",
            "법정동주소":"서울시 강동구 상일동 519",
            "도로명주소":"서울시 강동구 고덕로 360",
            "세대수":100,
            "입주년차":100,
            "용적률점수":"--",
            "건폐율점수":"--",
            "세대당주차수":60,
            "난방방식":100,
            "공급면적":"--",
            "전용률":"--",
            "욕실수":100,
            "현관타입":100,
            "주거총점":94.0,
            "지역구공급총점":0.0,
            "역세권":80,
            "30분내 이동가능 거점":0,
            "1시간내 이동가능 거점":50,
            "교통총점":50.0,
            "백화점":0,
            "아울렛몰":0,
            "대형마트":0,
            "은행":20,
            "병원":80,
            "종합병원":100,
            "공원":100,
            "혐오시설":0,
            "인프라총점":33.0,
            "초등학군":100.0,
            "중학군":47.1,
            "학군총점":57.68,
            "인구수":50.5,
            "인구증감":13.51,
            "인구총점":39.403,
            "일자리":17.2,
            "소득수준":67.44,
            "일자리총점":32.272,
            "가치 총점":54.852,
            "매매실거래년":20210903.0,
            "매매실거래가":218000.0,
            "전세실거래년":20200523.0,
            "전세실거래가":55000.0,
            "전세가율":null,
            "장기전세가율평균":60.27,
            "전세가율거품지수":null,
            "검색코드":119341,
            "세대수":4066.0,
            "준공년월":"2020-02-01",
            "준공년차":3.0,
            "가까운역이름":"상일동",
            "가까운역거리":338.38,
            "역세권여부":"역세권",
            "30분이내주요거점역":0,
            "1시간이내주요거점역":5,
            "3km이내백화점수":0,
            "5km이내아울렛몰수":0,
            "1km이내대형먀트수":0,
            "500m이내은행수":2,
            "500m이내병원수":40,
            "5km이내대형병원수":3,
            "500m이내공원수":2,
            "3km이내혐오시설수":0,
            "초등학교학업성취도":100.0,
            "중학교학업성취도":77.9,
            "용적률":249,
            "건폐율":19,
            "Y":37.55423,
            "X":127.168638,
            "rank":91.0,
            "area_info":"24평(80.86), 24평(81.05), 24평(81.4), 24평(81.56), 34평(113.98), 34평(114.35), 34평(114.58), 34평(114.14), 46평(152.72)",
            "last_sales":"2021-09-03,218000.0,46평(152.72)"
        },
        {
            "index":80,
            "아파트명":"고덕래미안힐스테이트",
            "투자타입":"일반",
            "전용면적(m2)":"82.55",
            "전용면적(평)":"24평",
            "법정동주소":"서울시 강동구 고덕동 688",
            "도로명주소":"서울시 강동구 아리수로50길 50",
            "세대수":100,
            "입주년차":80,
            "용적률점수":"--",
            "건폐율점수":"--",
            "세대당주차수":60,
            "난방방식":100,
            "공급면적":"--",
            "전용률":"--",
            "욕실수":100,
            "현관타입":100,
            "주거총점":90.0,
            "지역구공급총점":0.0,
            "역세권":50,
            "30분내 이동가능 거점":0,
            "1시간내 이동가능 거점":80,
            "교통총점":41.0,
            "백화점":0,
            "아울렛몰":0,
            "대형마트":100,
            "은행":0,
            "병원":30,
            "종합병원":100,
            "공원":100,
            "혐오시설":0,
            "인프라총점":41.0,
            "초등학군":90.0,
            "중학군":54.86,
            "학군총점":61.888,
            "인구수":50.5,
            "인구증감":13.51,
            "인구총점":39.403,
            "일자리":17.2,
            "소득수준":67.44,
            "일자리총점":32.272,
            "가치 총점":53.9332,
            "매매실거래년":20211226.0,
            "매매실거래가":138000.0,
            "전세실거래년":20220107.0,
            "전세실거래가":57750.0,
            "전세가율":41.85,
            "장기전세가율평균":60.27,
            "전세가율거품지수":18.42,
            "검색코드":108187,
            "세대수":3658.0,
            "준공년월":"2016-12-29",
            "준공년차":7.0,
            "가까운역이름":"고덕",
            "가까운역거리":650.08,
            "역세권여부":"준역세권",
            "30분이내주요거점역":0,
            "1시간이내주요거점역":8,
            "3km이내백화점수":0,
            "5km이내아울렛몰수":0,
            "1km이내대형먀트수":3,
            "500m이내은행수":0,
            "500m이내병원수":8,
            "5km이내대형병원수":4,
            "500m이내공원수":4,
            "3km이내혐오시설수":0,
            "초등학교학업성취도":90.0,
            "중학교학업성취도":89.9,
            "용적률":249,
            "건폐율":19,
            "Y":37.559113,
            "X":127.148905,
            "rank":92.0,
            "area_info":"24평(82.55), 24평(82.55), 24평(82.57), 28평(94.2), 29평(99.01), 34평(115.47), 34평(115.54), 34평(115.36), 34평(115.64), 34평(115.05), 34평(115.57), 39평(132.08), 39평(132.08), 39평(132.18), 41평(138.54), 42평(140.47), 44평(148.63), 48평(161.96), 58평(194.06), 67평(221.73), 67평(223.15), 79평(263.29)",
            "last_sales":"2021-12-26,138000.0,24평(82.55)"
        },
        {
            "index":121,
            "아파트명":"아남",
            "투자타입":"일반",
            "전용면적(m2)":"60.95",
            "전용면적(평)":"18평",
            "법정동주소":"서울시 강동구 고덕동 486",
            "도로명주소":"서울시 강동구 양재대로 1706",
            "세대수":80,
            "입주년차":0,
            "용적률점수":"--",
            "건폐율점수":"--",
            "세대당주차수":0,
            "난방방식":30,
            "공급면적":"--",
            "전용률":"--",
            "욕실수":50,
            "현관타입":10,
            "주거총점":37.0,
            "지역구공급총점":0.0,
            "역세권":50,
            "30분내 이동가능 거점":20,
            "1시간내 이동가능 거점":70,
            "교통총점":45.0,
            "백화점":100,
            "아울렛몰":0,
            "대형마트":100,
            "은행":0,
            "병원":30,
            "종합병원":100,
            "공원":100,
            "혐오시설":0,
            "인프라총점":71.0,
            "초등학군":90.0,
            "중학군":54.86,
            "학군총점":61.888,
            "인구수":50.5,
            "인구증감":13.51,
            "인구총점":39.403,
            "일자리":17.2,
            "소득수준":67.44,
            "일자리총점":32.272,
            "가치 총점":53.7332,
            "매매실거래년":20211120.0,
            "매매실거래가":94800.0,
            "전세실거래년":20211113.0,
            "전세실거래가":35000.0,
            "전세가율":36.92,
            "장기전세가율평균":60.27,
            "전세가율거품지수":23.35,
            "검색코드":1156,
            "세대수":807.0,
            "준공년월":"1996-03-29",
            "준공년차":27.0,
            "가까운역이름":"고덕",
            "가까운역거리":727.4,
            "역세권여부":"준역세권",
            "30분이내주요거점역":1,
            "1시간이내주요거점역":7,
            "3km이내백화점수":1,
            "5km이내아울렛몰수":0,
            "1km이내대형먀트수":3,
            "500m이내은행수":0,
            "500m이내병원수":8,
            "5km이내대형병원수":5,
            "500m이내공원수":2,
            "3km이내혐오시설수":0,
            "초등학교학업성취도":90.0,
            "중학교학업성취도":89.9,
            "용적률":296,
            "건폐율":20,
            "Y":37.557962,
            "X":127.146791,
            "rank":93.0,
            "area_info":"18평(60.95), 26평(86.45), 28평(95.08), 31평(103.1)",
            "last_sales":"2021-11-20,94800.0,18평(60.95)"
        },
        {
            "index":235,
            "아파트명":"현대",
            "투자타입":"일반",
            "전용면적(m2)":"81.93",
            "전용면적(평)":"24평",
            "법정동주소":"서울시 강동구 길동 470",
            "도로명주소":"서울시 강동구 천호대로 1231",
            "세대수":0,
            "입주년차":0,
            "용적률점수":"--",
            "건폐율점수":"--",
            "세대당주차수":30,
            "난방방식":30,
            "공급면적":"--",
            "전용률":"--",
            "욕실수":50,
            "현관타입":100,
            "주거총점":22.5,
            "지역구공급총점":0.0,
            "역세권":50,
            "30분내 이동가능 거점":20,
            "1시간내 이동가능 거점":100,
            "교통총점":51.0,
            "백화점":100,
            "아울렛몰":80,
            "대형마트":0,
            "은행":70,
            "병원":60,
            "종합병원":100,
            "공원":80,
            "혐오시설":0,
            "인프라총점":73.4,
            "초등학군":86.17,
            "중학군":48.76,
            "학군총점":56.242,
            "인구수":50.5,
            "인구증감":13.51,
            "인구총점":39.403,
            "일자리":17.2,
            "소득수준":67.44,
            "일자리총점":32.272,
            "가치 총점":52.8063,
            "매매실거래년":20210315.0,
            "매매실거래가":100000.0,
            "전세실거래년":20210515.0,
            "전세실거래가":50000.0,
            "전세가율":71.94,
            "장기전세가율평균":60.27,
            "전세가율거품지수":-11.67,
            "검색코드":3070,
            "세대수":264.0,
            "준공년월":"1996-08-09",
            "준공년차":27.0,
            "가까운역이름":"길동",
            "가까운역거리":662.95,
            "역세권여부":"준역세권",
            "30분이내주요거점역":1,
            "1시간이내주요거점역":10,
            "3km이내백화점수":1,
            "5km이내아울렛몰수":1,
            "1km이내대형먀트수":0,
            "500m이내은행수":4,
            "500m이내병원수":24,
            "5km이내대형병원수":5,
            "500m이내공원수":1,
            "3km이내혐오시설수":0,
            "초등학교학업성취도":86.17,
            "중학교학업성취도":80.0,
            "용적률":376,
            "건폐율":32,
            "Y":37.536621,
            "X":127.147374,
            "rank":94.0,
            "area_info":"24평(81.93), 24평(81.8), 24평(81.89), 24평(82.01), 24평(82.06), 32평(107.37), 32평(107.07), 32평(107.48)",
            "last_sales":"2021-03-15,100000.0,32평(107.48)"
        },
        {
            "index":119,
            "아파트명":"배재현대",
            "투자타입":"일반",
            "전용면적(m2)":"95.87",
            "전용면적(평)":"29평",
            "법정동주소":"서울시 강동구 고덕동 312",
            "도로명주소":"서울시 강동구 고덕로61길 37",
            "세대수":50,
            "입주년차":0,
            "용적률점수":"--",
            "건폐율점수":"--",
            "세대당주차수":30,
            "난방방식":30,
            "공급면적":"--",
            "전용률":"--",
            "욕실수":50,
            "현관타입":10,
            "주거총점":31.0,
            "지역구공급총점":0.0,
            "역세권":80,
            "30분내 이동가능 거점":20,
            "1시간내 이동가능 거점":90,
            "교통총점":64.0,
            "백화점":0,
            "아울렛몰":0,
            "대형마트":100,
            "은행":70,
            "병원":80,
            "종합병원":100,
            "공원":100,
            "혐오시설":0,
            "인프라총점":53.0,
            "초등학군":90.88,
            "중학군":45.76,
            "학군총점":54.784,
            "인구수":50.5,
            "인구증감":13.51,
            "인구총점":39.403,
            "일자리":17.2,
            "소득수준":67.44,
            "일자리총점":32.272,
            "가치 총점":52.7176,
            "매매실거래년":20211109.0,
            "매매실거래가":113000.0,
            "전세실거래년":20220112.0,
            "전세실거래가":55000.0,
            "전세가율":48.67,
            "장기전세가율평균":60.27,
            "전세가율거품지수":11.6,
            "검색코드":875,
            "세대수":448.0,
            "준공년월":"1995-11-30",
            "준공년차":28.0,
            "가까운역이름":"고덕",
            "가까운역거리":248.67,
            "역세권여부":"역세권",
            "30분이내주요거점역":1,
            "1시간이내주요거점역":9,
            "3km이내백화점수":0,
            "5km이내아울렛몰수":0,
            "1km이내대형먀트수":3,
            "500m이내은행수":4,
            "500m이내병원수":47,
            "5km이내대형병원수":3,
            "500m이내공원수":6,
            "3km이내혐오시설수":0,
            "초등학교학업성취도":90.88,
            "중학교학업성취도":75.8,
            "용적률":399,
            "건폐율":24,
            "Y":37.556623,
            "X":127.152205,
            "rank":95.0,
            "area_info":"29평(95.87), 36평(119.01)",
            "last_sales":"2021-11-09,113000.0,29평(95.87)"
        },
        {
            "index":565,
            "아파트명":"한강포스파크",
            "투자타입":"일반",
            "전용면적(m2)":"80.58",
            "전용면적(평)":"24평",
            "법정동주소":"서울시 강동구 암사동 445",
            "도로명주소":"서울시 강동구 고덕로19길 30",
            "세대수":0,
            "입주년차":20,
            "용적률점수":"--",
            "건폐율점수":"--",
            "세대당주차수":30,
            "난방방식":30,
            "공급면적":"--",
            "전용률":"--",
            "욕실수":50,
            "현관타입":100,
            "주거총점":26.5,
            "지역구공급총점":0.0,
            "역세권":50,
            "30분내 이동가능 거점":20,
            "1시간내 이동가능 거점":90,
            "교통총점":49.0,
            "백화점":100,
            "아울렛몰":0,
            "대형마트":100,
            "은행":0,
            "병원":30,
            "종합병원":100,
            "공원":100,
            "혐오시설":0,
            "인프라총점":71.0,
            "초등학군":81.12,
            "중학군":48.28,
            "학군총점":54.848,
            "인구수":50.5,
            "인구증감":13.51,
            "인구총점":39.403,
            "일자리":17.2,
            "소득수준":67.44,
            "일자리총점":32.272,
            "가치 총점":51.9772,
            "매매실거래년":20200909.0,
            "매매실거래가":100000.0,
            "전세실거래년":20190918.0,
            "전세실거래가":32000.0,
            "전세가율":64.13,
            "장기전세가율평균":60.27,
            "전세가율거품지수":-3.86,
            "검색코드":3323,
            "세대수":134.0,
            "준공년월":"2002-09-06",
            "준공년차":21.0,
            "가까운역이름":"암사",
            "가까운역거리":897.83,
            "역세권여부":"준역세권",
            "30분이내주요거점역":1,
            "1시간이내주요거점역":9,
            "3km이내백화점수":1,
            "5km이내아울렛몰수":0,
            "1km이내대형먀트수":2,
            "500m이내은행수":0,
            "500m이내병원수":5,
            "5km이내대형병원수":4,
            "500m이내공원수":3,
            "3km이내혐오시설수":0,
            "초등학교학업성취도":81.12,
            "중학교학업성취도":79.2,
            "용적률":341,
            "건폐율":26,
            "Y":37.556294,
            "X":127.134258,
            "rank":96.0,
            "area_info":"24평(80.58), 31평(102.64), 33평(110.81), 42평(139.59)",
            "last_sales":"2020-09-09,100000.0,42평(139.59)"
        },
        {
            "index":499,
            "아파트명":"대원",
            "투자타입":"일반",
            "전용면적(m2)":"108.34",
            "전용면적(평)":"32평",
            "법정동주소":"서울시 강동구 암사동 461",
            "도로명주소":"서울시 강동구 고덕로 52",
            "세대수":0,
            "입주년차":0,
            "용적률점수":"--",
            "건폐율점수":"--",
            "세대당주차수":30,
            "난방방식":30,
            "공급면적":"--",
            "전용률":"--",
            "욕실수":50,
            "현관타입":10,
            "주거총점":13.5,
            "지역구공급총점":0.0,
            "역세권":50,
            "30분내 이동가능 거점":20,
            "1시간내 이동가능 거점":100,
            "교통총점":51.0,
            "백화점":100,
            "아울렛몰":0,
            "대형마트":100,
            "은행":0,
            "병원":80,
            "종합병원":100,
            "공원":100,
            "혐오시설":0,
            "인프라총점":76.0,
            "초등학군":81.12,
            "중학군":48.28,
            "학군총점":54.848,
            "인구수":50.5,
            "인구증감":13.51,
            "인구총점":39.403,
            "일자리":17.2,
            "소득수준":67.44,
            "일자리총점":32.272,
            "가치 총점":51.5772,
            "매매실거래년":20210727.0,
            "매매실거래가":65900.0,
            "전세실거래년":20211123.0,
            "전세실거래가":34000.0,
            "전세가율":51.59,
            "장기전세가율평균":60.27,
            "전세가율거품지수":8.68,
            "검색코드":995,
            "세대수":114.0,
            "준공년월":"1998-06-29",
            "준공년차":25.0,
            "가까운역이름":"암사",
            "가까운역거리":551.47,
            "역세권여부":"준역세권",
            "30분이내주요거점역":1,
            "1시간이내주요거점역":13,
            "3km이내백화점수":1,
            "5km이내아울렛몰수":0,
            "1km이내대형먀트수":2,
            "500m이내은행수":1,
            "500m이내병원수":32,
            "5km이내대형병원수":5,
            "500m이내공원수":3,
            "3km이내혐오시설수":0,
            "초등학교학업성취도":81.12,
            "중학교학업성취도":79.2,
            "용적률":389,
            "건폐율":40,
            "Y":37.55452,
            "X":127.130657,
            "rank":97.0,
            "area_info":"32평(108.34), 46평(153.52)",
            "last_sales":"2021-07-27,65900.0,32평(108.34)"
        },
        {
            "index":509,
            "아파트명":"라인",
            "투자타입":"일반",
            "전용면적(m2)":"88.47",
            "전용면적(평)":"26평",
            "법정동주소":"서울시 강동구 암사동 442",
            "도로명주소":"서울시 강동구 올림픽로104길 32",
            "세대수":0,
            "입주년차":0,
            "용적률점수":"--",
            "건폐율점수":"--",
            "세대당주차수":30,
            "난방방식":30,
            "공급면적":"--",
            "전용률":"--",
            "욕실수":50,
            "현관타입":10,
            "주거총점":13.5,
            "지역구공급총점":0.0,
            "역세권":50,
            "30분내 이동가능 거점":20,
            "1시간내 이동가능 거점":100,
            "교통총점":51.0,
            "백화점":100,
            "아울렛몰":0,
            "대형마트":100,
            "은행":0,
            "병원":60,
            "종합병원":100,
            "공원":100,
            "혐오시설":0,
            "인프라총점":74.0,
            "초등학군":81.12,
            "중학군":48.28,
            "학군총점":54.848,
            "인구수":50.5,
            "인구증감":13.51,
            "인구총점":39.403,
            "일자리":17.2,
            "소득수준":67.44,
            "일자리총점":32.272,
            "가치 총점":50.9772,
            "매매실거래년":20210913.0,
            "매매실거래가":80250.0,
            "전세실거래년":20211014.0,
            "전세실거래가":48000.0,
            "전세가율":59.81,
            "장기전세가율평균":60.27,
            "전세가율거품지수":0.46,
            "검색코드":1331,
            "세대수":107.0,
            "준공년월":"1996-01-12",
            "준공년차":27.0,
            "가까운역이름":"암사",
            "가까운역거리":639.23,
            "역세권여부":"준역세권",
            "30분이내주요거점역":1,
            "1시간이내주요거점역":13,
            "3km이내백화점수":1,
            "5km이내아울렛몰수":0,
            "1km이내대형먀트수":2,
            "500m이내은행수":0,
            "500m이내병원수":12,
            "5km이내대형병원수":5,
            "500m이내공원수":3,
            "3km이내혐오시설수":0,
            "초등학교학업성취도":81.12,
            "중학교학업성취도":79.2,
            "용적률":367,
            "건폐율":32,
            "Y":37.555181,
            "X":127.131204,
            "rank":98.0,
            "area_info":"26평(88.47), 33평(109.94)",
            "last_sales":"2021-09-13,80250.0,26평(88.47)"
        },
        {
            "index":102,
            "아파트명":"고덕센트럴푸르지오",
            "투자타입":"일반",
            "전용면적(m2)":"61.71",
            "전용면적(평)":"18평",
            "법정동주소":"서울시 강동구 고덕동 210-1",
            "도로명주소":"서울시 강동구 고덕로 399",
            "세대수":50,
            "입주년차":100,
            "용적률점수":"--",
            "건폐율점수":"--",
            "세대당주차수":0,
            "난방방식":100,
            "공급면적":"--",
            "전용률":"--",
            "욕실수":50,
            "현관타입":100,
            "주거총점":62.5,
            "지역구공급총점":0.0,
            "역세권":80,
            "30분내 이동가능 거점":0,
            "1시간내 이동가능 거점":60,
            "교통총점":52.0,
            "백화점":0,
            "아울렛몰":0,
            "대형마트":0,
            "은행":0,
            "병원":60,
            "종합병원":100,
            "공원":100,
            "혐오시설":0,
            "인프라총점":29.0,
            "초등학군":83.9,
            "중학군":49.14,
            "학군총점":56.092,
            "인구수":50.5,
            "인구증감":13.51,
            "인구총점":39.403,
            "일자리":17.2,
            "소득수준":67.44,
            "일자리총점":32.272,
            "가치 총점":47.8138,
            "매매실거래년":20210519.0,
            "매매실거래가":110000.0,
            "전세실거래년":20200816.0,
            "전세실거래가":45000.0,
            "전세가율":null,
            "장기전세가율평균":60.27,
            "전세가율거품지수":null,
            "검색코드":117842,
            "세대수":656.0,
            "준공년월":"2020-08-20",
            "준공년차":3.0,
            "가까운역이름":"상일동",
            "가까운역거리":348.69,
            "역세권여부":"역세권",
            "30분이내주요거점역":0,
            "1시간이내주요거점역":6,
            "3km이내백화점수":0,
            "5km이내아울렛몰수":0,
            "1km이내대형먀트수":0,
            "500m이내은행수":1,
            "500m이내병원수":25,
            "5km이내대형병원수":3,
            "500m이내공원수":4,
            "3km이내혐오시설수":0,
            "초등학교학업성취도":83.9,
            "중학교학업성취도":79.7,
            "용적률":499,
            "건폐율":57,
            "Y":37.557703,
            "X":127.17017,
            "rank":99.0,
            "area_info":"18평(61.71), 18평(62.79), 24평(82.2), 24평(82.53), 24평(82.5), 24평(82.36), 36평(119.2), 36평(119.02)",
            "last_sales":"2021-05-19,110000.0,24평(82.53)"
        },
        {
            "index":370,
            "아파트명":"고덕자이",
            "투자타입":"일반",
            "전용면적(m2)":"67.47",
            "전용면적(평)":"20평",
            "법정동주소":"서울시 강동구 상일동 521",
            "도로명주소":"서울시 강동구 상일로 55",
            "세대수":100,
            "입주년차":100,
            "용적률점수":"--",
            "건폐율점수":"--",
            "세대당주차수":60,
            "난방방식":100,
            "공급면적":"--",
            "전용률":"--",
            "욕실수":50,
            "현관타입":100,
            "주거총점":89.0,
            "지역구공급총점":0.0,
            "역세권":50,
            "30분내 이동가능 거점":0,
            "1시간내 이동가능 거점":50,
            "교통총점":35.0,
            "백화점":0,
            "아울렛몰":0,
            "대형마트":0,
            "은행":20,
            "병원":30,
            "종합병원":100,
            "공원":100,
            "혐오시설":0,
            "인프라총점":28.0,
            "초등학군":100.0,
            "중학군":47.1,
            "학군총점":57.68,
            "인구수":50.5,
            "인구증감":13.51,
            "인구총점":39.403,
            "일자리":17.2,
            "소득수준":67.44,
            "일자리총점":32.272,
            "가치 총점":47.102,
            "매매실거래년":20190121.0,
            "매매실거래가":104001.0,
            "전세실거래년":null,
            "전세실거래가":null,
            "전세가율":null,
            "장기전세가율평균":60.27,
            "전세가율거품지수":null,
            "검색코드":121977,
            "세대수":1824.0,
            "준공년월":"2021-01-01",
            "준공년차":2.0,
            "가까운역이름":"상일동",
            "가까운역거리":616.38,
            "역세권여부":"준역세권",
            "30분이내주요거점역":0,
            "1시간이내주요거점역":5,
            "3km이내백화점수":0,
            "5km이내아울렛몰수":0,
            "1km이내대형먀트수":0,
            "500m이내은행수":2,
            "500m이내병원수":9,
            "5km이내대형병원수":3,
            "500m이내공원수":3,
            "3km이내혐오시설수":0,
            "초등학교학업성취도":100.0,
            "중학교학업성취도":77.9,
            "용적률":245,
            "건폐율":0,
            "Y":37.552393,
            "X":127.1708,
            "rank":100.0,
            "area_info":"20평(67.47), 22평(73.12), 25평(83.3), 25평(84.28), 29평(98.73), 29평(99.02), 33평(109.92), 33평(110.43), 33평(110.0), 38평(127.09), 38평(128.29), 44평(146.48)",
            "last_sales":"2019-01-21,104001.0,38평(127.09)"
        },
        {
            "index":333,
            "아파트명":"고덕롯데캐슬베네루체",
            "투자타입":"일반",
            "전용면적(m2)":"83.39",
            "전용면적(평)":"25평",
            "법정동주소":"서울시 강동구 상일동 514",
            "도로명주소":"서울시 강동구 상암로79길 88",
            "세대수":100,
            "입주년차":100,
            "용적률점수":"--",
            "건폐율점수":"--",
            "세대당주차수":60,
            "난방방식":100,
            "공급면적":"--",
            "전용률":"--",
            "욕실수":100,
            "현관타입":100,
            "주거총점":94.0,
            "지역구공급총점":0.0,
            "역세권":50,
            "30분내 이동가능 거점":0,
            "1시간내 이동가능 거점":30,
            "교통총점":31.0,
            "백화점":0,
            "아울렛몰":0,
            "대형마트":0,
            "은행":0,
            "병원":60,
            "종합병원":100,
            "공원":100,
            "혐오시설":0,
            "인프라총점":29.0,
            "초등학군":100.0,
            "중학군":47.1,
            "학군총점":57.68,
            "인구수":50.5,
            "인구증감":13.51,
            "인구총점":39.403,
            "일자리":17.2,
            "소득수준":67.44,
            "일자리총점":32.272,
            "가치 총점":47.002,
            "매매실거래년":20211217.0,
            "매매실거래가":123500.0,
            "전세실거래년":20220110.0,
            "전세실거래가":40950.0,
            "전세가율":33.16,
            "장기전세가율평균":60.27,
            "전세가율거품지수":27.11,
            "검색코드":117309,
            "세대수":1859.0,
            "준공년월":"2019-12-30",
            "준공년차":4.0,
            "가까운역이름":"상일동",
            "가까운역거리":818.09,
            "역세권여부":"준역세권",
            "30분이내주요거점역":0,
            "1시간이내주요거점역":3,
            "3km이내백화점수":0,
            "5km이내아울렛몰수":0,
            "1km이내대형먀트수":0,
            "500m이내은행수":0,
            "500m이내병원수":10,
            "5km이내대형병원수":3,
            "500m이내공원수":5,
            "3km이내혐오시설수":0,
            "초등학교학업성취도":100.0,
            "중학교학업성취도":77.9,
            "용적률":249,
            "건폐율":18,
            "Y":37.549416,
            "X":127.167612,
            "rank":101.0,
            "area_info":"25평(83.39), 25평(84.64), 33평(111.26), 33평(112.34), 46평(152.38)",
            "last_sales":"2021-12-17,123500.0,25평(83.39)"
        },
        {
            "index":355,
            "아파트명":"고덕숲아이파크",
            "투자타입":"일반",
            "전용면적(m2)":"84.78",
            "전용면적(평)":"25평",
            "법정동주소":"서울시 강동구 상일동 515",
            "도로명주소":"서울시 강동구 고덕로80길 134",
            "세대수":50,
            "입주년차":80,
            "용적률점수":"--",
            "건폐율점수":"--",
            "세대당주차수":60,
            "난방방식":100,
            "공급면적":"--",
            "전용률":"--",
            "욕실수":100,
            "현관타입":100,
            "주거총점":72.5,
            "지역구공급총점":0.0,
            "역세권":50,
            "30분내 이동가능 거점":0,
            "1시간내 이동가능 거점":60,
            "교통총점":37.0,
            "백화점":0,
            "아울렛몰":0,
            "대형마트":80,
            "은행":0,
            "병원":10,
            "종합병원":100,
            "공원":100,
            "혐오시설":0,
            "인프라총점":36.0,
            "초등학군":100.0,
            "중학군":47.1,
            "학군총점":57.68,
            "인구수":50.5,
            "인구증감":13.51,
            "인구총점":39.403,
            "일자리":17.2,
            "소득수준":67.44,
            "일자리총점":32.272,
            "가치 총점":46.902,
            "매매실거래년":20211201.0,
            "매매실거래가":161000.0,
            "전세실거래년":20220117.0,
            "전세실거래가":35448.0,
            "전세가율":25.87,
            "장기전세가율평균":60.27,
            "전세가율거품지수":34.4,
            "검색코드":110765,
            "세대수":687.0,
            "준공년월":"2018-03-08",
            "준공년차":5.0,
            "가까운역이름":"상일동",
            "가까운역거리":667.02,
            "역세권여부":"준역세권",
            "30분이내주요거점역":0,
            "1시간이내주요거점역":6,
            "3km이내백화점수":0,
            "5km이내아울렛몰수":0,
            "1km이내대형먀트수":1,
            "500m이내은행수":0,
            "500m이내병원수":3,
            "5km이내대형병원수":3,
            "500m이내공원수":5,
            "3km이내혐오시설수":0,
            "초등학교학업성취도":100.0,
            "중학교학업성취도":77.9,
            "용적률":249,
            "건폐율":22,
            "Y":37.550836,
            "X":127.164895,
            "rank":102.0,
            "area_info":"25평(84.78), 25평(85.81), 25평(85.89), 34평(112.83), 34평(113.08), 41평(137.28)",
            "last_sales":"2021-12-01,161000.0,34평(112.83)"
        },
        {
            "index":388,
            "아파트명":"명일중앙하이츠",
            "투자타입":"재건축",
            "전용면적(m2)":"72.93",
            "전용면적(평)":"22평",
            "법정동주소":"서울시 강동구 상일동 476",
            "도로명주소":"서울시 강동구 구천면로 557",
            "세대수":50,
            "입주년차":"--",
            "용적률점수":60,
            "건폐율점수":80,
            "세대당주차수":"--",
            "난방방식":"--",
            "공급면적":50,
            "전용률":60,
            "욕실수":"--",
            "현관타입":"--",
            "주거총점":60.5,
            "지역구공급총점":0.0,
            "역세권":50,
            "30분내 이동가능 거점":0,
            "1시간내 이동가능 거점":60,
            "교통총점":37.0,
            "백화점":0,
            "아울렛몰":0,
            "대형마트":80,
            "은행":20,
            "병원":30,
            "종합병원":100,
            "공원":100,
            "혐오시설":0,
            "인프라총점":40.0,
            "초등학군":100.0,
            "중학군":54.16,
            "학군총점":63.328,
            "인구수":50.5,
            "인구증감":13.51,
            "인구총점":39.403,
            "일자리":17.2,
            "소득수준":67.44,
            "일자리총점":32.272,
            "가치 총점":46.5492,
            "매매실거래년":20211104.0,
            "매매실거래가":124000.0,
            "전세실거래년":20220114.0,
            "전세실거래가":45000.0,
            "전세가율":71.43,
            "장기전세가율평균":60.27,
            "전세가율거품지수":-11.16,
            "검색코드":1324,
            "세대수":410.0,
            "준공년월":"1992-05-09",
            "준공년차":31.0,
            "가까운역이름":"고덕",
            "가까운역거리":663.54,
            "역세권여부":"준역세권",
            "30분이내주요거점역":0,
            "1시간이내주요거점역":6,
            "3km이내백화점수":0,
            "5km이내아울렛몰수":0,
            "1km이내대형먀트수":1,
            "500m이내은행수":2,
            "500m이내병원수":9,
            "5km이내대형병원수":3,
            "500m이내공원수":2,
            "3km이내혐오시설수":0,
            "초등학교학업성취도":100.0,
            "중학교학업성취도":87.4,
            "용적률":240,
            "건폐율":21,
            "Y":37.550909,
            "X":127.159626,
            "rank":103.0,
            "area_info":"22평(72.93), 25평(82.91), 30평(100.55)",
            "last_sales":"2021-11-04,124000.0,30평(100.55)"
        },
        {
            "index":338,
            "아파트명":"고덕리엔파크3단지",
            "투자타입":"일반",
            "전용면적(m2)":"79.26",
            "전용면적(평)":"23평",
            "법정동주소":"서울시 강동구 상일동 490",
            "도로명주소":"서울시 강동구 상일로 74",
            "세대수":100,
            "입주년차":60,
            "용적률점수":"--",
            "건폐율점수":"--",
            "세대당주차수":30,
            "난방방식":100,
            "공급면적":"--",
            "전용률":"--",
            "욕실수":100,
            "현관타입":10,
            "주거총점":72.5,
            "지역구공급총점":0.0,
            "역세권":50,
            "30분내 이동가능 거점":0,
            "1시간내 이동가능 거점":50,
            "교통총점":35.0,
            "백화점":0,
            "아울렛몰":0,
            "대형마트":0,
            "은행":0,
            "병원":30,
            "종합병원":100,
            "공원":80,
            "혐오시설":0,
            "인프라총점":25.4,
            "초등학군":83.9,
            "중학군":49.14,
            "학군총점":56.092,
            "인구수":50.5,
            "인구증감":13.51,
            "인구총점":39.403,
            "일자리":17.2,
            "소득수준":67.44,
            "일자리총점":32.272,
            "가치 총점":42.7838,
            "매매실거래년":20210805.0,
            "매매실거래가":120000.0,
            "전세실거래년":20211226.0,
            "전세실거래가":14528.0,
            "전세가율":14.82,
            "장기전세가율평균":60.27,
            "전세가율거품지수":45.45,
            "검색코드":102235,
            "세대수":2283.0,
            "준공년월":"2011-01-27",
            "준공년차":12.0,
            "가까운역이름":"상일동",
            "가까운역거리":832.4,
            "역세권여부":"준역세권",
            "30분이내주요거점역":0,
            "1시간이내주요거점역":5,
            "3km이내백화점수":0,
            "5km이내아울렛몰수":0,
            "1km이내대형먀트수":0,
            "500m이내은행수":1,
            "500m이내병원수":8,
            "5km이내대형병원수":3,
            "500m이내공원수":1,
            "3km이내혐오시설수":0,
            "초등학교학업성취도":83.9,
            "중학교학업성취도":79.7,
            "용적률":177,
            "건폐율":17,
            "Y":37.55383,
            "X":127.175132,
            "rank":104.0,
            "area_info":"23평(79.26), 23평(79.24), 33평(111.51), 33평(111.72), 33평(111.78), 34평(112.52), 45평(150.23)",
            "last_sales":"2021-08-05,120000.0,34평(112.52)"
        },
        {
            "index":51,
            "아파트명":"고덕리엔파크2단지",
            "투자타입":"일반",
            "전용면적(m2)":"78.78",
            "전용면적(평)":"23평",
            "법정동주소":"서울시 강동구 강일동 717",
            "도로명주소":"서울시 강동구 고덕로 427",
            "세대수":50,
            "입주년차":60,
            "용적률점수":"--",
            "건폐율점수":"--",
            "세대당주차수":30,
            "난방방식":100,
            "공급면적":"--",
            "전용률":"--",
            "욕실수":100,
            "현관타입":100,
            "주거총점":64.0,
            "지역구공급총점":0.0,
            "역세권":50,
            "30분내 이동가능 거점":0,
            "1시간내 이동가능 거점":50,
            "교통총점":35.0,
            "백화점":0,
            "아울렛몰":0,
            "대형마트":0,
            "은행":0,
            "병원":60,
            "종합병원":100,
            "공원":100,
            "혐오시설":0,
            "인프라총점":29.0,
            "초등학군":83.9,
            "중학군":49.14,
            "학군총점":56.092,
            "인구수":50.5,
            "인구증감":13.51,
            "인구총점":39.403,
            "일자리":17.2,
            "소득수준":67.44,
            "일자리총점":32.272,
            "가치 총점":42.1638,
            "매매실거래년":20210723.0,
            "매매실거래가":168000.0,
            "전세실거래년":20210715.0,
            "전세실거래가":37800.0,
            "전세가율":56.84,
            "장기전세가율평균":60.27,
            "전세가율거품지수":3.43,
            "검색코드":102234,
            "세대수":636.0,
            "준공년월":"2011-01-14",
            "준공년차":12.0,
            "가까운역이름":"상일동",
            "가까운역거리":681.43,
            "역세권여부":"준역세권",
            "30분이내주요거점역":0,
            "1시간이내주요거점역":5,
            "3km이내백화점수":0,
            "5km이내아울렛몰수":0,
            "1km이내대형먀트수":0,
            "500m이내은행수":0,
            "500m이내병원수":20,
            "5km이내대형병원수":3,
            "500m이내공원수":4,
            "3km이내혐오시설수":0,
            "초등학교학업성취도":83.9,
            "중학교학업성취도":79.7,
            "용적률":169,
            "건폐율":27,
            "Y":37.55978,
            "X":127.173109,
            "rank":105.0,
            "area_info":"23평(78.78), 23평(78.75), 33평(110.82), 33평(111.08), 33평(111.83), 45평(149.3), 45평(149.89)",
            "last_sales":"2021-07-23,168000.0,45평(149.3)"
        },
        {
            "index":43,
            "아파트명":"고덕리엔파크1단지",
            "투자타입":"일반",
            "전용면적(m2)":"80.19",
            "전용면적(평)":"24평",
            "법정동주소":"서울시 강동구 강일동 707",
            "도로명주소":"서울시 강동구 상일로 152",
            "세대수":50,
            "입주년차":60,
            "용적률점수":"--",
            "건폐율점수":"--",
            "세대당주차수":30,
            "난방방식":100,
            "공급면적":"--",
            "전용률":"--",
            "욕실수":100,
            "현관타입":100,
            "주거총점":64.0,
            "지역구공급총점":0.0,
            "역세권":50,
            "30분내 이동가능 거점":0,
            "1시간내 이동가능 거점":40,
            "교통총점":33.0,
            "백화점":0,
            "아울렛몰":0,
            "대형마트":0,
            "은행":0,
            "병원":60,
            "종합병원":100,
            "공원":100,
            "혐오시설":0,
            "인프라총점":29.0,
            "초등학군":100.0,
            "중학군":49.14,
            "학군총점":59.312,
            "인구수":50.5,
            "인구증감":13.51,
            "인구총점":39.403,
            "일자리":17.2,
            "소득수준":67.44,
            "일자리총점":32.272,
            "가치 총점":41.9468,
            "매매실거래년":20190831.0,
            "매매실거래가":88000.0,
            "전세실거래년":20211127.0,
            "전세실거래가":62000.0,
            "전세가율":103.33,
            "장기전세가율평균":60.27,
            "전세가율거품지수":-43.06,
            "검색코드":102233,
            "세대수":605.0,
            "준공년월":"2011-01-14",
            "준공년차":12.0,
            "가까운역이름":"상일동",
            "가까운역거리":697.98,
            "역세권여부":"준역세권",
            "30분이내주요거점역":0,
            "1시간이내주요거점역":4,
            "3km이내백화점수":0,
            "5km이내아울렛몰수":0,
            "1km이내대형먀트수":0,
            "500m이내은행수":1,
            "500m이내병원수":16,
            "5km이내대형병원수":3,
            "500m이내공원수":2,
            "3km이내혐오시설수":0,
            "초등학교학업성취도":100.0,
            "중학교학업성취도":79.7,
            "용적률":196,
            "건폐율":23,
            "Y":37.561499,
            "X":127.171539,
            "rank":106.0,
            "area_info":"24평(80.19), 24평(80.19), 24평(80.15), 34평(112.82), 34평(113.09), 34평(113.83), 45평(152.01), 46평(152.6)",
            "last_sales":"2019-08-31,88000.0,46평(152.6)"
        },
        {
            "index":420,
            "아파트명":"상일우성타운",
            "투자타입":"재건축",
            "전용면적(m2)":"109.23",
            "전용면적(평)":"33평",
            "법정동주소":"서울시 강동구 상일동 174",
            "도로명주소":"서울시 강동구 상암로 331",
            "세대수":0,
            "입주년차":"--",
            "용적률점수":100,
            "건폐율점수":80,
            "세대당주차수":"--",
            "난방방식":"--",
            "공급면적":90,
            "전용률":60,
            "욕실수":"--",
            "현관타입":"--",
            "주거총점":63.5,
            "지역구공급총점":0.0,
            "역세권":0,
            "30분내 이동가능 거점":0,
            "1시간내 이동가능 거점":40,
            "교통총점":8.0,
            "백화점":0,
            "아울렛몰":0,
            "대형마트":80,
            "은행":0,
            "병원":10,
            "종합병원":100,
            "공원":100,
            "혐오시설":0,
            "인프라총점":36.0,
            "초등학군":88.1,
            "중학군":54.16,
            "학군총점":60.948,
            "인구수":50.5,
            "인구증감":13.51,
            "인구총점":39.403,
            "일자리":17.2,
            "소득수준":67.44,
            "일자리총점":32.272,
            "가치 총점":35.4422,
            "매매실거래년":"18000101",
            "매매실거래가":null,
            "전세실거래년":null,
            "전세실거래가":null,
            "전세가율":null,
            "장기전세가율평균":60.27,
            "전세가율거품지수":null,
            "검색코드":15303,
            "세대수":105.0,
            "준공년월":"1989-05-04",
            "준공년차":34.0,
            "가까운역이름":"고덕",
            "가까운역거리":1041.05,
            "역세권여부":"비역세권",
            "30분이내주요거점역":0,
            "1시간이내주요거점역":4,
            "3km이내백화점수":0,
            "5km이내아울렛몰수":0,
            "1km이내대형먀트수":1,
            "500m이내은행수":0,
            "500m이내병원수":3,
            "5km이내대형병원수":3,
            "500m이내공원수":2,
            "3km이내혐오시설수":0,
            "초등학교학업성취도":88.1,
            "중학교학업성취도":87.4,
            "용적률":89,
            "건폐율":29,
            "Y":37.546536,
            "X":127.159188,
            "rank":107.0,
            "area_info":"33평(109.23), 49평(165.1), 54평(181.17), 56평(185.25), 58평(192.12), 62평(208.07), 64평(213.92)",
            "last_sales":"1800-01-01,nan,33평(109.23)"
        },
        {
            "index":391,
            "아파트명":"삼성",
            "투자타입":"재건축",
            "전용면적(m2)":"108.12",
            "전용면적(평)":"32평",
            "법정동주소":"서울시 강동구 상일동 173",
            "도로명주소":"서울시 강동구 상암로 325",
            "세대수":0,
            "입주년차":"--",
            "용적률점수":100,
            "건폐율점수":80,
            "세대당주차수":"--",
            "난방방식":"--",
            "공급면적":90,
            "전용률":60,
            "욕실수":"--",
            "현관타입":"--",
            "주거총점":63.5,
            "지역구공급총점":0.0,
            "역세권":0,
            "30분내 이동가능 거점":0,
            "1시간내 이동가능 거점":40,
            "교통총점":8.0,
            "백화점":0,
            "아울렛몰":0,
            "대형마트":80,
            "은행":0,
            "병원":10,
            "종합병원":100,
            "공원":100,
            "혐오시설":0,
            "인프라총점":36.0,
            "초등학군":88.1,
            "중학군":54.16,
            "학군총점":60.948,
            "인구수":50.5,
            "인구증감":13.51,
            "인구총점":39.403,
            "일자리":17.2,
            "소득수준":67.44,
            "일자리총점":32.272,
            "가치 총점":35.4422,
            "매매실거래년":"18000101",
            "매매실거래가":null,
            "전세실거래년":null,
            "전세실거래가":null,
            "전세가율":null,
            "장기전세가율평균":60.27,
            "전세가율거품지수":null,
            "검색코드":15298,
            "세대수":132.0,
            "준공년월":"1988-07-28",
            "준공년차":35.0,
            "가까운역이름":"고덕",
            "가까운역거리":1028.64,
            "역세권여부":"비역세권",
            "30분이내주요거점역":0,
            "1시간이내주요거점역":4,
            "3km이내백화점수":0,
            "5km이내아울렛몰수":0,
            "1km이내대형먀트수":1,
            "500m이내은행수":0,
            "500m이내병원수":3,
            "5km이내대형병원수":4,
            "500m이내공원수":3,
            "3km이내혐오시설수":0,
            "초등학교학업성취도":88.1,
            "중학교학업성취도":87.4,
            "용적률":89,
            "건폐율":29,
            "Y":37.546294,
            "X":127.158082,
            "rank":107.0,
            "area_info":"32평(108.12), 34평(113.96), 47평(157.85), 49평(163.7), 51평(169.17), 51평(170.79), 52평(174.46), 53평(177.61), 54평(181.42), 55평(183.36), 55평(183.58), 56평(185.13), 56평(187.13), 57평(188.44), 57평(191.51), 58평(191.8), 58평(192.9), 58평(194.72), 60평(199.09), 60평(200.43), 62평(206.12), 62평(206.59), 62평(207.52), 70평(233.09), 71평(235.47)",
            "last_sales":"1800-01-01,nan,32평(108.12)"
        },
        {
            "index":2,
            "아파트명":"강동리버스트8단지",
            "투자타입":"일반",
            "전용면적(m2)":"72.14",
            "전용면적(평)":"21평",
            "법정동주소":"서울시 강동구 강일동 66",
            "도로명주소":"서울시 강동구 아리수로93나길 88",
            "세대수":90,
            "입주년차":100,
            "용적률점수":"--",
            "건폐율점수":"--",
            "세대당주차수":0,
            "난방방식":100,
            "공급면적":"--",
            "전용률":"--",
            "욕실수":50,
            "현관타입":100,
            "주거총점":76.5,
            "지역구공급총점":0.0,
            "역세권":0,
            "30분내 이동가능 거점":20,
            "1시간내 이동가능 거점":40,
            "교통총점":14.0,
            "백화점":0,
            "아울렛몰":0,
            "대형마트":0,
            "은행":0,
            "병원":30,
            "종합병원":80,
            "공원":80,
            "혐오시설":0,
            "인프라총점":21.4,
            "초등학군":90.0,
            "중학군":47.04,
            "학군총점":55.632,
            "인구수":50.5,
            "인구증감":13.51,
            "인구총점":39.403,
            "일자리":17.2,
            "소득수준":67.44,
            "일자리총점":32.272,
            "가치 총점":34.9648,
            "매매실거래년":"18000101",
            "매매실거래가":null,
            "전세실거래년":20210906.0,
            "전세실거래가":50000.0,
            "전세가율":null,
            "장기전세가율평균":60.27,
            "전세가율거품지수":null,
            "검색코드":134510,
            "세대수":946.0,
            "준공년월":"2021-02-01",
            "준공년차":2.0,
            "가까운역이름":"상일동",
            "가까운역거리":1893.12,
            "역세권여부":"비역세권",
            "30분이내주요거점역":1,
            "1시간이내주요거점역":4,
            "3km이내백화점수":0,
            "5km이내아울렛몰수":0,
            "1km이내대형먀트수":0,
            "500m이내은행수":0,
            "500m이내병원수":9,
            "5km이내대형병원수":1,
            "500m이내공원수":1,
            "3km이내혐오시설수":0,
            "초등학교학업성취도":90.0,
            "중학교학업성취도":77.8,
            "용적률":0,
            "건폐율":0,
            "Y":37.571829,
            "X":127.176297,
            "rank":108.0,
            "area_info":"21평(72.14), 26평(86.91)",
            "last_sales":"1800-01-01,nan,21평(72.14)"
        },
        {
            "index":32,
            "아파트명":"강일리버파크7단지",
            "투자타입":"일반",
            "전용면적(m2)":"82.14",
            "전용면적(평)":"24평",
            "법정동주소":"서울시 강동구 강일동 686",
            "도로명주소":"서울시 강동구 아리수로98길 25",
            "세대수":80,
            "입주년차":60,
            "용적률점수":"--",
            "건폐율점수":"--",
            "세대당주차수":30,
            "난방방식":100,
            "공급면적":"--",
            "전용률":"--",
            "욕실수":100,
            "현관타입":100,
            "주거총점":74.5,
            "지역구공급총점":0.0,
            "역세권":0,
            "30분내 이동가능 거점":0,
            "1시간내 이동가능 거점":40,
            "교통총점":8.0,
            "백화점":0,
            "아울렛몰":0,
            "대형마트":0,
            "은행":0,
            "병원":60,
            "종합병원":100,
            "공원":100,
            "혐오시설":0,
            "인프라총점":29.0,
            "초등학군":87.16,
            "중학군":47.04,
            "학군총점":55.064,
            "인구수":50.5,
            "인구증감":13.51,
            "인구총점":39.403,
            "일자리":17.2,
            "소득수준":67.44,
            "일자리총점":32.272,
            "가치 총점":34.6596,
            "매매실거래년":20210125.0,
            "매매실거래가":107500.0,
            "전세실거래년":20211126.0,
            "전세실거래가":12195.0,
            "전세가율":13.78,
            "장기전세가율평균":60.27,
            "전세가율거품지수":46.49,
            "검색코드":27479,
            "세대수":731.0,
            "준공년월":"2009-06-09",
            "준공년차":14.0,
            "가까운역이름":"상일동",
            "가까운역거리":1434.36,
            "역세권여부":"비역세권",
            "30분이내주요거점역":0,
            "1시간이내주요거점역":4,
            "3km이내백화점수":0,
            "5km이내아울렛몰수":0,
            "1km이내대형먀트수":0,
            "500m이내은행수":1,
            "500m이내병원수":14,
            "5km이내대형병원수":2,
            "500m이내공원수":4,
            "3km이내혐오시설수":0,
            "초등학교학업성취도":87.16,
            "중학교학업성취도":77.8,
            "용적률":179,
            "건폐율":17,
            "Y":37.56493,
            "X":127.17896,
            "rank":109.0,
            "area_info":"24평(82.14), 25평(82.76), 25평(83.01), 33평(109.94), 33평(110.82), 33평(110.54)",
            "last_sales":"2021-01-25,107500.0,33평(110.82)"
        },
        {
            "index":41,
            "아파트명":"강일리버파크9단지",
            "투자타입":"일반",
            "전용면적(m2)":"110.83",
            "전용면적(평)":"33평",
            "법정동주소":"서울시 강동구 강일동 699",
            "도로명주소":"서울시 강동구 고덕로97길 29",
            "세대수":80,
            "입주년차":60,
            "용적률점수":"--",
            "건폐율점수":"--",
            "세대당주차수":30,
            "난방방식":30,
            "공급면적":"--",
            "전용률":"--",
            "욕실수":100,
            "현관타입":100,
            "주거총점":67.5,
            "지역구공급총점":0.0,
            "역세권":0,
            "30분내 이동가능 거점":0,
            "1시간내 이동가능 거점":70,
            "교통총점":14.0,
            "백화점":0,
            "아울렛몰":0,
            "대형마트":0,
            "은행":0,
            "병원":0,
            "종합병원":100,
            "공원":100,
            "혐오시설":0,
            "인프라총점":23.0,
            "초등학군":96.98,
            "중학군":49.14,
            "학군총점":58.708,
            "인구수":50.5,
            "인구증감":13.51,
            "인구총점":39.403,
            "일자리":17.2,
            "소득수준":67.44,
            "일자리총점":32.272,
            "가치 총점":34.1062,
            "매매실거래년":20211006.0,
            "매매실거래가":120000.0,
            "전세실거래년":20211224.0,
            "전세실거래가":28125.0,
            "전세가율":23.44,
            "장기전세가율평균":60.27,
            "전세가율거품지수":36.83,
            "검색코드":27481,
            "세대수":841.0,
            "준공년월":"2009-04-06",
            "준공년차":14.0,
            "가까운역이름":"상일동",
            "가까운역거리":1174.89,
            "역세권여부":"비역세권",
            "30분이내주요거점역":0,
            "1시간이내주요거점역":7,
            "3km이내백화점수":0,
            "5km이내아울렛몰수":0,
            "1km이내대형먀트수":0,
            "500m이내은행수":0,
            "500m이내병원수":1,
            "5km이내대형병원수":3,
            "500m이내공원수":4,
            "3km이내혐오시설수":0,
            "초등학교학업성취도":96.98,
            "중학교학업성취도":79.7,
            "용적률":163,
            "건폐율":15,
            "Y":37.560613,
            "X":127.178804,
            "rank":110.0,
            "area_info":"33평(110.83), 33평(111.11)",
            "last_sales":"2021-10-06,120000.0,33평(110.83)"
        },
        {
            "index":25,
            "아파트명":"강일리버파크5단지",
            "투자타입":"일반",
            "전용면적(m2)":"82.07",
            "전용면적(평)":"24평",
            "법정동주소":"서울시 강동구 강일동 670",
            "도로명주소":"서울시 강동구 아리수로97길 20",
            "세대수":80,
            "입주년차":60,
            "용적률점수":"--",
            "건폐율점수":"--",
            "세대당주차수":30,
            "난방방식":100,
            "공급면적":"--",
            "전용률":"--",
            "욕실수":100,
            "현관타입":100,
            "주거총점":74.5,
            "지역구공급총점":0.0,
            "역세권":0,
            "30분내 이동가능 거점":0,
            "1시간내 이동가능 거점":30,
            "교통총점":6.0,
            "백화점":0,
            "아울렛몰":0,
            "대형마트":0,
            "은행":0,
            "병원":60,
            "종합병원":100,
            "공원":100,
            "혐오시설":0,
            "인프라총점":29.0,
            "초등학군":87.16,
            "중학군":47.04,
            "학군총점":55.064,
            "인구수":50.5,
            "인구증감":13.51,
            "인구총점":39.403,
            "일자리":17.2,
            "소득수준":67.44,
            "일자리총점":32.272,
            "가치 총점":33.9596,
            "매매실거래년":20210424.0,
            "매매실거래가":114500.0,
            "전세실거래년":20211227.0,
            "전세실거래가":12195.0,
            "전세가율":13.28,
            "장기전세가율평균":60.27,
            "전세가율거품지수":46.99,
            "검색코드":27477,
            "세대수":722.0,
            "준공년월":"2009-07-13",
            "준공년차":14.0,
            "가까운역이름":"상일동",
            "가까운역거리":1621.61,
            "역세권여부":"비역세권",
            "30분이내주요거점역":0,
            "1시간이내주요거점역":3,
            "3km이내백화점수":0,
            "5km이내아울렛몰수":0,
            "1km이내대형먀트수":0,
            "500m이내은행수":1,
            "500m이내병원수":11,
            "5km이내대형병원수":2,
            "500m이내공원수":3,
            "3km이내혐오시설수":0,
            "초등학교학업성취도":87.16,
            "중학교학업성취도":77.8,
            "용적률":170,
            "건폐율":15,
            "Y":37.567872,
            "X":127.17826,
            "rank":111.0,
            "area_info":"24평(82.07), 33평(109.99), 33평(110.87), 33평(110.59)",
            "last_sales":"2021-04-24,114500.0,33평(109.99)"
        },
        {
            "index":22,
            "아파트명":"강일리버파크4단지",
            "투자타입":"일반",
            "전용면적(m2)":"109.92",
            "전용면적(평)":"33평",
            "법정동주소":"서울시 강동구 강일동 673",
            "도로명주소":"서울시 강동구 아리수로97길 19",
            "세대수":80,
            "입주년차":60,
            "용적률점수":"--",
            "건폐율점수":"--",
            "세대당주차수":30,
            "난방방식":100,
            "공급면적":"--",
            "전용률":"--",
            "욕실수":100,
            "현관타입":100,
            "주거총점":74.5,
            "지역구공급총점":0.0,
            "역세권":0,
            "30분내 이동가능 거점":0,
            "1시간내 이동가능 거점":30,
            "교통총점":6.0,
            "백화점":0,
            "아울렛몰":0,
            "대형마트":0,
            "은행":0,
            "병원":60,
            "종합병원":100,
            "공원":100,
            "혐오시설":0,
            "인프라총점":29.0,
            "초등학군":87.16,
            "중학군":47.04,
            "학군총점":55.064,
            "인구수":50.5,
            "인구증감":13.51,
            "인구총점":39.403,
            "일자리":17.2,
            "소득수준":67.44,
            "일자리총점":32.272,
            "가치 총점":33.9596,
            "매매실거래년":20211016.0,
            "매매실거래가":113200.0,
            "전세실거래년":20220105.0,
            "전세실거래가":67000.0,
            "전세가율":62.04,
            "장기전세가율평균":60.27,
            "전세가율거품지수":-1.77,
            "검색코드":27476,
            "세대수":748.0,
            "준공년월":"2009-03-11",
            "준공년차":14.0,
            "가까운역이름":"상일동",
            "가까운역거리":1431.97,
            "역세권여부":"비역세권",
            "30분이내주요거점역":0,
            "1시간이내주요거점역":3,
            "3km이내백화점수":0,
            "5km이내아울렛몰수":0,
            "1km이내대형먀트수":0,
            "500m이내은행수":1,
            "500m이내병원수":13,
            "5km이내대형병원수":3,
            "500m이내공원수":3,
            "3km이내혐오시설수":0,
            "초등학교학업성취도":87.16,
            "중학교학업성취도":77.8,
            "용적률":179,
            "건폐율":17,
            "Y":37.567108,
            "X":127.176005,
            "rank":111.0,
            "area_info":"33평(109.92), 33평(110.52), 33평(110.8)",
            "last_sales":"2021-10-16,113200.0,33평(110.8)"
        },
        {
            "index":15,
            "아파트명":"강일리버파크3단지",
            "투자타입":"일반",
            "전용면적(m2)":"82.04",
            "전용면적(평)":"24평",
            "법정동주소":"서울시 강동구 강일동 674",
            "도로명주소":"서울시 강동구 아리수로93길 40",
            "세대수":90,
            "입주년차":60,
            "용적률점수":"--",
            "건폐율점수":"--",
            "세대당주차수":30,
            "난방방식":100,
            "공급면적":"--",
            "전용률":"--",
            "욕실수":100,
            "현관타입":100,
            "주거총점":78.0,
            "지역구공급총점":0.0,
            "역세권":0,
            "30분내 이동가능 거점":0,
            "1시간내 이동가능 거점":20,
            "교통총점":4.0,
            "백화점":0,
            "아울렛몰":0,
            "대형마트":0,
            "은행":0,
            "병원":60,
            "종합병원":100,
            "공원":100,
            "혐오시설":0,
            "인프라총점":29.0,
            "초등학군":87.16,
            "중학군":47.04,
            "학군총점":55.064,
            "인구수":50.5,
            "인구증감":13.51,
            "인구총점":39.403,
            "일자리":17.2,
            "소득수준":67.44,
            "일자리총점":32.272,
            "가치 총점":33.9596,
            "매매실거래년":20210814.0,
            "매매실거래가":103000.0,
            "전세실거래년":20220118.0,
            "전세실거래가":12831.0,
            "전세가율":12.46,
            "장기전세가율평균":60.27,
            "전세가율거품지수":47.81,
            "검색코드":27474,
            "세대수":987.0,
            "준공년월":"2009-03-11",
            "준공년차":14.0,
            "가까운역이름":"상일동",
            "가까운역거리":1384.4,
            "역세권여부":"비역세권",
            "30분이내주요거점역":0,
            "1시간이내주요거점역":2,
            "3km이내백화점수":0,
            "5km이내아울렛몰수":0,
            "1km이내대형먀트수":0,
            "500m이내은행수":1,
            "500m이내병원수":13,
            "5km이내대형병원수":3,
            "500m이내공원수":3,
            "3km이내혐오시설수":0,
            "초등학교학업성취도":87.16,
            "중학교학업성취도":77.8,
            "용적률":173,
            "건폐율":17,
            "Y":37.567057,
            "X":127.175156,
            "rank":111.0,
            "area_info":"24평(82.04), 24평(82.13), 25평(82.75), 25평(83.0), 33평(109.74), 33평(110.62), 33평(110.34)",
            "last_sales":"2021-08-14,103000.0,24평(82.04)"
        },
        {
            "index":38,
            "아파트명":"강일리버파크8단지",
            "투자타입":"일반",
            "전용면적(m2)":"110.82",
            "전용면적(평)":"33평",
            "법정동주소":"서울시 강동구 강일동 701",
            "도로명주소":"서울시 강동구 아리수로94길 72",
            "세대수":50,
            "입주년차":60,
            "용적률점수":"--",
            "건폐율점수":"--",
            "세대당주차수":30,
            "난방방식":100,
            "공급면적":"--",
            "전용률":"--",
            "욕실수":100,
            "현관타입":100,
            "주거총점":64.0,
            "지역구공급총점":0.0,
            "역세권":0,
            "30분내 이동가능 거점":0,
            "1시간내 이동가능 거점":50,
            "교통총점":10.0,
            "백화점":0,
            "아울렛몰":0,
            "대형마트":0,
            "은행":0,
            "병원":60,
            "종합병원":100,
            "공원":100,
            "혐오시설":0,
            "인프라총점":29.0,
            "초등학군":96.98,
            "중학군":49.14,
            "학군총점":58.708,
            "인구수":50.5,
            "인구증감":13.51,
            "인구총점":39.403,
            "일자리":17.2,
            "소득수준":67.44,
            "일자리총점":32.272,
            "가치 총점":33.8062,
            "매매실거래년":20210828.0,
            "매매실거래가":114800.0,
            "전세실거래년":20211214.0,
            "전세실거래가":38000.0,
            "전세가율":33.1,
            "장기전세가율평균":60.27,
            "전세가율거품지수":27.17,
            "검색코드":27480,
            "세대수":410.0,
            "준공년월":"2009-03-11",
            "준공년차":14.0,
            "가까운역이름":"상일동",
            "가까운역거리":1149.71,
            "역세권여부":"비역세권",
            "30분이내주요거점역":0,
            "1시간이내주요거점역":5,
            "3km이내백화점수":0,
            "5km이내아울렛몰수":0,
            "1km이내대형먀트수":0,
            "500m이내은행수":1,
            "500m이내병원수":10,
            "5km이내대형병원수":3,
            "500m이내공원수":5,
            "3km이내혐오시설수":0,
            "초등학교학업성취도":96.98,
            "중학교학업성취도":79.7,
            "용적률":144,
            "건폐율":18,
            "Y":37.562019,
            "X":127.177611,
            "rank":112.0,
            "area_info":"33평(110.82), 33평(111.7), 33평(111.42)",
            "last_sales":"2021-08-28,114800.0,33평(110.82)"
        },
        {
            "index":382,
            "아파트명":"대림",
            "투자타입":"재건축",
            "전용면적(m2)":"173.53",
            "전용면적(평)":"52평",
            "법정동주소":"서울시 강동구 상일동 178",
            "도로명주소":"서울시 강동구 상암로 355",
            "세대수":0,
            "입주년차":"--",
            "용적률점수":100,
            "건폐율점수":60,
            "세대당주차수":"--",
            "난방방식":"--",
            "공급면적":100,
            "전용률":80,
            "욕실수":"--",
            "현관타입":"--",
            "주거총점":61.0,
            "지역구공급총점":0.0,
            "역세권":0,
            "30분내 이동가능 거점":20,
            "1시간내 이동가능 거점":40,
            "교통총점":14.0,
            "백화점":0,
            "아울렛몰":0,
            "대형마트":0,
            "은행":0,
            "병원":10,
            "종합병원":100,
            "공원":100,
            "혐오시설":0,
            "인프라총점":24.0,
            "초등학군":88.1,
            "중학군":54.16,
            "학군총점":60.948,
            "인구수":50.5,
            "인구증감":13.51,
            "인구총점":39.403,
            "일자리":17.2,
            "소득수준":67.44,
            "일자리총점":32.272,
            "가치 총점":33.4422,
            "매매실거래년":"18000101",
            "매매실거래가":null,
            "전세실거래년":null,
            "전세실거래가":null,
            "전세가율":null,
            "장기전세가율평균":60.27,
            "전세가율거품지수":null,
            "검색코드":15285,
            "세대수":108.0,
            "준공년월":"1992-03-25",
            "준공년차":31.0,
            "가까운역이름":"고덕",
            "가까운역거리":1201.49,
            "역세권여부":"비역세권",
            "30분이내주요거점역":1,
            "1시간이내주요거점역":4,
            "3km이내백화점수":0,
            "5km이내아울렛몰수":0,
            "1km이내대형먀트수":0,
            "500m이내은행수":0,
            "500m이내병원수":2,
            "5km이내대형병원수":3,
            "500m이내공원수":4,
            "3km이내혐오시설수":0,
            "초등학교학업성취도":88.1,
            "중학교학업성취도":87.4,
            "용적률":91,
            "건폐율":31,
            "Y":37.546259,
            "X":127.162156,
            "rank":113.0,
            "area_info":"52평(173.53), 59평(198.17), 63평(208.65), 68평(227.73), 74평(244.86), 79평(262.51)",
            "last_sales":"1800-01-01,nan,52평(173.53)"
        },
        {
            "index":4,
            "아파트명":"강일리버파크10단지",
            "투자타입":"일반",
            "전용면적(m2)":"109.49",
            "전용면적(평)":"33평",
            "법정동주소":"서울시 강동구 강일동 695",
            "도로명주소":"서울시 강동구 고덕로97길 20",
            "세대수":50,
            "입주년차":60,
            "용적률점수":"--",
            "건폐율점수":"--",
            "세대당주차수":30,
            "난방방식":100,
            "공급면적":"--",
            "전용률":"--",
            "욕실수":100,
            "현관타입":100,
            "주거총점":64.0,
            "지역구공급총점":0.0,
            "역세권":0,
            "30분내 이동가능 거점":0,
            "1시간내 이동가능 거점":60,
            "교통총점":12.0,
            "백화점":0,
            "아울렛몰":0,
            "대형마트":0,
            "은행":0,
            "병원":0,
            "종합병원":100,
            "공원":100,
            "혐오시설":0,
            "인프라총점":23.0,
            "초등학군":96.98,
            "중학군":49.14,
            "학군총점":58.708,
            "인구수":50.5,
            "인구증감":13.51,
            "인구총점":39.403,
            "일자리":17.2,
            "소득수준":67.44,
            "일자리총점":32.272,
            "가치 총점":32.7062,
            "매매실거래년":20211224.0,
            "매매실거래가":118000.0,
            "전세실거래년":20211116.0,
            "전세실거래가":70000.0,
            "전세가율":61.4,
            "장기전세가율평균":60.27,
            "전세가율거품지수":-1.13,
            "검색코드":27482,
            "세대수":694.0,
            "준공년월":"2009-04-06",
            "준공년차":14.0,
            "가까운역이름":"상일동",
            "가까운역거리":1365.39,
            "역세권여부":"비역세권",
            "30분이내주요거점역":0,
            "1시간이내주요거점역":6,
            "3km이내백화점수":0,
            "5km이내아울렛몰수":0,
            "1km이내대형먀트수":0,
            "500m이내은행수":0,
            "500m이내병원수":1,
            "5km이내대형병원수":3,
            "500m이내공원수":3,
            "3km이내혐오시설수":0,
            "초등학교학업성취도":96.98,
            "중학교학업성취도":79.7,
            "용적률":177,
            "건폐율":17,
            "Y":37.560728,
            "X":127.181055,
            "rank":114.0,
            "area_info":"33평(109.49), 33평(110.09), 33평(110.37), 42평(142.14)",
            "last_sales":"2021-12-24,118000.0,33평(110.37)"
        },
        {
            "index":29,
            "아파트명":"강일리버파크6단지",
            "투자타입":"일반",
            "전용면적(m2)":"109.89",
            "전용면적(평)":"33평",
            "법정동주소":"서울시 강동구 강일동 684",
            "도로명주소":"서울시 강동구 아리수로94길 19",
            "세대수":50,
            "입주년차":60,
            "용적률점수":"--",
            "건폐율점수":"--",
            "세대당주차수":30,
            "난방방식":100,
            "공급면적":"--",
            "전용률":"--",
            "욕실수":100,
            "현관타입":100,
            "주거총점":64.0,
            "지역구공급총점":0.0,
            "역세권":0,
            "30분내 이동가능 거점":0,
            "1시간내 이동가능 거점":40,
            "교통총점":8.0,
            "백화점":0,
            "아울렛몰":0,
            "대형마트":0,
            "은행":0,
            "병원":60,
            "종합병원":100,
            "공원":100,
            "혐오시설":0,
            "인프라총점":29.0,
            "초등학군":87.16,
            "중학군":47.04,
            "학군총점":55.064,
            "인구수":50.5,
            "인구증감":13.51,
            "인구총점":39.403,
            "일자리":17.2,
            "소득수준":67.44,
            "일자리총점":32.272,
            "가치 총점":32.5596,
            "매매실거래년":20210828.0,
            "매매실거래가":113000.0,
            "전세실거래년":20210927.0,
            "전세실거래가":19367.0,
            "전세가율":16.84,
            "장기전세가율평균":60.27,
            "전세가율거품지수":43.43,
            "검색코드":27478,
            "세대수":553.0,
            "준공년월":"2009-03-11",
            "준공년차":14.0,
            "가까운역이름":"상일동",
            "가까운역거리":1231.34,
            "역세권여부":"비역세권",
            "30분이내주요거점역":0,
            "1시간이내주요거점역":4,
            "3km이내백화점수":0,
            "5km이내아울렛몰수":0,
            "1km이내대형먀트수":0,
            "500m이내은행수":1,
            "500m이내병원수":14,
            "5km이내대형병원수":3,
            "500m이내공원수":5,
            "3km이내혐오시설수":0,
            "초등학교학업성취도":87.16,
            "중학교학업성취도":77.8,
            "용적률":164,
            "건폐율":16,
            "Y":37.564203,
            "X":127.176705,
            "rank":115.0,
            "area_info":"33평(109.89), 33평(110.77), 33평(110.49)",
            "last_sales":"2021-08-28,113000.0,33평(110.49)"
        },
        {
            "index":331,
            "아파트명":"강동리엔파크14단지",
            "투자타입":"일반",
            "전용면적(m2)":"72.01",
            "전용면적(평)":"21평",
            "법정동주소":"서울시 강동구 상일동 28",
            "도로명주소":"서울시 강동구 고덕로98길 160",
            "세대수":90,
            "입주년차":100,
            "용적률점수":"--",
            "건폐율점수":"--",
            "세대당주차수":0,
            "난방방식":100,
            "공급면적":"--",
            "전용률":"--",
            "욕실수":50,
            "현관타입":10,
            "주거총점":67.5,
            "지역구공급총점":0.0,
            "역세권":0,
            "30분내 이동가능 거점":0,
            "1시간내 이동가능 거점":60,
            "교통총점":12.0,
            "백화점":0,
            "아울렛몰":0,
            "대형마트":0,
            "은행":0,
            "병원":0,
            "종합병원":100,
            "공원":0,
            "혐오시설":0,
            "인프라총점":20.0,
            "초등학군":83.9,
            "중학군":49.14,
            "학군총점":56.092,
            "인구수":50.5,
            "인구증감":13.51,
            "인구총점":39.403,
            "일자리":17.2,
            "소득수준":67.44,
            "일자리총점":32.272,
            "가치 총점":32.1138,
            "매매실거래년":"18000101",
            "매매실거래가":null,
            "전세실거래년":20210901.0,
            "전세실거래가":45000.0,
            "전세가율":null,
            "장기전세가율평균":60.27,
            "전세가율거품지수":null,
            "검색코드":134513,
            "세대수":943.0,
            "준공년월":"2021-02-10",
            "준공년차":2.0,
            "가까운역이름":"상일동",
            "가까운역거리":1458.69,
            "역세권여부":"비역세권",
            "30분이내주요거점역":0,
            "1시간이내주요거점역":6,
            "3km이내백화점수":0,
            "5km이내아울렛몰수":0,
            "1km이내대형먀트수":0,
            "500m이내은행수":0,
            "500m이내병원수":0,
            "5km이내대형병원수":3,
            "500m이내공원수":0,
            "3km이내혐오시설수":0,
            "초등학교학업성취도":83.9,
            "중학교학업성취도":79.7,
            "용적률":193,
            "건폐율":24,
            "Y":37.550941,
            "X":127.181277,
            "rank":116.0,
            "area_info":"21평(72.01), 26평(86.66)",
            "last_sales":"1800-01-01,nan,21평(72.01)"
        },
        {
            "index":0,
            "아파트명":"강동리버스트4단지",
            "투자타입":"일반",
            "전용면적(m2)":"73.45",
            "전용면적(평)":"22평",
            "법정동주소":"서울시 강동구 강일동 114",
            "도로명주소":"서울시 강동구 아리수로93가길 110",
            "세대수":90,
            "입주년차":100,
            "용적률점수":"--",
            "건폐율점수":"--",
            "세대당주차수":0,
            "난방방식":100,
            "공급면적":"--",
            "전용률":"--",
            "욕실수":50,
            "현관타입":100,
            "주거총점":76.5,
            "지역구공급총점":0.0,
            "역세권":0,
            "30분내 이동가능 거점":0,
            "1시간내 이동가능 거점":10,
            "교통총점":2.0,
            "백화점":0,
            "아울렛몰":0,
            "대형마트":0,
            "은행":0,
            "병원":30,
            "종합병원":100,
            "공원":80,
            "혐오시설":0,
            "인프라총점":25.4,
            "초등학군":90.0,
            "중학군":47.04,
            "학군총점":55.632,
            "인구수":50.5,
            "인구증감":13.51,
            "인구총점":39.403,
            "일자리":17.2,
            "소득수준":67.44,
            "일자리총점":32.272,
            "가치 총점":31.9648,
            "매매실거래년":"18000101",
            "매매실거래가":null,
            "전세실거래년":20211013.0,
            "전세실거래가":52000.0,
            "전세가율":null,
            "장기전세가율평균":60.27,
            "전세가율거품지수":null,
            "검색코드":127671,
            "세대수":1239.0,
            "준공년월":"2020-08-01",
            "준공년차":3.0,
            "가까운역이름":"상일동",
            "가까운역거리":1864.5,
            "역세권여부":"비역세권",
            "30분이내주요거점역":0,
            "1시간이내주요거점역":1,
            "3km이내백화점수":0,
            "5km이내아울렛몰수":0,
            "1km이내대형먀트수":0,
            "500m이내은행수":0,
            "500m이내병원수":9,
            "5km이내대형병원수":2,
            "500m이내공원수":1,
            "3km이내혐오시설수":0,
            "초등학교학업성취도":90.0,
            "중학교학업성취도":77.8,
            "용적률":0,
            "건폐율":0,
            "Y":37.572621,
            "X":127.1731,
            "rank":117.0,
            "area_info":"22평(73.45), 26평(87.85)",
            "last_sales":"1800-01-01,nan,22평(73.45)"
        },
        {
            "index":12,
            "아파트명":"강일리버파크2단지",
            "투자타입":"일반",
            "전용면적(m2)":"110.74",
            "전용면적(평)":"33평",
            "법정동주소":"서울시 강동구 강일동 668",
            "도로명주소":"서울시 강동구",
            "세대수":50,
            "입주년차":60,
            "용적률점수":"--",
            "건폐율점수":"--",
            "세대당주차수":30,
            "난방방식":100,
            "공급면적":"--",
            "전용률":"--",
            "욕실수":100,
            "현관타입":100,
            "주거총점":64.0,
            "지역구공급총점":0.0,
            "역세권":0,
            "30분내 이동가능 거점":0,
            "1시간내 이동가능 거점":30,
            "교통총점":6.0,
            "백화점":0,
            "아울렛몰":0,
            "대형마트":0,
            "은행":0,
            "병원":60,
            "종합병원":100,
            "공원":100,
            "혐오시설":0,
            "인프라총점":29.0,
            "초등학군":87.16,
            "중학군":47.04,
            "학군총점":55.064,
            "인구수":50.5,
            "인구증감":13.51,
            "인구총점":39.403,
            "일자리":17.2,
            "소득수준":67.44,
            "일자리총점":32.272,
            "가치 총점":31.8596,
            "매매실거래년":20201212.0,
            "매매실거래가":93000.0,
            "전세실거래년":20211023.0,
            "전세실거래가":60000.0,
            "전세가율":62.5,
            "장기전세가율평균":60.27,
            "전세가율거품지수":-2.23,
            "검색코드":27475,
            "세대수":442.0,
            "준공년월":"2009-03-11",
            "준공년차":14.0,
            "가까운역이름":"상일동",
            "가까운역거리":1672.49,
            "역세권여부":"비역세권",
            "30분이내주요거점역":0,
            "1시간이내주요거점역":3,
            "3km이내백화점수":0,
            "5km이내아울렛몰수":0,
            "1km이내대형먀트수":0,
            "500m이내은행수":0,
            "500m이내병원수":13,
            "5km이내대형병원수":2,
            "500m이내공원수":3,
            "3km이내혐오시설수":0,
            "초등학교학업성취도":87.16,
            "중학교학업성취도":77.8,
            "용적률":152,
            "건폐율":16,
            "Y":37.569339,
            "X":127.176727,
            "rank":118.0,
            "area_info":"33평(110.74), 33평(110.04), 33평(111.05)",
            "last_sales":"2020-12-12,93000.0,33평(111.05)"
        },
        {
            "index":8,
            "아파트명":"강일리버파크1단지",
            "투자타입":"일반",
            "전용면적(m2)":"82.58",
            "전용면적(평)":"24평",
            "법정동주소":"서울시 강동구 강일동 665",
            "도로명주소":"서울시 강동구 아리수로93가길 25",
            "세대수":0,
            "입주년차":60,
            "용적률점수":"--",
            "건폐율점수":"--",
            "세대당주차수":30,
            "난방방식":100,
            "공급면적":"--",
            "전용률":"--",
            "욕실수":100,
            "현관타입":100,
            "주거총점":46.5,
            "지역구공급총점":0.0,
            "역세권":0,
            "30분내 이동가능 거점":0,
            "1시간내 이동가능 거점":20,
            "교통총점":4.0,
            "백화점":0,
            "아울렛몰":0,
            "대형마트":0,
            "은행":0,
            "병원":60,
            "종합병원":100,
            "공원":100,
            "혐오시설":0,
            "인프라총점":29.0,
            "초등학군":87.16,
            "중학군":47.04,
            "학군총점":55.064,
            "인구수":50.5,
            "인구증감":13.51,
            "인구총점":39.403,
            "일자리":17.2,
            "소득수준":67.44,
            "일자리총점":32.272,
            "가치 총점":27.6596,
            "매매실거래년":20210715.0,
            "매매실거래가":112000.0,
            "전세실거래년":20211125.0,
            "전세실거래가":12195.0,
            "전세가율":23.91,
            "장기전세가율평균":60.27,
            "전세가율거품지수":36.36,
            "검색코드":27367,
            "세대수":282.0,
            "준공년월":"2009-03-11",
            "준공년차":14.0,
            "가까운역이름":"상일동",
            "가까운역거리":1324.53,
            "역세권여부":"비역세권",
            "30분이내주요거점역":0,
            "1시간이내주요거점역":2,
            "3km이내백화점수":0,
            "5km이내아울렛몰수":0,
            "1km이내대형먀트수":0,
            "500m이내은행수":1,
            "500m이내병원수":18,
            "5km이내대형병원수":3,
            "500m이내공원수":2,
            "3km이내혐오시설수":0,
            "초등학교학업성취도":87.16,
            "중학교학업성취도":77.8,
            "용적률":116,
            "건폐율":17,
            "Y":37.567712,
            "X":127.172183,
            "rank":119.0,
            "area_info":"24평(82.58), 33평(110.15), 33평(110.45), 33평(111.57)",
            "last_sales":"2021-07-15,112000.0,33평(111.57)"
        },
        {
            "index":416,
            "아파트명":"상일동아",
            "투자타입":"일반",
            "전용면적(m2)":"73.95",
            "전용면적(평)":"22평",
            "법정동주소":"서울시 강동구 상일동 473",
            "도로명주소":"서울시 강동구 상암로81길 7",
            "세대수":0,
            "입주년차":0,
            "용적률점수":"--",
            "건폐율점수":"--",
            "세대당주차수":30,
            "난방방식":30,
            "공급면적":"--",
            "전용률":"--",
            "욕실수":50,
            "현관타입":10,
            "주거총점":13.5,
            "지역구공급총점":0.0,
            "역세권":0,
            "30분내 이동가능 거점":0,
            "1시간내 이동가능 거점":40,
            "교통총점":8.0,
            "백화점":0,
            "아울렛몰":0,
            "대형마트":0,
            "은행":0,
            "병원":10,
            "종합병원":100,
            "공원":100,
            "혐오시설":0,
            "인프라총점":24.0,
            "초등학군":74.69,
            "중학군":47.1,
            "학군총점":52.618,
            "인구수":50.5,
            "인구증감":13.51,
            "인구총점":39.403,
            "일자리":17.2,
            "소득수준":67.44,
            "일자리총점":32.272,
            "가치 총점":20.5927,
            "매매실거래년":20210907.0,
            "매매실거래가":66000.0,
            "전세실거래년":20211118.0,
            "전세실거래가":23100.0,
            "전세가율":35.0,
            "장기전세가율평균":60.27,
            "전세가율거품지수":25.27,
            "검색코드":988,
            "세대수":186.0,
            "준공년월":"1997-06-21",
            "준공년차":26.0,
            "가까운역이름":"상일동",
            "가까운역거리":1179.79,
            "역세권여부":"비역세권",
            "30분이내주요거점역":0,
            "1시간이내주요거점역":4,
            "3km이내백화점수":0,
            "5km이내아울렛몰수":0,
            "1km이내대형먀트수":0,
            "500m이내은행수":0,
            "500m이내병원수":4,
            "5km이내대형병원수":3,
            "500m이내공원수":2,
            "3km이내혐오시설수":0,
            "초등학교학업성취도":74.69,
            "중학교학업성취도":77.9,
            "용적률":409,
            "건폐율":27,
            "Y":37.54613,
            "X":127.16739,
            "rank":120.0,
            "area_info":"22평(73.95), 31평(104.37), 32평(105.82), 32평(106.02)",
            "last_sales":"2021-09-07,66000.0,22평(73.95)"
        }
    ]
}