{
    "schema":{
        "fields":[
            {
                "name":"index",
                "type":"integer"
            },
            {
                "name":"아파트명",
                "type":"string"
            },
            {
                "name":"투자타입",
                "type":"string"
            },
            {
                "name":"전용면적(m2)",
                "type":"string"
            },
            {
                "name":"전용면적(평)",
                "type":"string"
            },
            {
                "name":"법정동주소",
                "type":"string"
            },
            {
                "name":"도로명주소",
                "type":"string"
            },
            {
                "name":"세대수",
                "type":"integer"
            },
            {
                "name":"입주년차",
                "type":"string"
            },
            {
                "name":"용적률점수",
                "type":"string"
            },
            {
                "name":"건폐율점수",
                "type":"string"
            },
            {
                "name":"세대당주차수",
                "type":"string"
            },
            {
                "name":"난방방식",
                "type":"string"
            },
            {
                "name":"공급면적",
                "type":"string"
            },
            {
                "name":"전용률",
                "type":"string"
            },
            {
                "name":"욕실수",
                "type":"string"
            },
            {
                "name":"현관타입",
                "type":"string"
            },
            {
                "name":"주거총점",
                "type":"number"
            },
            {
                "name":"지역구공급총점",
                "type":"number"
            },
            {
                "name":"역세권",
                "type":"string"
            },
            {
                "name":"30분내 이동가능 거점",
                "type":"string"
            },
            {
                "name":"1시간내 이동가능 거점",
                "type":"string"
            },
            {
                "name":"교통총점",
                "type":"string"
            },
            {
                "name":"백화점",
                "type":"integer"
            },
            {
                "name":"아울렛몰",
                "type":"integer"
            },
            {
                "name":"대형마트",
                "type":"integer"
            },
            {
                "name":"은행",
                "type":"integer"
            },
            {
                "name":"병원",
                "type":"integer"
            },
            {
                "name":"종합병원",
                "type":"integer"
            },
            {
                "name":"공원",
                "type":"integer"
            },
            {
                "name":"혐오시설",
                "type":"integer"
            },
            {
                "name":"인프라총점",
                "type":"number"
            },
            {
                "name":"초등학군",
                "type":"number"
            },
            {
                "name":"중학군",
                "type":"number"
            },
            {
                "name":"학군총점",
                "type":"number"
            },
            {
                "name":"인구수",
                "type":"number"
            },
            {
                "name":"인구증감",
                "type":"number"
            },
            {
                "name":"인구총점",
                "type":"number"
            },
            {
                "name":"일자리",
                "type":"number"
            },
            {
                "name":"소득수준",
                "type":"number"
            },
            {
                "name":"일자리총점",
                "type":"number"
            },
            {
                "name":"가치 총점",
                "type":"number"
            },
            {
                "name":"매매실거래년",
                "type":"string"
            },
            {
                "name":"매매실거래가",
                "type":"number"
            },
            {
                "name":"전세실거래년",
                "type":"number"
            },
            {
                "name":"전세실거래가",
                "type":"number"
            },
            {
                "name":"전세가율",
                "type":"number"
            },
            {
                "name":"장기전세가율평균",
                "type":"number"
            },
            {
                "name":"전세가율거품지수",
                "type":"number"
            },
            {
                "name":"검색코드",
                "type":"integer"
            },
            {
                "name":"세대수",
                "type":"integer"
            },
            {
                "name":"준공년월",
                "type":"string"
            },
            {
                "name":"준공년차",
                "type":"integer"
            },
            {
                "name":"가까운역이름",
                "type":"string"
            },
            {
                "name":"가까운역거리",
                "type":"string"
            },
            {
                "name":"역세권여부",
                "type":"string"
            },
            {
                "name":"30분이내주요거점역",
                "type":"string"
            },
            {
                "name":"1시간이내주요거점역",
                "type":"string"
            },
            {
                "name":"3km이내백화점수",
                "type":"integer"
            },
            {
                "name":"5km이내아울렛몰수",
                "type":"integer"
            },
            {
                "name":"1km이내대형먀트수",
                "type":"integer"
            },
            {
                "name":"500m이내은행수",
                "type":"integer"
            },
            {
                "name":"500m이내병원수",
                "type":"integer"
            },
            {
                "name":"5km이내대형병원수",
                "type":"integer"
            },
            {
                "name":"500m이내공원수",
                "type":"integer"
            },
            {
                "name":"3km이내혐오시설수",
                "type":"integer"
            },
            {
                "name":"초등학교학업성취도",
                "type":"number"
            },
            {
                "name":"중학교학업성취도",
                "type":"number"
            },
            {
                "name":"용적률",
                "type":"integer"
            },
            {
                "name":"건폐율",
                "type":"integer"
            },
            {
                "name":"Y",
                "type":"number"
            },
            {
                "name":"X",
                "type":"number"
            },
            {
                "name":"rank",
                "type":"number"
            },
            {
                "name":"area_info",
                "type":"string"
            },
            {
                "name":"last_sales",
                "type":"string"
            }
        ],
        "primaryKey":[
            "index"
        ],
        "pandas_version":"1.4.0"
    },
    "data":[
        {
            "index":208,
            "아파트명":"토성동경동리인타워",
            "투자타입":"일반",
            "전용면적(m2)":"89.99",
            "전용면적(평)":"27평",
            "법정동주소":"부산시 서구 토성동1가 25-1",
            "도로명주소":"부산시 서구 보수대로 27",
            "세대수":50,
            "입주년차":80,
            "용적률점수":"--",
            "건폐율점수":"--",
            "세대당주차수":30,
            "난방방식":30,
            "공급면적":"--",
            "전용률":"--",
            "욕실수":100,
            "현관타입":100,
            "주거총점":61.0,
            "지역구공급총점":0.0,
            "역세권":"NA",
            "30분내 이동가능 거점":"NA",
            "1시간내 이동가능 거점":"NA",
            "교통총점":"NA",
            "백화점":100,
            "아울렛몰":0,
            "대형마트":80,
            "은행":100,
            "병원":80,
            "종합병원":100,
            "공원":0,
            "혐오시설":0,
            "인프라총점":80.0,
            "초등학군":85.94,
            "중학군":44.6,
            "학군총점":52.868,
            "인구수":11.23,
            "인구증감":1.32,
            "인구총점":8.257,
            "일자리":5.5,
            "소득수준":65.15,
            "일자리총점":23.395,
            "가치 총점":66.567,
            "매매실거래년":20211007.0,
            "매매실거래가":49450.0,
            "전세실거래년":20211009.0,
            "전세실거래가":38000.0,
            "전세가율":76.85,
            "장기전세가율평균":71.47,
            "전세가율거품지수":-5.38,
            "검색코드":110391,
            "세대수":452,
            "준공년월":"2018-07-27",
            "준공년차":5,
            "가까운역이름":"NA",
            "가까운역거리":"NA",
            "역세권여부":"NA",
            "30분이내주요거점역":"NA",
            "1시간이내주요거점역":"NA",
            "3km이내백화점수":1,
            "5km이내아울렛몰수":0,
            "1km이내대형먀트수":1,
            "500m이내은행수":8,
            "500m이내병원수":30,
            "5km이내대형병원수":9,
            "500m이내공원수":0,
            "3km이내혐오시설수":0,
            "초등학교학업성취도":85.94,
            "중학교학업성취도":70.8,
            "용적률":1330,
            "건폐율":73,
            "Y":35.099322,
            "X":129.024113,
            "rank":1.0,
            "area_info":"27평(89.99), 30평(102.44), 32평(109.03), 33평(112.32), 34평(115.52), 34평(115.69), 34평(115.68), 42평(140.37), 42평(140.41), 42평(141.55), 43평(142.96), 44평(147.26), 44평(147.47)",
            "last_sales":"2021-10-07,49450.0,27평(89.99)"
        },
        {
            "index":71,
            "아파트명":"대신푸르지오",
            "투자타입":"일반",
            "전용면적(m2)":"57.8",
            "전용면적(평)":"17평",
            "법정동주소":"부산시 서구 서대신동1가 283",
            "도로명주소":"부산시 서구 대영로38번길 11",
            "세대수":90,
            "입주년차":80,
            "용적률점수":"--",
            "건폐율점수":"--",
            "세대당주차수":30,
            "난방방식":30,
            "공급면적":"--",
            "전용률":"--",
            "욕실수":50,
            "현관타입":10,
            "주거총점":61.0,
            "지역구공급총점":0.0,
            "역세권":"NA",
            "30분내 이동가능 거점":"NA",
            "1시간내 이동가능 거점":"NA",
            "교통총점":"NA",
            "백화점":100,
            "아울렛몰":0,
            "대형마트":0,
            "은행":100,
            "병원":80,
            "종합병원":100,
            "공원":80,
            "혐오시설":0,
            "인프라총점":70.4,
            "초등학군":90.7,
            "중학군":44.6,
            "학군총점":53.82,
            "인구수":11.23,
            "인구증감":1.32,
            "인구총점":8.257,
            "일자리":5.5,
            "소득수준":65.15,
            "일자리총점":23.395,
            "가치 총점":62.965,
            "매매실거래년":20210803.0,
            "매매실거래가":105000.0,
            "전세실거래년":20211227.0,
            "전세실거래가":14280.0,
            "전세가율":null,
            "장기전세가율평균":71.47,
            "전세가율거품지수":null,
            "검색코드":109372,
            "세대수":959,
            "준공년월":"2018-04-27",
            "준공년차":5,
            "가까운역이름":"NA",
            "가까운역거리":"NA",
            "역세권여부":"NA",
            "30분이내주요거점역":"NA",
            "1시간이내주요거점역":"NA",
            "3km이내백화점수":1,
            "5km이내아울렛몰수":0,
            "1km이내대형먀트수":0,
            "500m이내은행수":5,
            "500m이내병원수":32,
            "5km이내대형병원수":11,
            "500m이내공원수":1,
            "3km이내혐오시설수":0,
            "초등학교학업성취도":90.7,
            "중학교학업성취도":70.8,
            "용적률":251,
            "건폐율":17,
            "Y":35.107987,
            "X":129.01632,
            "rank":2.0,
            "area_info":"17평(57.8), 25평(83.01), 29평(99.0), 34평(112.57), 34평(113.35), 34평(114.49), 34평(114.32), 41평(138.29), 46평(152.5)",
            "last_sales":"2021-08-03,105000.0,46평(152.5)"
        },
        {
            "index":20,
            "아파트명":"동대신역비스타동원",
            "투자타입":"일반",
            "전용면적(m2)":"83.83",
            "전용면적(평)":"25평",
            "법정동주소":"부산시 서구 동대신동1가 420",
            "도로명주소":"부산시 서구 보수대로154번길 29",
            "세대수":50,
            "입주년차":100,
            "용적률점수":"--",
            "건폐율점수":"--",
            "세대당주차수":30,
            "난방방식":30,
            "공급면적":"--",
            "전용률":"--",
            "욕실수":100,
            "현관타입":100,
            "주거총점":65.0,
            "지역구공급총점":0.0,
            "역세권":"NA",
            "30분내 이동가능 거점":"NA",
            "1시간내 이동가능 거점":"NA",
            "교통총점":"NA",
            "백화점":100,
            "아울렛몰":0,
            "대형마트":0,
            "은행":100,
            "병원":30,
            "종합병원":100,
            "공원":0,
            "혐오시설":0,
            "인프라총점":63.0,
            "초등학군":89.55,
            "중학군":51.3,
            "학군총점":58.95,
            "인구수":11.23,
            "인구증감":1.32,
            "인구총점":8.257,
            "일자리":5.5,
            "소득수준":65.15,
            "일자리총점":23.395,
            "가치 총점":62.6875,
            "매매실거래년":20210916.0,
            "매매실거래가":67000.0,
            "전세실거래년":null,
            "전세실거래가":null,
            "전세가율":null,
            "장기전세가율평균":71.47,
            "전세가율거품지수":null,
            "검색코드":121946,
            "세대수":503,
            "준공년월":"2021-03-30",
            "준공년차":2,
            "가까운역이름":"NA",
            "가까운역거리":"NA",
            "역세권여부":"NA",
            "30분이내주요거점역":"NA",
            "1시간이내주요거점역":"NA",
            "3km이내백화점수":1,
            "5km이내아울렛몰수":0,
            "1km이내대형먀트수":0,
            "500m이내은행수":5,
            "500m이내병원수":6,
            "5km이내대형병원수":13,
            "500m이내공원수":0,
            "3km이내혐오시설수":0,
            "초등학교학업성취도":89.55,
            "중학교학업성취도":84.1,
            "용적률":285,
            "건폐율":18,
            "Y":35.111041,
            "X":129.023033,
            "rank":3.0,
            "area_info":"25평(83.83), 31평(102.59), 31평(104.7), 35평(117.15), 35평(117.49)",
            "last_sales":"2021-09-16,67000.0,35평(117.49)"
        },
        {
            "index":80,
            "아파트명":"대신2차푸르지오",
            "투자타입":"일반",
            "전용면적(m2)":"59.72",
            "전용면적(평)":"18평",
            "법정동주소":"부산시 서구 서대신동2가 414-1",
            "도로명주소":"부산시 서구",
            "세대수":80,
            "입주년차":100,
            "용적률점수":"--",
            "건폐율점수":"--",
            "세대당주차수":30,
            "난방방식":30,
            "공급면적":"--",
            "전용률":"--",
            "욕실수":50,
            "현관타입":100,
            "주거총점":70.5,
            "지역구공급총점":0.0,
            "역세권":"NA",
            "30분내 이동가능 거점":"NA",
            "1시간내 이동가능 거점":"NA",
            "교통총점":"NA",
            "백화점":100,
            "아울렛몰":0,
            "대형마트":0,
            "은행":0,
            "병원":60,
            "종합병원":100,
            "공원":80,
            "혐오시설":0,
            "인프라총점":58.4,
            "초등학군":90.7,
            "중학군":48.42,
            "학군총점":56.876,
            "인구수":11.23,
            "인구증감":1.32,
            "인구총점":8.257,
            "일자리":5.5,
            "소득수준":65.15,
            "일자리총점":23.395,
            "가치 총점":62.254,
            "매매실거래년":20210119.0,
            "매매실거래가":73000.0,
            "전세실거래년":null,
            "전세실거래가":null,
            "전세가율":null,
            "장기전세가율평균":71.47,
            "전세가율거품지수":null,
            "검색코드":117988,
            "세대수":815,
            "준공년월":"2020-09-01",
            "준공년차":3,
            "가까운역이름":"NA",
            "가까운역거리":"NA",
            "역세권여부":"NA",
            "30분이내주요거점역":"NA",
            "1시간이내주요거점역":"NA",
            "3km이내백화점수":1,
            "5km이내아울렛몰수":0,
            "1km이내대형먀트수":0,
            "500m이내은행수":0,
            "500m이내병원수":24,
            "5km이내대형병원수":12,
            "500m이내공원수":1,
            "3km이내혐오시설수":0,
            "초등학교학업성취도":90.7,
            "중학교학업성취도":78.9,
            "용적률":254,
            "건폐율":15,
            "Y":35.109309,
            "X":129.012347,
            "rank":4.0,
            "area_info":"18평(59.72), 18평(59.61), 24평(80.73), 29평(98.94), 34평(113.1), 34평(114.5), 39평(132.07)",
            "last_sales":"2021-01-19,73000.0,39평(132.07)"
        },
        {
            "index":201,
            "아파트명":"봄여름가을겨울",
            "투자타입":"일반",
            "전용면적(m2)":"115.95",
            "전용면적(평)":"35평",
            "법정동주소":"부산시 서구 토성동1가 51-1",
            "도로명주소":"부산시 서구 보수대로 15",
            "세대수":0,
            "입주년차":40,
            "용적률점수":"--",
            "건폐율점수":"--",
            "세대당주차수":60,
            "난방방식":30,
            "공급면적":"--",
            "전용률":"--",
            "욕실수":100,
            "현관타입":100,
            "주거총점":40.0,
            "지역구공급총점":0.0,
            "역세권":"NA",
            "30분내 이동가능 거점":"NA",
            "1시간내 이동가능 거점":"NA",
            "교통총점":"NA",
            "백화점":100,
            "아울렛몰":0,
            "대형마트":80,
            "은행":100,
            "병원":80,
            "종합병원":100,
            "공원":0,
            "혐오시설":0,
            "인프라총점":80.0,
            "초등학군":85.94,
            "중학군":44.6,
            "학군총점":52.868,
            "인구수":11.23,
            "인구증감":1.32,
            "인구총점":8.257,
            "일자리":5.5,
            "소득수준":65.15,
            "일자리총점":23.395,
            "가치 총점":59.217,
            "매매실거래년":20210421.0,
            "매매실거래가":64000.0,
            "전세실거래년":20190316.0,
            "전세실거래가":26000.0,
            "전세가율":68.42,
            "장기전세가율평균":71.47,
            "전세가율거품지수":3.05,
            "검색코드":22375,
            "세대수":201,
            "준공년월":"2005-04-20",
            "준공년차":18,
            "가까운역이름":"NA",
            "가까운역거리":"NA",
            "역세권여부":"NA",
            "30분이내주요거점역":"NA",
            "1시간이내주요거점역":"NA",
            "3km이내백화점수":1,
            "5km이내아울렛몰수":0,
            "1km이내대형먀트수":1,
            "500m이내은행수":7,
            "500m이내병원수":30,
            "5km이내대형병원수":9,
            "500m이내공원수":0,
            "3km이내혐오시설수":0,
            "초등학교학업성취도":85.94,
            "중학교학업성취도":70.8,
            "용적률":737,
            "건폐율":84,
            "Y":35.09848,
            "X":129.02455,
            "rank":5.0,
            "area_info":"35평(115.95), 35평(115.99), 35평(116.06), 35평(116.03), 35평(116.09), 50평(167.13), 50평(167.52)",
            "last_sales":"2021-04-21,64000.0,50평(167.13)"
        },
        {
            "index":55,
            "아파트명":"브라운스톤하이포레",
            "투자타입":"일반",
            "전용면적(m2)":"81.89",
            "전용면적(평)":"24평",
            "법정동주소":"부산시 서구 동대신동3가 553",
            "도로명주소":"부산시 서구 동대로19번길 32",
            "세대수":50,
            "입주년차":100,
            "용적률점수":"--",
            "건폐율점수":"--",
            "세대당주차수":30,
            "난방방식":30,
            "공급면적":"--",
            "전용률":"--",
            "욕실수":100,
            "현관타입":100,
            "주거총점":65.0,
            "지역구공급총점":0.0,
            "역세권":"NA",
            "30분내 이동가능 거점":"NA",
            "1시간내 이동가능 거점":"NA",
            "교통총점":"NA",
            "백화점":100,
            "아울렛몰":0,
            "대형마트":0,
            "은행":0,
            "병원":10,
            "종합병원":100,
            "공원":0,
            "혐오시설":0,
            "인프라총점":51.0,
            "초등학군":99.71,
            "중학군":50.44,
            "학군총점":60.294,
            "인구수":11.23,
            "인구증감":1.32,
            "인구총점":8.257,
            "일자리":5.5,
            "소득수준":65.15,
            "일자리총점":23.395,
            "가치 총점":58.2235,
            "매매실거래년":20210512.0,
            "매매실거래가":45000.0,
            "전세실거래년":20200531.0,
            "전세실거래가":24000.0,
            "전세가율":null,
            "장기전세가율평균":71.47,
            "전세가율거품지수":null,
            "검색코드":117610,
            "세대수":554,
            "준공년월":"2020-04-01",
            "준공년차":3,
            "가까운역이름":"NA",
            "가까운역거리":"NA",
            "역세권여부":"NA",
            "30분이내주요거점역":"NA",
            "1시간이내주요거점역":"NA",
            "3km이내백화점수":1,
            "5km이내아울렛몰수":0,
            "1km이내대형먀트수":0,
            "500m이내은행수":1,
            "500m이내병원수":3,
            "5km이내대형병원수":14,
            "500m이내공원수":0,
            "3km이내혐오시설수":0,
            "초등학교학업성취도":99.71,
            "중학교학업성취도":81.6,
            "용적률":230,
            "건폐율":18,
            "Y":35.119036,
            "X":129.01926,
            "rank":6.0,
            "area_info":"24평(81.89), 25평(82.8), 30평(99.43), 29평(99.13), 30평(99.62), 33평(111.67), 33평(111.76)",
            "last_sales":"2021-05-12,45000.0,33평(111.76)"
        },
        {
            "index":8,
            "아파트명":"충무대로봄여름가을겨울",
            "투자타입":"일반",
            "전용면적(m2)":"96.02",
            "전용면적(평)":"29평",
            "법정동주소":"부산시 서구 남부민동 647-17",
            "도로명주소":"부산시 서구 충무대로 229",
            "세대수":0,
            "입주년차":100,
            "용적률점수":"--",
            "건폐율점수":"--",
            "세대당주차수":60,
            "난방방식":30,
            "공급면적":"--",
            "전용률":"--",
            "욕실수":100,
            "현관타입":100,
            "주거총점":52.0,
            "지역구공급총점":0.0,
            "역세권":"NA",
            "30분내 이동가능 거점":"NA",
            "1시간내 이동가능 거점":"NA",
            "교통총점":"NA",
            "백화점":100,
            "아울렛몰":0,
            "대형마트":80,
            "은행":0,
            "병원":10,
            "종합병원":100,
            "공원":0,
            "혐오시설":0,
            "인프라총점":63.0,
            "초등학군":90.7,
            "중학군":48.66,
            "학군총점":57.068,
            "인구수":11.23,
            "인구증감":1.32,
            "인구총점":8.257,
            "일자리":5.5,
            "소득수준":65.15,
            "일자리총점":23.395,
            "가치 총점":57.667,
            "매매실거래년":20200509.0,
            "매매실거래가":36375.0,
            "전세실거래년":null,
            "전세실거래가":null,
            "전세가율":null,
            "장기전세가율평균":71.47,
            "전세가율거품지수":null,
            "검색코드":118201,
            "세대수":190,
            "준공년월":"2020-04-13",
            "준공년차":3,
            "가까운역이름":"NA",
            "가까운역거리":"NA",
            "역세권여부":"NA",
            "30분이내주요거점역":"NA",
            "1시간이내주요거점역":"NA",
            "3km이내백화점수":1,
            "5km이내아울렛몰수":0,
            "1km이내대형먀트수":1,
            "500m이내은행수":0,
            "500m이내병원수":4,
            "5km이내대형병원수":7,
            "500m이내공원수":0,
            "3km이내혐오시설수":0,
            "초등학교학업성취도":90.7,
            "중학교학업성취도":79.9,
            "용적률":691,
            "건폐율":60,
            "Y":35.090784,
            "X":129.02368,
            "rank":7.0,
            "area_info":"29평(96.02), 29평(96.02), 29평(98.94), 30평(99.56), 30평(99.54), 30평(99.54), 30평(99.6), 30평(100.95), 31평(104.47)",
            "last_sales":"2020-05-09,36375.0,29평(96.02)"
        },
        {
            "index":62,
            "아파트명":"부민e편한세상",
            "투자타입":"일반",
            "전용면적(m2)":"76.34",
            "전용면적(평)":"23평",
            "법정동주소":"부산시 서구 부민동3가 76",
            "도로명주소":"부산시 서구 해돋이로 313",
            "세대수":50,
            "입주년차":40,
            "용적률점수":"--",
            "건폐율점수":"--",
            "세대당주차수":30,
            "난방방식":30,
            "공급면적":"--",
            "전용률":"--",
            "욕실수":100,
            "현관타입":100,
            "주거총점":53.0,
            "지역구공급총점":0.0,
            "역세권":"NA",
            "30분내 이동가능 거점":"NA",
            "1시간내 이동가능 거점":"NA",
            "교통총점":"NA",
            "백화점":100,
            "아울렛몰":0,
            "대형마트":0,
            "은행":70,
            "병원":30,
            "종합병원":100,
            "공원":80,
            "혐오시설":0,
            "인프라총점":62.4,
            "초등학군":90.7,
            "중학군":44.6,
            "학군총점":53.82,
            "인구수":11.23,
            "인구증감":1.32,
            "인구총점":8.257,
            "일자리":5.5,
            "소득수준":65.15,
            "일자리총점":23.395,
            "가치 총점":56.965,
            "매매실거래년":20211213.0,
            "매매실거래가":22600.0,
            "전세실거래년":20211221.0,
            "전세실거래가":18000.0,
            "전세가율":79.65,
            "장기전세가율평균":71.47,
            "전세가율거품지수":-8.18,
            "검색코드":8591,
            "세대수":613,
            "준공년월":"2004-09-16",
            "준공년차":19,
            "가까운역이름":"NA",
            "가까운역거리":"NA",
            "역세권여부":"NA",
            "30분이내주요거점역":"NA",
            "1시간이내주요거점역":"NA",
            "3km이내백화점수":1,
            "5km이내아울렛몰수":0,
            "1km이내대형먀트수":0,
            "500m이내은행수":4,
            "500m이내병원수":6,
            "5km이내대형병원수":10,
            "500m이내공원수":1,
            "3km이내혐오시설수":0,
            "초등학교학업성취도":90.7,
            "중학교학업성취도":70.8,
            "용적률":354,
            "건폐율":26,
            "Y":35.104515,
            "X":129.016445,
            "rank":8.0,
            "area_info":"23평(76.34), 31평(102.83), 41평(135.6)",
            "last_sales":"2021-12-13,22600.0,23평(76.34)"
        },
        {
            "index":87,
            "아파트명":"보람더하임",
            "투자타입":"일반",
            "전용면적(m2)":"97.68",
            "전용면적(평)":"29평",
            "법정동주소":"부산시 서구 서대신동2가 270",
            "도로명주소":"부산시 서구 대영로 24",
            "세대수":0,
            "입주년차":40,
            "용적률점수":"--",
            "건폐율점수":"--",
            "세대당주차수":0,
            "난방방식":30,
            "공급면적":"--",
            "전용률":"--",
            "욕실수":100,
            "현관타입":100,
            "주거총점":31.0,
            "지역구공급총점":0.0,
            "역세권":"NA",
            "30분내 이동가능 거점":"NA",
            "1시간내 이동가능 거점":"NA",
            "교통총점":"NA",
            "백화점":100,
            "아울렛몰":0,
            "대형마트":0,
            "은행":100,
            "병원":80,
            "종합병원":100,
            "공원":80,
            "혐오시설":0,
            "인프라총점":70.4,
            "초등학군":87.22,
            "중학군":48.42,
            "학군총점":56.18,
            "인구수":11.23,
            "인구증감":1.32,
            "인구총점":8.257,
            "일자리":5.5,
            "소득수준":65.15,
            "일자리총점":23.395,
            "가치 총점":53.055,
            "매매실거래년":20211023.0,
            "매매실거래가":52800.0,
            "전세실거래년":20170324.0,
            "전세실거래가":18500.0,
            "전세가율":69.03,
            "장기전세가율평균":71.47,
            "전세가율거품지수":2.44,
            "검색코드":19785,
            "세대수":200,
            "준공년월":"2005-12-09",
            "준공년차":18,
            "가까운역이름":"NA",
            "가까운역거리":"NA",
            "역세권여부":"NA",
            "30분이내주요거점역":"NA",
            "1시간이내주요거점역":"NA",
            "3km이내백화점수":1,
            "5km이내아울렛몰수":0,
            "1km이내대형먀트수":0,
            "500m이내은행수":5,
            "500m이내병원수":36,
            "5km이내대형병원수":12,
            "500m이내공원수":1,
            "3km이내혐오시설수":0,
            "초등학교학업성취도":87.22,
            "중학교학업성취도":78.9,
            "용적률":661,
            "건폐율":67,
            "Y":35.109701,
            "X":129.013986,
            "rank":9.0,
            "area_info":"29평(97.68), 30평(102.24), 31평(105.15), 32평(106.18), 32평(106.14), 32평(106.07), 32평(106.03), 44평(148.4), 47평(158.14)",
            "last_sales":"2021-10-23,52800.0,47평(158.14)"
        },
        {
            "index":65,
            "아파트명":"부용한웅드리머스",
            "투자타입":"일반",
            "전용면적(m2)":"78.01",
            "전용면적(평)":"23평",
            "법정동주소":"부산시 서구 부용동1가 46-8",
            "도로명주소":"부산시 서구 구덕로238번길 13",
            "세대수":0,
            "입주년차":80,
            "용적률점수":"--",
            "건폐율점수":"--",
            "세대당주차수":30,
            "난방방식":30,
            "공급면적":"--",
            "전용률":"--",
            "욕실수":100,
            "현관타입":100,
            "주거총점":43.5,
            "지역구공급총점":0.0,
            "역세권":"NA",
            "30분내 이동가능 거점":"NA",
            "1시간내 이동가능 거점":"NA",
            "교통총점":"NA",
            "백화점":100,
            "아울렛몰":0,
            "대형마트":0,
            "은행":70,
            "병원":30,
            "종합병원":100,
            "공원":0,
            "혐오시설":0,
            "인프라총점":60.0,
            "초등학군":90.7,
            "중학군":44.6,
            "학군총점":53.82,
            "인구수":11.23,
            "인구증감":1.32,
            "인구총점":8.257,
            "일자리":5.5,
            "소득수준":65.15,
            "일자리총점":23.395,
            "가치 총점":52.68,
            "매매실거래년":"18000101",
            "매매실거래가":null,
            "전세실거래년":null,
            "전세실거래가":null,
            "전세가율":null,
            "장기전세가율평균":71.47,
            "전세가율거품지수":null,
            "검색코드":110914,
            "세대수":128,
            "준공년월":"2015-09-11",
            "준공년차":8,
            "가까운역이름":"NA",
            "가까운역거리":"NA",
            "역세권여부":"NA",
            "30분이내주요거점역":"NA",
            "1시간이내주요거점역":"NA",
            "3km이내백화점수":1,
            "5km이내아울렛몰수":0,
            "1km이내대형먀트수":0,
            "500m이내은행수":3,
            "500m이내병원수":5,
            "5km이내대형병원수":10,
            "500m이내공원수":0,
            "3km이내혐오시설수":0,
            "초등학교학업성취도":90.7,
            "중학교학업성취도":70.8,
            "용적률":689,
            "건폐율":64,
            "Y":35.106073,
            "X":129.020939,
            "rank":10.0,
            "area_info":"23평(78.01), 25평(83.7), 25평(83.77), 28평(94.27), 31평(104.21), 31평(104.28)",
            "last_sales":"1800-01-01,nan,23평(78.01)"
        },
        {
            "index":17,
            "아파트명":"현대타운",
            "투자타입":"일반",
            "전용면적(m2)":"84.08",
            "전용면적(평)":"25평",
            "법정동주소":"부산시 서구 남부민동 685",
            "도로명주소":"부산시 서구 충무대로 246",
            "세대수":0,
            "입주년차":20,
            "용적률점수":"--",
            "건폐율점수":"--",
            "세대당주차수":60,
            "난방방식":30,
            "공급면적":"--",
            "전용률":"--",
            "욕실수":50,
            "현관타입":100,
            "주거총점":31.0,
            "지역구공급총점":0.0,
            "역세권":"NA",
            "30분내 이동가능 거점":"NA",
            "1시간내 이동가능 거점":"NA",
            "교통총점":"NA",
            "백화점":100,
            "아울렛몰":0,
            "대형마트":80,
            "은행":0,
            "병원":60,
            "종합병원":100,
            "공원":0,
            "혐오시설":0,
            "인프라총점":68.0,
            "초등학군":90.7,
            "중학군":48.66,
            "학군총점":57.068,
            "인구수":11.23,
            "인구증감":1.32,
            "인구총점":8.257,
            "일자리":5.5,
            "소득수준":65.15,
            "일자리총점":23.395,
            "가치 총점":52.317,
            "매매실거래년":20211003.0,
            "매매실거래가":29000.0,
            "전세실거래년":20210809.0,
            "전세실거래가":15000.0,
            "전세가율":69.77,
            "장기전세가율평균":71.47,
            "전세가율거품지수":1.7,
            "검색코드":10878,
            "세대수":180,
            "준공년월":"1999-08-14",
            "준공년차":24,
            "가까운역이름":"NA",
            "가까운역거리":"NA",
            "역세권여부":"NA",
            "30분이내주요거점역":"NA",
            "1시간이내주요거점역":"NA",
            "3km이내백화점수":1,
            "5km이내아울렛몰수":0,
            "1km이내대형먀트수":1,
            "500m이내은행수":0,
            "500m이내병원수":26,
            "5km이내대형병원수":8,
            "500m이내공원수":0,
            "3km이내혐오시설수":0,
            "초등학교학업성취도":90.7,
            "중학교학업성취도":79.9,
            "용적률":488,
            "건폐율":55,
            "Y":35.09258,
            "X":129.0243,
            "rank":11.0,
            "area_info":"25평(84.08), 34평(114.84), 35평(118.63)",
            "last_sales":"2021-10-03,29000.0,35평(118.63)"
        },
        {
            "index":0,
            "아파트명":"대림비치",
            "투자타입":"일반",
            "전용면적(m2)":"80.69",
            "전용면적(평)":"24평",
            "법정동주소":"부산시 서구 남부민동 523-1",
            "도로명주소":"부산시 서구 충무대로 133",
            "세대수":50,
            "입주년차":20,
            "용적률점수":"--",
            "건폐율점수":"--",
            "세대당주차수":0,
            "난방방식":30,
            "공급면적":"--",
            "전용률":"--",
            "욕실수":50,
            "현관타입":100,
            "주거총점":39.5,
            "지역구공급총점":0.0,
            "역세권":"NA",
            "30분내 이동가능 거점":"NA",
            "1시간내 이동가능 거점":"NA",
            "교통총점":"NA",
            "백화점":100,
            "아울렛몰":0,
            "대형마트":0,
            "은행":20,
            "병원":10,
            "종합병원":100,
            "공원":100,
            "혐오시설":0,
            "인프라총점":56.0,
            "초등학군":90.7,
            "중학군":48.02,
            "학군총점":56.556,
            "인구수":11.23,
            "인구증감":1.32,
            "인구총점":8.257,
            "일자리":5.5,
            "소득수준":65.15,
            "일자리총점":23.395,
            "가치 총점":50.364,
            "매매실거래년":20211019.0,
            "매매실거래가":35000.0,
            "전세실거래년":20211122.0,
            "전세실거래가":20000.0,
            "전세가율":90.91,
            "장기전세가율평균":71.47,
            "전세가율거품지수":-19.44,
            "검색코드":7158,
            "세대수":440,
            "준공년월":"2003-08-11",
            "준공년차":20,
            "가까운역이름":"NA",
            "가까운역거리":"NA",
            "역세권여부":"NA",
            "30분이내주요거점역":"NA",
            "1시간이내주요거점역":"NA",
            "3km이내백화점수":1,
            "5km이내아울렛몰수":0,
            "1km이내대형먀트수":0,
            "500m이내은행수":2,
            "500m이내병원수":3,
            "5km이내대형병원수":7,
            "500m이내공원수":4,
            "3km이내혐오시설수":0,
            "초등학교학업성취도":90.7,
            "중학교학업성취도":76.7,
            "용적률":399,
            "건폐율":30,
            "Y":35.082056,
            "X":129.024533,
            "rank":12.0,
            "area_info":"24평(80.69), 32평(106.74)",
            "last_sales":"2021-10-19,35000.0,32평(106.74)"
        },
        {
            "index":25,
            "아파트명":"삼익",
            "투자타입":"재건축",
            "전용면적(m2)":"88.2",
            "전용면적(평)":"26평",
            "법정동주소":"부산시 서구 동대신동2가 313-143",
            "도로명주소":"부산시 서구 대영로73번길 39",
            "세대수":50,
            "입주년차":"--",
            "용적률점수":0,
            "건폐율점수":0,
            "세대당주차수":"--",
            "난방방식":"--",
            "공급면적":70,
            "전용률":100,
            "욕실수":"--",
            "현관타입":"--",
            "주거총점":23.5,
            "지역구공급총점":0.0,
            "역세권":"NA",
            "30분내 이동가능 거점":"NA",
            "1시간내 이동가능 거점":"NA",
            "교통총점":"NA",
            "백화점":100,
            "아울렛몰":0,
            "대형마트":0,
            "은행":100,
            "병원":80,
            "종합병원":100,
            "공원":0,
            "혐오시설":0,
            "인프라총점":68.0,
            "초등학군":87.08,
            "중학군":51.3,
            "학군총점":58.456,
            "인구수":11.23,
            "인구증감":1.32,
            "인구총점":8.257,
            "일자리":5.5,
            "소득수준":65.15,
            "일자리총점":23.395,
            "가치 총점":50.039,
            "매매실거래년":20211220.0,
            "매매실거래가":60000.0,
            "전세실거래년":20210918.0,
            "전세실거래가":3000.0,
            "전세가율":5.0,
            "장기전세가율평균":71.47,
            "전세가율거품지수":66.47,
            "검색코드":7167,
            "세대수":410,
            "준공년월":"1976-06-01",
            "준공년차":47,
            "가까운역이름":"NA",
            "가까운역거리":"NA",
            "역세권여부":"NA",
            "30분이내주요거점역":"NA",
            "1시간이내주요거점역":"NA",
            "3km이내백화점수":1,
            "5km이내아울렛몰수":0,
            "1km이내대형먀트수":0,
            "500m이내은행수":6,
            "500m이내병원수":35,
            "5km이내대형병원수":13,
            "500m이내공원수":0,
            "3km이내혐오시설수":0,
            "초등학교학업성취도":87.08,
            "중학교학업성취도":84.1,
            "용적률":0,
            "건폐율":0,
            "Y":35.112006,
            "X":129.018508,
            "rank":13.0,
            "area_info":"26평(88.2), 36평(119.7), 48평(160.46), 68평(226.68)",
            "last_sales":"2021-12-20,60000.0,26평(88.2)"
        },
        {
            "index":142,
            "아파트명":"삼경맨션(81-23)",
            "투자타입":"재건축",
            "전용면적(m2)":"88.0",
            "전용면적(평)":"26평",
            "법정동주소":"부산시 서구 암남동 81-23",
            "도로명주소":"부산시 서구 감천로 277",
            "세대수":0,
            "입주년차":"--",
            "용적률점수":0,
            "건폐율점수":100,
            "세대당주차수":"--",
            "난방방식":"--",
            "공급면적":70,
            "전용률":60,
            "욕실수":"--",
            "현관타입":"--",
            "주거총점":26.5,
            "지역구공급총점":0.0,
            "역세권":"NA",
            "30분내 이동가능 거점":"NA",
            "1시간내 이동가능 거점":"NA",
            "교통총점":"NA",
            "백화점":100,
            "아울렛몰":0,
            "대형마트":0,
            "은행":70,
            "병원":30,
            "종합병원":100,
            "공원":100,
            "혐오시설":0,
            "인프라총점":63.0,
            "초등학군":87.74,
            "중학군":48.02,
            "학군총점":55.964,
            "인구수":11.23,
            "인구증감":1.32,
            "인구총점":8.257,
            "일자리":5.5,
            "소득수준":65.15,
            "일자리총점":23.395,
            "가치 총점":48.466,
            "매매실거래년":20210826.0,
            "매매실거래가":13500.0,
            "전세실거래년":20200829.0,
            "전세실거래가":12000.0,
            "전세가율":88.89,
            "장기전세가율평균":71.47,
            "전세가율거품지수":-17.42,
            "검색코드":7242,
            "세대수":181,
            "준공년월":"1989-08-10",
            "준공년차":34,
            "가까운역이름":"NA",
            "가까운역거리":"NA",
            "역세권여부":"NA",
            "30분이내주요거점역":"NA",
            "1시간이내주요거점역":"NA",
            "3km이내백화점수":1,
            "5km이내아울렛몰수":0,
            "1km이내대형먀트수":0,
            "500m이내은행수":3,
            "500m이내병원수":7,
            "5km이내대형병원수":7,
            "500m이내공원수":3,
            "3km이내혐오시설수":0,
            "초등학교학업성취도":87.74,
            "중학교학업성취도":76.7,
            "용적률":227,
            "건폐율":18,
            "Y":35.080243,
            "X":129.018271,
            "rank":14.0,
            "area_info":"26평(88.0), 27평(90.91), 27평(90.66), 28평(94.17), 29평(98.04), 31평(103.23), 31평(105.19), 40평(135.06), 46평(154.81)",
            "last_sales":"2021-08-26,13500.0,26평(88.0)"
        },
        {
            "index":117,
            "아파트명":"대신롯데캐슬",
            "투자타입":"일반",
            "전용면적(m2)":"82.78",
            "전용면적(평)":"25평",
            "법정동주소":"부산시 서구 서대신동3가 762",
            "도로명주소":"부산시 서구 대티로 161",
            "세대수":80,
            "입주년차":80,
            "용적률점수":"--",
            "건폐율점수":"--",
            "세대당주차수":30,
            "난방방식":30,
            "공급면적":"--",
            "전용률":"--",
            "욕실수":100,
            "현관타입":100,
            "주거총점":71.5,
            "지역구공급총점":0.0,
            "역세권":"NA",
            "30분내 이동가능 거점":"NA",
            "1시간내 이동가능 거점":"NA",
            "교통총점":"NA",
            "백화점":0,
            "아울렛몰":0,
            "대형마트":0,
            "은행":0,
            "병원":10,
            "종합병원":100,
            "공원":0,
            "혐오시설":0,
            "인프라총점":21.0,
            "초등학군":87.22,
            "중학군":48.42,
            "학군총점":56.18,
            "인구수":11.23,
            "인구증감":1.32,
            "인구총점":8.257,
            "일자리":5.5,
            "소득수준":65.15,
            "일자리총점":23.395,
            "가치 총점":47.47,
            "매매실거래년":20220108.0,
            "매매실거래가":67700.0,
            "전세실거래년":20210310.0,
            "전세실거래가":30000.0,
            "전세가율":70.59,
            "장기전세가율평균":71.47,
            "전세가율거품지수":0.88,
            "검색코드":104536,
            "세대수":753,
            "준공년월":"2014-10-30",
            "준공년차":9,
            "가까운역이름":"NA",
            "가까운역거리":"NA",
            "역세권여부":"NA",
            "30분이내주요거점역":"NA",
            "1시간이내주요거점역":"NA",
            "3km이내백화점수":0,
            "5km이내아울렛몰수":0,
            "1km이내대형먀트수":0,
            "500m이내은행수":1,
            "500m이내병원수":4,
            "5km이내대형병원수":12,
            "500m이내공원수":0,
            "3km이내혐오시설수":0,
            "초등학교학업성취도":87.22,
            "중학교학업성취도":78.9,
            "용적률":249,
            "건폐율":18,
            "Y":35.115637,
            "X":129.010121,
            "rank":15.0,
            "area_info":"25평(82.78), 25평(84.08), 33평(112.35), 34평(113.44), 40평(132.49), 49평(164.94)",
            "last_sales":"2022-01-08,67700.0,40평(132.49)"
        },
        {
            "index":180,
            "아파트명":"송도탑스빌",
            "투자타입":"일반",
            "전용면적(m2)":"145.02",
            "전용면적(평)":"43평",
            "법정동주소":"부산시 서구 암남동 255-1",
            "도로명주소":"부산시 서구 충무대로 56",
            "세대수":0,
            "입주년차":20,
            "용적률점수":"--",
            "건폐율점수":"--",
            "세대당주차수":30,
            "난방방식":30,
            "공급면적":"--",
            "전용률":"--",
            "욕실수":100,
            "현관타입":100,
            "주거총점":31.5,
            "지역구공급총점":0.0,
            "역세권":"NA",
            "30분내 이동가능 거점":"NA",
            "1시간내 이동가능 거점":"NA",
            "교통총점":"NA",
            "백화점":100,
            "아울렛몰":0,
            "대형마트":0,
            "은행":0,
            "병원":30,
            "종합병원":100,
            "공원":100,
            "혐오시설":-50,
            "인프라총점":55.0,
            "초등학군":87.74,
            "중학군":48.02,
            "학군총점":55.964,
            "인구수":11.23,
            "인구증감":1.32,
            "인구총점":8.257,
            "일자리":5.5,
            "소득수준":65.15,
            "일자리총점":23.395,
            "가치 총점":47.016,
            "매매실거래년":20211109.0,
            "매매실거래가":65000.0,
            "전세실거래년":20210819.0,
            "전세실거래가":30000.0,
            "전세가율":85.71,
            "장기전세가율평균":71.47,
            "전세가율거품지수":-14.24,
            "검색코드":19677,
            "세대수":125,
            "준공년월":"2000-06-10",
            "준공년차":23,
            "가까운역이름":"NA",
            "가까운역거리":"NA",
            "역세권여부":"NA",
            "30분이내주요거점역":"NA",
            "1시간이내주요거점역":"NA",
            "3km이내백화점수":1,
            "5km이내아울렛몰수":0,
            "1km이내대형먀트수":0,
            "500m이내은행수":1,
            "500m이내병원수":5,
            "5km이내대형병원수":7,
            "500m이내공원수":5,
            "3km이내혐오시설수":1,
            "초등학교학업성취도":87.74,
            "중학교학업성취도":76.7,
            "용적률":1028,
            "건폐율":62,
            "Y":35.078068,
            "X":129.018595,
            "rank":16.0,
            "area_info":"43평(145.02), 44평(146.4), 50평(167.44), 51평(169.63), 52평(172.01)",
            "last_sales":"2021-11-09,65000.0,51평(169.63)"
        },
        {
            "index":151,
            "아파트명":"송도동일스위트",
            "투자타입":"일반",
            "전용면적(m2)":"86.63",
            "전용면적(평)":"26평",
            "법정동주소":"부산시 서구 암남동 16-6",
            "도로명주소":"부산시 서구 성산길 47-17",
            "세대수":0,
            "입주년차":40,
            "용적률점수":"--",
            "건폐율점수":"--",
            "세대당주차수":0,
            "난방방식":30,
            "공급면적":"--",
            "전용률":"--",
            "욕실수":100,
            "현관타입":100,
            "주거총점":31.0,
            "지역구공급총점":0.0,
            "역세권":"NA",
            "30분내 이동가능 거점":"NA",
            "1시간내 이동가능 거점":"NA",
            "교통총점":"NA",
            "백화점":100,
            "아울렛몰":0,
            "대형마트":0,
            "은행":0,
            "병원":0,
            "종합병원":100,
            "공원":100,
            "혐오시설":-50,
            "인프라총점":52.0,
            "초등학군":87.74,
            "중학군":48.02,
            "학군총점":55.964,
            "인구수":11.23,
            "인구증감":1.32,
            "인구총점":8.257,
            "일자리":5.5,
            "소득수준":65.15,
            "일자리총점":23.395,
            "가치 총점":45.641,
            "매매실거래년":20211029.0,
            "매매실거래가":25600.0,
            "전세실거래년":20190214.0,
            "전세실거래가":15900.0,
            "전세가율":79.5,
            "장기전세가율평균":71.47,
            "전세가율거품지수":-8.03,
            "검색코드":24245,
            "세대수":180,
            "준공년월":"2006-09-28",
            "준공년차":17,
            "가까운역이름":"NA",
            "가까운역거리":"NA",
            "역세권여부":"NA",
            "30분이내주요거점역":"NA",
            "1시간이내주요거점역":"NA",
            "3km이내백화점수":1,
            "5km이내아울렛몰수":0,
            "1km이내대형먀트수":0,
            "500m이내은행수":1,
            "500m이내병원수":1,
            "5km이내대형병원수":7,
            "500m이내공원수":2,
            "3km이내혐오시설수":1,
            "초등학교학업성취도":87.74,
            "중학교학업성취도":76.7,
            "용적률":243,
            "건폐율":27,
            "Y":35.080754,
            "X":129.012148,
            "rank":17.0,
            "area_info":"26평(86.63), 26평(87.4), 26평(87.42), 29평(96.41), 29평(96.42), 36평(121.57)",
            "last_sales":"2021-10-29,25600.0,36평(121.57)"
        },
        {
            "index":174,
            "아파트명":"송도정림비치타운",
            "투자타입":"일반",
            "전용면적(m2)":"100.97",
            "전용면적(평)":"30평",
            "법정동주소":"부산시 서구 암남동 64-2",
            "도로명주소":"부산시 서구 감천로 271",
            "세대수":0,
            "입주년차":0,
            "용적률점수":"--",
            "건폐율점수":"--",
            "세대당주차수":0,
            "난방방식":30,
            "공급면적":"--",
            "전용률":"--",
            "욕실수":50,
            "현관타입":100,
            "주거총점":18.0,
            "지역구공급총점":0.0,
            "역세권":"NA",
            "30분내 이동가능 거점":"NA",
            "1시간내 이동가능 거점":"NA",
            "교통총점":"NA",
            "백화점":100,
            "아울렛몰":0,
            "대형마트":0,
            "은행":70,
            "병원":30,
            "종합병원":100,
            "공원":80,
            "혐오시설":0,
            "인프라총점":62.4,
            "초등학군":87.74,
            "중학군":48.02,
            "학군총점":55.964,
            "인구수":11.23,
            "인구증감":1.32,
            "인구총점":8.257,
            "일자리":5.5,
            "소득수준":65.15,
            "일자리총점":23.395,
            "가치 총점":45.251,
            "매매실거래년":20220105.0,
            "매매실거래가":27000.0,
            "전세실거래년":20210406.0,
            "전세실거래가":11000.0,
            "전세가율":67.48,
            "장기전세가율평균":71.47,
            "전세가율거품지수":3.99,
            "검색코드":7349,
            "세대수":268,
            "준공년월":"1993-02-25",
            "준공년차":30,
            "가까운역이름":"NA",
            "가까운역거리":"NA",
            "역세권여부":"NA",
            "30분이내주요거점역":"NA",
            "1시간이내주요거점역":"NA",
            "3km이내백화점수":1,
            "5km이내아울렛몰수":0,
            "1km이내대형먀트수":0,
            "500m이내은행수":3,
            "500m이내병원수":6,
            "5km이내대형병원수":7,
            "500m이내공원수":1,
            "3km이내혐오시설수":0,
            "초등학교학업성취도":87.74,
            "중학교학업성취도":76.7,
            "용적률":260,
            "건폐율":19,
            "Y":35.081379,
            "X":129.017177,
            "rank":18.0,
            "area_info":"30평(100.97), 30평(101.64), 30평(101.89), 37평(125.03), 38평(127.16), 43평(144.64)",
            "last_sales":"2022-01-05,27000.0,43평(144.64)"
        },
        {
            "index":110,
            "아파트명":"대신더샵",
            "투자타입":"일반",
            "전용면적(m2)":"83.78",
            "전용면적(평)":"25평",
            "법정동주소":"부산시 서구 서대신동3가 769",
            "도로명주소":"부산시 서구 꽃마을로 48",
            "세대수":50,
            "입주년차":80,
            "용적률점수":"--",
            "건폐율점수":"--",
            "세대당주차수":30,
            "난방방식":30,
            "공급면적":"--",
            "전용률":"--",
            "욕실수":100,
            "현관타입":100,
            "주거총점":61.0,
            "지역구공급총점":0.0,
            "역세권":"NA",
            "30분내 이동가능 거점":"NA",
            "1시간내 이동가능 거점":"NA",
            "교통총점":"NA",
            "백화점":0,
            "아울렛몰":0,
            "대형마트":0,
            "은행":0,
            "병원":0,
            "종합병원":100,
            "공원":0,
            "혐오시설":0,
            "인프라총점":20.0,
            "초등학군":99.71,
            "중학군":46.62,
            "학군총점":57.238,
            "인구수":11.23,
            "인구증감":1.32,
            "인구총점":8.257,
            "일자리":5.5,
            "소득수준":65.15,
            "일자리총점":23.395,
            "가치 총점":43.6595,
            "매매실거래년":20211110.0,
            "매매실거래가":59800.0,
            "전세실거래년":20211223.0,
            "전세실거래가":35000.0,
            "전세가율":71.87,
            "장기전세가율평균":71.47,
            "전세가율거품지수":-0.4,
            "검색코드":110573,
            "세대수":429,
            "준공년월":"2018-01-30",
            "준공년차":5,
            "가까운역이름":"NA",
            "가까운역거리":"NA",
            "역세권여부":"NA",
            "30분이내주요거점역":"NA",
            "1시간이내주요거점역":"NA",
            "3km이내백화점수":0,
            "5km이내아울렛몰수":0,
            "1km이내대형먀트수":0,
            "500m이내은행수":0,
            "500m이내병원수":1,
            "5km이내대형병원수":13,
            "500m이내공원수":0,
            "3km이내혐오시설수":0,
            "초등학교학업성취도":99.71,
            "중학교학업성취도":74.5,
            "용적률":279,
            "건폐율":21,
            "Y":35.118995,
            "X":129.012463,
            "rank":19.0,
            "area_info":"25평(83.78), 30평(101.17), 30평(101.97), 33평(109.99), 33평(110.48), 33평(110.01), 39평(130.88)",
            "last_sales":"2021-11-10,59800.0,30평(101.17)"
        },
        {
            "index":96,
            "아파트명":"구덕자유",
            "투자타입":"일반",
            "전용면적(m2)":"68.51",
            "전용면적(평)":"20평",
            "법정동주소":"부산시 서구 서대신동3가 566-5",
            "도로명주소":"부산시 서구 망양로33번길 27",
            "세대수":0,
            "입주년차":0,
            "용적률점수":"--",
            "건폐율점수":"--",
            "세대당주차수":0,
            "난방방식":30,
            "공급면적":"--",
            "전용률":"--",
            "욕실수":50,
            "현관타입":100,
            "주거총점":18.0,
            "지역구공급총점":0.0,
            "역세권":"NA",
            "30분내 이동가능 거점":"NA",
            "1시간내 이동가능 거점":"NA",
            "교통총점":"NA",
            "백화점":100,
            "아울렛몰":0,
            "대형마트":0,
            "은행":0,
            "병원":60,
            "종합병원":100,
            "공원":0,
            "혐오시설":0,
            "인프라총점":56.0,
            "초등학군":87.22,
            "중학군":48.42,
            "학군총점":56.18,
            "인구수":11.23,
            "인구증감":1.32,
            "인구총점":8.257,
            "일자리":5.5,
            "소득수준":65.15,
            "일자리총점":23.395,
            "가치 총점":42.745,
            "매매실거래년":20210128.0,
            "매매실거래가":25000.0,
            "전세실거래년":null,
            "전세실거래가":null,
            "전세가율":null,
            "장기전세가율평균":71.47,
            "전세가율거품지수":null,
            "검색코드":7170,
            "세대수":116,
            "준공년월":"1996-04-18",
            "준공년차":27,
            "가까운역이름":"NA",
            "가까운역거리":"NA",
            "역세권여부":"NA",
            "30분이내주요거점역":"NA",
            "1시간이내주요거점역":"NA",
            "3km이내백화점수":1,
            "5km이내아울렛몰수":0,
            "1km이내대형먀트수":0,
            "500m이내은행수":1,
            "500m이내병원수":17,
            "5km이내대형병원수":12,
            "500m이내공원수":0,
            "3km이내혐오시설수":0,
            "초등학교학업성취도":87.22,
            "중학교학업성취도":78.9,
            "용적률":377,
            "건폐율":43,
            "Y":35.11356,
            "X":129.01249,
            "rank":20.0,
            "area_info":"20평(68.51), 21평(71.13), 21평(72.67), 31평(103.63), 31평(103.59)",
            "last_sales":"2021-01-28,25000.0,31평(103.59)"
        },
        {
            "index":104,
            "아파트명":"대신공원한신휴플러스",
            "투자타입":"일반",
            "전용면적(m2)":"81.67",
            "전용면적(평)":"24평",
            "법정동주소":"부산시 서구 서대신동3가 752",
            "도로명주소":"부산시 서구 보수대로 284",
            "세대수":30,
            "입주년차":80,
            "용적률점수":"--",
            "건폐율점수":"--",
            "세대당주차수":30,
            "난방방식":30,
            "공급면적":"--",
            "전용률":"--",
            "욕실수":100,
            "현관타입":100,
            "주거총점":54.0,
            "지역구공급총점":0.0,
            "역세권":"NA",
            "30분내 이동가능 거점":"NA",
            "1시간내 이동가능 거점":"NA",
            "교통총점":"NA",
            "백화점":0,
            "아울렛몰":0,
            "대형마트":0,
            "은행":0,
            "병원":10,
            "종합병원":100,
            "공원":0,
            "혐오시설":0,
            "인프라총점":21.0,
            "초등학군":99.71,
            "중학군":50.44,
            "학군총점":60.294,
            "인구수":11.23,
            "인구증감":1.32,
            "인구총점":8.257,
            "일자리":5.5,
            "소득수준":65.15,
            "일자리총점":23.395,
            "가치 총점":42.3735,
            "매매실거래년":20211110.0,
            "매매실거래가":68500.0,
            "전세실거래년":20211015.0,
            "전세실거래가":30000.0,
            "전세가율":83.33,
            "장기전세가율평균":71.47,
            "전세가율거품지수":-11.86,
            "검색코드":104137,
            "세대수":321,
            "준공년월":"2014-02-14",
            "준공년차":9,
            "가까운역이름":"NA",
            "가까운역거리":"NA",
            "역세권여부":"NA",
            "30분이내주요거점역":"NA",
            "1시간이내주요거점역":"NA",
            "3km이내백화점수":0,
            "5km이내아울렛몰수":0,
            "1km이내대형먀트수":0,
            "500m이내은행수":1,
            "500m이내병원수":2,
            "5km이내대형병원수":13,
            "500m이내공원수":0,
            "3km이내혐오시설수":0,
            "초등학교학업성취도":99.71,
            "중학교학업성취도":81.6,
            "용적률":263,
            "건폐율":29,
            "Y":35.119768,
            "X":129.014177,
            "rank":21.0,
            "area_info":"24평(81.67), 32평(109.09), 32평(109.09), 32평(109.09), 34평(112.81), 47평(155.5)",
            "last_sales":"2021-11-10,68500.0,47평(155.5)"
        },
        {
            "index":134,
            "아파트명":"협성르네상스",
            "투자타입":"일반",
            "전용면적(m2)":"109.97",
            "전용면적(평)":"33평",
            "법정동주소":"부산시 서구 서대신동3가 694-1",
            "도로명주소":"부산시 서구 대티로 159",
            "세대수":50,
            "입주년차":20,
            "용적률점수":"--",
            "건폐율점수":"--",
            "세대당주차수":60,
            "난방방식":30,
            "공급면적":"--",
            "전용률":"--",
            "욕실수":100,
            "현관타입":100,
            "주거총점":53.5,
            "지역구공급총점":0.0,
            "역세권":"NA",
            "30분내 이동가능 거점":"NA",
            "1시간내 이동가능 거점":"NA",
            "교통총점":"NA",
            "백화점":0,
            "아울렛몰":0,
            "대형마트":0,
            "은행":0,
            "병원":30,
            "종합병원":100,
            "공원":0,
            "혐오시설":0,
            "인프라총점":23.0,
            "초등학군":87.22,
            "중학군":48.42,
            "학군총점":56.18,
            "인구수":11.23,
            "인구증감":1.32,
            "인구총점":8.257,
            "일자리":5.5,
            "소득수준":65.15,
            "일자리총점":23.395,
            "가치 총점":41.97,
            "매매실거래년":20211216.0,
            "매매실거래가":39000.0,
            "전세실거래년":20210823.0,
            "전세실거래가":33000.0,
            "전세가율":84.62,
            "장기전세가율평균":71.47,
            "전세가율거품지수":-13.15,
            "검색코드":10024,
            "세대수":490,
            "준공년월":"2001-11-22",
            "준공년차":22,
            "가까운역이름":"NA",
            "가까운역거리":"NA",
            "역세권여부":"NA",
            "30분이내주요거점역":"NA",
            "1시간이내주요거점역":"NA",
            "3km이내백화점수":0,
            "5km이내아울렛몰수":0,
            "1km이내대형먀트수":0,
            "500m이내은행수":1,
            "500m이내병원수":6,
            "5km이내대형병원수":12,
            "500m이내공원수":0,
            "3km이내혐오시설수":0,
            "초등학교학업성취도":87.22,
            "중학교학업성취도":78.9,
            "용적률":258,
            "건폐율":37,
            "Y":35.113259,
            "X":129.00996,
            "rank":22.0,
            "area_info":"33평(109.97), 43평(143.48), 51평(168.73), 55평(184.06), 61평(203.62)",
            "last_sales":"2021-12-16,39000.0,33평(109.97)"
        },
        {
            "index":50,
            "아파트명":"구덕금호",
            "투자타입":"일반",
            "전용면적(m2)":"78.77",
            "전용면적(평)":"23평",
            "법정동주소":"부산시 서구 동대신동3가 140",
            "도로명주소":"부산시 서구 보수대로242번길 6",
            "세대수":0,
            "입주년차":20,
            "용적률점수":"--",
            "건폐율점수":"--",
            "세대당주차수":0,
            "난방방식":30,
            "공급면적":"--",
            "전용률":"--",
            "욕실수":50,
            "현관타입":10,
            "주거총점":13.0,
            "지역구공급총점":0.0,
            "역세권":"NA",
            "30분내 이동가능 거점":"NA",
            "1시간내 이동가능 거점":"NA",
            "교통총점":"NA",
            "백화점":100,
            "아울렛몰":0,
            "대형마트":0,
            "은행":20,
            "병원":60,
            "종합병원":100,
            "공원":0,
            "혐오시설":0,
            "인프라총점":58.0,
            "초등학군":87.08,
            "중학군":46.62,
            "학군총점":54.712,
            "인구수":11.23,
            "인구증감":1.32,
            "인구총점":8.257,
            "일자리":5.5,
            "소득수준":65.15,
            "일자리총점":23.395,
            "가치 총점":41.428,
            "매매실거래년":20211130.0,
            "매매실거래가":25500.0,
            "전세실거래년":20211021.0,
            "전세실거래가":13000.0,
            "전세가율":57.02,
            "장기전세가율평균":71.47,
            "전세가율거품지수":14.45,
            "검색코드":7163,
            "세대수":112,
            "준공년월":"2001-05-14",
            "준공년차":22,
            "가까운역이름":"NA",
            "가까운역거리":"NA",
            "역세권여부":"NA",
            "30분이내주요거점역":"NA",
            "1시간이내주요거점역":"NA",
            "3km이내백화점수":1,
            "5km이내아울렛몰수":0,
            "1km이내대형먀트수":0,
            "500m이내은행수":2,
            "500m이내병원수":10,
            "5km이내대형병원수":13,
            "500m이내공원수":0,
            "3km이내혐오시설수":0,
            "초등학교학업성취도":87.08,
            "중학교학업성취도":74.5,
            "용적률":395,
            "건폐율":27,
            "Y":35.115974,
            "X":129.018298,
            "rank":23.0,
            "area_info":"23평(78.77), 33평(111.16)",
            "last_sales":"2021-11-30,25500.0,33평(111.16)"
        },
        {
            "index":170,
            "아파트명":"송도자유비치",
            "투자타입":"일반",
            "전용면적(m2)":"65.22",
            "전용면적(평)":"19평",
            "법정동주소":"부산시 서구 암남동 81-12",
            "도로명주소":"부산시 서구 천해로7번길 33",
            "세대수":0,
            "입주년차":0,
            "용적률점수":"--",
            "건폐율점수":"--",
            "세대당주차수":0,
            "난방방식":30,
            "공급면적":"--",
            "전용률":"--",
            "욕실수":50,
            "현관타입":10,
            "주거총점":9.0,
            "지역구공급총점":0.0,
            "역세권":"NA",
            "30분내 이동가능 거점":"NA",
            "1시간내 이동가능 거점":"NA",
            "교통총점":"NA",
            "백화점":100,
            "아울렛몰":0,
            "대형마트":0,
            "은행":70,
            "병원":10,
            "종합병원":100,
            "공원":100,
            "혐오시설":0,
            "인프라총점":61.0,
            "초등학군":83.65,
            "중학군":48.02,
            "학군총점":55.146,
            "인구수":11.23,
            "인구증감":1.32,
            "인구총점":8.257,
            "일자리":5.5,
            "소득수준":65.15,
            "일자리총점":23.395,
            "가치 총점":41.3365,
            "매매실거래년":20211126.0,
            "매매실거래가":16000.0,
            "전세실거래년":20181023.0,
            "전세실거래가":1000.0,
            "전세가율":13.7,
            "장기전세가율평균":71.47,
            "전세가율거품지수":57.77,
            "검색코드":7298,
            "세대수":295,
            "준공년월":"1997-11-28",
            "준공년차":26,
            "가까운역이름":"NA",
            "가까운역거리":"NA",
            "역세권여부":"NA",
            "30분이내주요거점역":"NA",
            "1시간이내주요거점역":"NA",
            "3km이내백화점수":1,
            "5km이내아울렛몰수":0,
            "1km이내대형먀트수":0,
            "500m이내은행수":3,
            "500m이내병원수":3,
            "5km이내대형병원수":7,
            "500m이내공원수":4,
            "3km이내혐오시설수":0,
            "초등학교학업성취도":83.65,
            "중학교학업성취도":76.7,
            "용적률":367,
            "건폐율":48,
            "Y":35.08183,
            "X":129.01958,
            "rank":24.0,
            "area_info":"19평(65.22), 24평(80.18), 32평(105.97), 34평(113.74)",
            "last_sales":"2021-11-26,16000.0,34평(113.74)"
        },
        {
            "index":29,
            "아파트명":"영산맨션",
            "투자타입":"재건축",
            "전용면적(m2)":"33.1",
            "전용면적(평)":"10평",
            "법정동주소":"부산시 서구 동대신동2가 8-20",
            "도로명주소":"부산시 서구 망양로 155",
            "세대수":0,
            "입주년차":"--",
            "용적률점수":20,
            "건폐율점수":20,
            "세대당주차수":"--",
            "난방방식":"--",
            "공급면적":50,
            "전용률":60,
            "욕실수":"--",
            "현관타입":"--",
            "주거총점":17.5,
            "지역구공급총점":0.0,
            "역세권":"NA",
            "30분내 이동가능 거점":"NA",
            "1시간내 이동가능 거점":"NA",
            "교통총점":"NA",
            "백화점":100,
            "아울렛몰":0,
            "대형마트":0,
            "은행":0,
            "병원":0,
            "종합병원":100,
            "공원":0,
            "혐오시설":0,
            "인프라총점":50.0,
            "초등학군":87.08,
            "중학군":51.3,
            "학군총점":58.456,
            "인구수":11.23,
            "인구증감":1.32,
            "인구총점":8.257,
            "일자리":5.5,
            "소득수준":65.15,
            "일자리총점":23.395,
            "가치 총점":40.739,
            "매매실거래년":20210811.0,
            "매매실거래가":15000.0,
            "전세실거래년":null,
            "전세실거래가":null,
            "전세가율":null,
            "장기전세가율평균":71.47,
            "전세가율거품지수":null,
            "검색코드":14995,
            "세대수":101,
            "준공년월":"1980-06-25",
            "준공년차":43,
            "가까운역이름":"NA",
            "가까운역거리":"NA",
            "역세권여부":"NA",
            "30분이내주요거점역":"NA",
            "1시간이내주요거점역":"NA",
            "3km이내백화점수":1,
            "5km이내아울렛몰수":0,
            "1km이내대형먀트수":0,
            "500m이내은행수":0,
            "500m이내병원수":1,
            "5km이내대형병원수":14,
            "500m이내공원수":0,
            "3km이내혐오시설수":0,
            "초등학교학업성취도":87.08,
            "중학교학업성취도":84.1,
            "용적률":208,
            "건폐율":42,
            "Y":35.115871,
            "X":129.023047,
            "rank":25.0,
            "area_info":"10평(33.1), 11평(36.37), 11평(37.48), 12평(42.54), 13평(42.99), 19평(65.78), 21평(72.62), 22평(74.41), 22평(74.45), 22평(75.04), 24평(81.64), 24평(82.61), 24평(82.61), 24평(82.57), 25평(82.69), 24평(82.62), 25평(85.67), 26평(86.09), 27평(91.84), 28평(93.92), 28평(95.75)",
            "last_sales":"2021-08-11,15000.0,28평(95.75)"
        },
        {
            "index":195,
            "아파트명":"신익별장",
            "투자타입":"재건축",
            "전용면적(m2)":"53.82",
            "전용면적(평)":"16평",
            "법정동주소":"부산시 서구 암남동 81-19",
            "도로명주소":"부산시 서구 천마로 17",
            "세대수":0,
            "입주년차":"--",
            "용적률점수":0,
            "건폐율점수":0,
            "세대당주차수":"--",
            "난방방식":"--",
            "공급면적":50,
            "전용률":80,
            "욕실수":"--",
            "현관타입":"--",
            "주거총점":6.5,
            "지역구공급총점":0.0,
            "역세권":"NA",
            "30분내 이동가능 거점":"NA",
            "1시간내 이동가능 거점":"NA",
            "교통총점":"NA",
            "백화점":100,
            "아울렛몰":0,
            "대형마트":0,
            "은행":70,
            "병원":10,
            "종합병원":100,
            "공원":100,
            "혐오시설":0,
            "인프라총점":61.0,
            "초등학군":87.74,
            "중학군":48.02,
            "학군총점":55.964,
            "인구수":11.23,
            "인구증감":1.32,
            "인구총점":8.257,
            "일자리":5.5,
            "소득수준":65.15,
            "일자리총점":23.395,
            "가치 총점":40.666,
            "매매실거래년":20211019.0,
            "매매실거래가":8250.0,
            "전세실거래년":20211108.0,
            "전세실거래가":6500.0,
            "전세가율":78.79,
            "장기전세가율평균":71.47,
            "전세가율거품지수":-7.32,
            "검색코드":7282,
            "세대수":115,
            "준공년월":"1989-05-18",
            "준공년차":34,
            "가까운역이름":"NA",
            "가까운역거리":"NA",
            "역세권여부":"NA",
            "30분이내주요거점역":"NA",
            "1시간이내주요거점역":"NA",
            "3km이내백화점수":1,
            "5km이내아울렛몰수":0,
            "1km이내대형먀트수":0,
            "500m이내은행수":3,
            "500m이내병원수":3,
            "5km이내대형병원수":7,
            "500m이내공원수":4,
            "3km이내혐오시설수":0,
            "초등학교학업성취도":87.74,
            "중학교학업성취도":76.7,
            "용적률":0,
            "건폐율":0,
            "Y":35.080364,
            "X":129.019928,
            "rank":26.0,
            "area_info":"16평(53.82), 22평(72.92), 26평(86.98), 26평(87.02), 30평(99.56), 30평(99.46)",
            "last_sales":"2021-10-19,8250.0,16평(53.82)"
        },
        {
            "index":6,
            "아파트명":"시영",
            "투자타입":"재건축",
            "전용면적(m2)":"36.36",
            "전용면적(평)":"10평",
            "법정동주소":"부산시 서구 남부민동 434-86",
            "도로명주소":"부산시 서구 천해로13번길 3",
            "세대수":0,
            "입주년차":"--",
            "용적률점수":0,
            "건폐율점수":0,
            "세대당주차수":"--",
            "난방방식":"--",
            "공급면적":50,
            "전용률":100,
            "욕실수":"--",
            "현관타입":"--",
            "주거총점":7.5,
            "지역구공급총점":0.0,
            "역세권":"NA",
            "30분내 이동가능 거점":"NA",
            "1시간내 이동가능 거점":"NA",
            "교통총점":"NA",
            "백화점":100,
            "아울렛몰":0,
            "대형마트":0,
            "은행":70,
            "병원":10,
            "종합병원":100,
            "공원":0,
            "혐오시설":0,
            "인프라총점":58.0,
            "초등학군":83.65,
            "중학군":48.02,
            "학군총점":55.146,
            "인구수":11.23,
            "인구증감":1.32,
            "인구총점":8.257,
            "일자리":5.5,
            "소득수준":65.15,
            "일자리총점":23.395,
            "가치 총점":39.6115,
            "매매실거래년":"18000101",
            "매매실거래가":null,
            "전세실거래년":null,
            "전세실거래가":null,
            "전세가율":null,
            "장기전세가율평균":71.47,
            "전세가율거품지수":null,
            "검색코드":14990,
            "세대수":288,
            "준공년월":"1969-12-30",
            "준공년차":54,
            "가까운역이름":"NA",
            "가까운역거리":"NA",
            "역세권여부":"NA",
            "30분이내주요거점역":"NA",
            "1시간이내주요거점역":"NA",
            "3km이내백화점수":1,
            "5km이내아울렛몰수":0,
            "1km이내대형먀트수":0,
            "500m이내은행수":3,
            "500m이내병원수":3,
            "5km이내대형병원수":7,
            "500m이내공원수":0,
            "3km이내혐오시설수":0,
            "초등학교학업성취도":83.65,
            "중학교학업성취도":76.7,
            "용적률":0,
            "건폐율":0,
            "Y":35.083165,
            "X":129.01709,
            "rank":27.0,
            "area_info":"10평(36.36), 11평(37.02)",
            "last_sales":"1800-01-01,nan,10평(36.36)"
        },
        {
            "index":139,
            "아파트명":"아미맨션",
            "투자타입":"일반",
            "전용면적(m2)":"76.8",
            "전용면적(평)":"23평",
            "법정동주소":"부산시 서구 아미동2가 261-126",
            "도로명주소":"부산시 서구 까치고개로 102",
            "세대수":0,
            "입주년차":0,
            "용적률점수":"--",
            "건폐율점수":"--",
            "세대당주차수":0,
            "난방방식":30,
            "공급면적":"--",
            "전용률":"--",
            "욕실수":100,
            "현관타입":10,
            "주거총점":14.0,
            "지역구공급총점":0.0,
            "역세권":"NA",
            "30분내 이동가능 거점":"NA",
            "1시간내 이동가능 거점":"NA",
            "교통총점":"NA",
            "백화점":100,
            "아울렛몰":0,
            "대형마트":0,
            "은행":0,
            "병원":0,
            "종합병원":100,
            "공원":100,
            "혐오시설":0,
            "인프라총점":53.0,
            "초등학군":82.31,
            "중학군":44.6,
            "학군총점":52.142,
            "인구수":11.23,
            "인구증감":1.32,
            "인구총점":8.257,
            "일자리":5.5,
            "소득수준":65.15,
            "일자리총점":23.395,
            "가치 총점":39.1355,
            "매매실거래년":20210126.0,
            "매매실거래가":11700.0,
            "전세실거래년":null,
            "전세실거래가":null,
            "전세가율":null,
            "장기전세가율평균":71.47,
            "전세가율거품지수":null,
            "검색코드":11349,
            "세대수":101,
            "준공년월":"1995-07-13",
            "준공년차":28,
            "가까운역이름":"NA",
            "가까운역거리":"NA",
            "역세권여부":"NA",
            "30분이내주요거점역":"NA",
            "1시간이내주요거점역":"NA",
            "3km이내백화점수":1,
            "5km이내아울렛몰수":0,
            "1km이내대형먀트수":0,
            "500m이내은행수":0,
            "500m이내병원수":0,
            "5km이내대형병원수":9,
            "500m이내공원수":2,
            "3km이내혐오시설수":0,
            "초등학교학업성취도":82.31,
            "중학교학업성취도":70.8,
            "용적률":333,
            "건폐율":40,
            "Y":35.10438,
            "X":129.011025,
            "rank":28.0,
            "area_info":"23평(76.8), 25평(83.25), 25평(84.91)",
            "last_sales":"2021-01-26,11700.0,25평(84.91)"
        },
        {
            "index":2,
            "아파트명":"대진타워맨션",
            "투자타입":"재건축",
            "전용면적(m2)":"98.53",
            "전용면적(평)":"29평",
            "법정동주소":"부산시 서구 남부민동 653",
            "도로명주소":"부산시 서구 충무대로 185",
            "세대수":0,
            "입주년차":"--",
            "용적률점수":0,
            "건폐율점수":0,
            "세대당주차수":"--",
            "난방방식":"--",
            "공급면적":70,
            "전용률":80,
            "욕실수":"--",
            "현관타입":"--",
            "주거총점":7.5,
            "지역구공급총점":0.0,
            "역세권":"NA",
            "30분내 이동가능 거점":"NA",
            "1시간내 이동가능 거점":"NA",
            "교통총점":"NA",
            "백화점":100,
            "아울렛몰":0,
            "대형마트":0,
            "은행":20,
            "병원":10,
            "종합병원":100,
            "공원":80,
            "혐오시설":0,
            "인프라총점":55.4,
            "초등학군":90.7,
            "중학군":48.02,
            "학군총점":56.556,
            "인구수":11.23,
            "인구증감":1.32,
            "인구총점":8.257,
            "일자리":5.5,
            "소득수준":65.15,
            "일자리총점":23.395,
            "가치 총점":38.924,
            "매매실거래년":20211123.0,
            "매매실거래가":17300.0,
            "전세실거래년":20170330.0,
            "전세실거래가":12000.0,
            "전세가율":72.73,
            "장기전세가율평균":71.47,
            "전세가율거품지수":-1.26,
            "검색코드":7159,
            "세대수":116,
            "준공년월":"1985-06-04",
            "준공년차":38,
            "가까운역이름":"NA",
            "가까운역거리":"NA",
            "역세권여부":"NA",
            "30분이내주요거점역":"NA",
            "1시간이내주요거점역":"NA",
            "3km이내백화점수":1,
            "5km이내아울렛몰수":0,
            "1km이내대형먀트수":0,
            "500m이내은행수":2,
            "500m이내병원수":4,
            "5km이내대형병원수":7,
            "500m이내공원수":1,
            "3km이내혐오시설수":0,
            "초등학교학업성취도":90.7,
            "중학교학업성취도":76.7,
            "용적률":0,
            "건폐율":0,
            "Y":35.087216,
            "X":129.024093,
            "rank":29.0,
            "area_info":"29평(98.53), 31평(104.28), 32평(106.36), 36평(119.73)",
            "last_sales":"2021-11-23,17300.0,32평(106.36)"
        },
        {
            "index":52,
            "아파트명":"문화",
            "투자타입":"재건축",
            "전용면적(m2)":"56.2",
            "전용면적(평)":"17평",
            "법정동주소":"부산시 서구 동대신동3가 173",
            "도로명주소":"부산시 서구 구덕로 350",
            "세대수":0,
            "입주년차":"--",
            "용적률점수":0,
            "건폐율점수":0,
            "세대당주차수":"--",
            "난방방식":"--",
            "공급면적":50,
            "전용률":100,
            "욕실수":"--",
            "현관타입":"--",
            "주거총점":7.5,
            "지역구공급총점":0.0,
            "역세권":"NA",
            "30분내 이동가능 거점":"NA",
            "1시간내 이동가능 거점":"NA",
            "교통총점":"NA",
            "백화점":100,
            "아울렛몰":0,
            "대형마트":0,
            "은행":0,
            "병원":60,
            "종합병원":100,
            "공원":0,
            "혐오시설":0,
            "인프라총점":56.0,
            "초등학군":87.08,
            "중학군":46.62,
            "학군총점":54.712,
            "인구수":11.23,
            "인구증감":1.32,
            "인구총점":8.257,
            "일자리":5.5,
            "소득수준":65.15,
            "일자리총점":23.395,
            "가치 총점":38.703,
            "매매실거래년":20211125.0,
            "매매실거래가":20750.0,
            "전세실거래년":20210924.0,
            "전세실거래가":15000.0,
            "전세가율":72.29,
            "장기전세가율평균":71.47,
            "전세가율거품지수":-0.82,
            "검색코드":7165,
            "세대수":180,
            "준공년월":"1971-12-17",
            "준공년차":52,
            "가까운역이름":"NA",
            "가까운역거리":"NA",
            "역세권여부":"NA",
            "30분이내주요거점역":"NA",
            "1시간이내주요거점역":"NA",
            "3km이내백화점수":1,
            "5km이내아울렛몰수":0,
            "1km이내대형먀트수":0,
            "500m이내은행수":1,
            "500m이내병원수":15,
            "5km이내대형병원수":13,
            "500m이내공원수":0,
            "3km이내혐오시설수":0,
            "초등학교학업성취도":87.08,
            "중학교학업성취도":74.5,
            "용적률":0,
            "건폐율":0,
            "Y":35.11512,
            "X":129.01579,
            "rank":30.0,
            "area_info":"17평(56.2), 20평(66.12), 19평(66.11)",
            "last_sales":"2021-11-25,20750.0,17평(56.2)"
        },
        {
            "index":157,
            "아파트명":"송도삼정비치",
            "투자타입":"재건축",
            "전용면적(m2)":"41.63",
            "전용면적(평)":"12평",
            "법정동주소":"부산시 서구 암남동 206-1",
            "도로명주소":"부산시 서구 충무대로 64",
            "세대수":0,
            "입주년차":"--",
            "용적률점수":0,
            "건폐율점수":0,
            "세대당주차수":"--",
            "난방방식":"--",
            "공급면적":50,
            "전용률":60,
            "욕실수":"--",
            "현관타입":"--",
            "주거총점":5.5,
            "지역구공급총점":0.0,
            "역세권":"NA",
            "30분내 이동가능 거점":"NA",
            "1시간내 이동가능 거점":"NA",
            "교통총점":"NA",
            "백화점":100,
            "아울렛몰":0,
            "대형마트":0,
            "은행":0,
            "병원":30,
            "종합병원":100,
            "공원":100,
            "혐오시설":0,
            "인프라총점":56.0,
            "초등학군":87.74,
            "중학군":48.02,
            "학군총점":55.964,
            "인구수":11.23,
            "인구증감":1.32,
            "인구총점":8.257,
            "일자리":5.5,
            "소득수준":65.15,
            "일자리총점":23.395,
            "가치 총점":38.316,
            "매매실거래년":20211207.0,
            "매매실거래가":19700.0,
            "전세실거래년":20190308.0,
            "전세실거래가":5000.0,
            "전세가율":119.05,
            "장기전세가율평균":71.47,
            "전세가율거품지수":-47.58,
            "검색코드":7263,
            "세대수":108,
            "준공년월":"1988-06-10",
            "준공년차":35,
            "가까운역이름":"NA",
            "가까운역거리":"NA",
            "역세권여부":"NA",
            "30분이내주요거점역":"NA",
            "1시간이내주요거점역":"NA",
            "3km이내백화점수":1,
            "5km이내아울렛몰수":0,
            "1km이내대형먀트수":0,
            "500m이내은행수":0,
            "500m이내병원수":5,
            "5km이내대형병원수":7,
            "500m이내공원수":4,
            "3km이내혐오시설수":0,
            "초등학교학업성취도":87.74,
            "중학교학업성취도":76.7,
            "용적률":0,
            "건폐율":0,
            "Y":35.078408,
            "X":129.019937,
            "rank":31.0,
            "area_info":"12평(41.63), 13평(45.94), 18평(59.57), 18평(61.73), 19평(64.96), 19평(66.03), 20평(67.11), 23평(78.95), 23평(78.72), 24평(81.83), 26평(87.57)",
            "last_sales":"2021-12-07,19700.0,24평(81.83)"
        },
        {
            "index":185,
            "아파트명":"송도풍림아이원",
            "투자타입":"일반",
            "전용면적(m2)":"110.71",
            "전용면적(평)":"33평",
            "법정동주소":"부산시 서구 암남동 595",
            "도로명주소":"부산시 서구 암남공원로 39",
            "세대수":0,
            "입주년차":60,
            "용적률점수":"--",
            "건폐율점수":"--",
            "세대당주차수":60,
            "난방방식":30,
            "공급면적":"--",
            "전용률":"--",
            "욕실수":100,
            "현관타입":100,
            "주거총점":44.0,
            "지역구공급총점":0.0,
            "역세권":"NA",
            "30분내 이동가능 거점":"NA",
            "1시간내 이동가능 거점":"NA",
            "교통총점":"NA",
            "백화점":0,
            "아울렛몰":0,
            "대형마트":0,
            "은행":0,
            "병원":10,
            "종합병원":100,
            "공원":0,
            "혐오시설":-50,
            "인프라총점":20.0,
            "초등학군":87.74,
            "중학군":48.02,
            "학군총점":55.964,
            "인구수":11.23,
            "인구증감":1.32,
            "인구총점":8.257,
            "일자리":5.5,
            "소득수준":65.15,
            "일자리총점":23.395,
            "가치 총점":37.391,
            "매매실거래년":20211203.0,
            "매매실거래가":52000.0,
            "전세실거래년":20211105.0,
            "전세실거래가":38000.0,
            "전세가율":73.08,
            "장기전세가율평균":71.47,
            "전세가율거품지수":-1.61,
            "검색코드":101414,
            "세대수":239,
            "준공년월":"2010-02-09",
            "준공년차":13,
            "가까운역이름":"NA",
            "가까운역거리":"NA",
            "역세권여부":"NA",
            "30분이내주요거점역":"NA",
            "1시간이내주요거점역":"NA",
            "3km이내백화점수":0,
            "5km이내아울렛몰수":0,
            "1km이내대형먀트수":0,
            "500m이내은행수":0,
            "500m이내병원수":4,
            "5km이내대형병원수":6,
            "500m이내공원수":0,
            "3km이내혐오시설수":1,
            "초등학교학업성취도":87.74,
            "중학교학업성취도":76.7,
            "용적률":384,
            "건폐율":20,
            "Y":35.072922,
            "X":129.016338,
            "rank":32.0,
            "area_info":"33평(110.71), 33평(110.56), 45평(149.81), 49평(163.07), 59평(198.06)",
            "last_sales":"2021-12-03,52000.0,33평(110.71)"
        },
        {
            "index":123,
            "아파트명":"서대신금호어울림",
            "투자타입":"일반",
            "전용면적(m2)":"120.38",
            "전용면적(평)":"36평",
            "법정동주소":"부산시 서구 서대신동3가 31-57",
            "도로명주소":"부산시 서구 꽃마을로 57",
            "세대수":0,
            "입주년차":40,
            "용적률점수":"--",
            "건폐율점수":"--",
            "세대당주차수":60,
            "난방방식":30,
            "공급면적":"--",
            "전용률":"--",
            "욕실수":100,
            "현관타입":100,
            "주거총점":40.0,
            "지역구공급총점":0.0,
            "역세권":"NA",
            "30분내 이동가능 거점":"NA",
            "1시간내 이동가능 거점":"NA",
            "교통총점":"NA",
            "백화점":0,
            "아울렛몰":0,
            "대형마트":0,
            "은행":0,
            "병원":0,
            "종합병원":100,
            "공원":0,
            "혐오시설":0,
            "인프라총점":20.0,
            "초등학군":99.71,
            "중학군":46.62,
            "학군총점":57.238,
            "인구수":11.23,
            "인구증감":1.32,
            "인구총점":8.257,
            "일자리":5.5,
            "소득수준":65.15,
            "일자리총점":23.395,
            "가치 총점":36.3095,
            "매매실거래년":20211129.0,
            "매매실거래가":46000.0,
            "전세실거래년":null,
            "전세실거래가":null,
            "전세가율":null,
            "장기전세가율평균":71.47,
            "전세가율거품지수":null,
            "검색코드":10458,
            "세대수":256,
            "준공년월":"2004-02-04",
            "준공년차":19,
            "가까운역이름":"NA",
            "가까운역거리":"NA",
            "역세권여부":"NA",
            "30분이내주요거점역":"NA",
            "1시간이내주요거점역":"NA",
            "3km이내백화점수":0,
            "5km이내아울렛몰수":0,
            "1km이내대형먀트수":0,
            "500m이내은행수":0,
            "500m이내병원수":0,
            "5km이내대형병원수":12,
            "500m이내공원수":0,
            "3km이내혐오시설수":0,
            "초등학교학업성취도":99.71,
            "중학교학업성취도":74.5,
            "용적률":327,
            "건폐율":21,
            "Y":35.119002,
            "X":129.010865,
            "rank":33.0,
            "area_info":"36평(120.38), 39평(130.73), 41평(137.61), 53평(176.04), 53평(176.02), 65평(215.74)",
            "last_sales":"2021-11-29,46000.0,65평(215.74)"
        },
        {
            "index":168,
            "아파트명":"송도서린엘마르",
            "투자타입":"일반",
            "전용면적(m2)":"88.41",
            "전용면적(평)":"26평",
            "법정동주소":"부산시 서구 암남동 764",
            "도로명주소":"부산시 서구 송도해변로 21",
            "세대수":0,
            "입주년차":80,
            "용적률점수":"--",
            "건폐율점수":"--",
            "세대당주차수":0,
            "난방방식":30,
            "공급면적":"--",
            "전용률":"--",
            "욕실수":100,
            "현관타입":100,
            "주거총점":39.0,
            "지역구공급총점":0.0,
            "역세권":"NA",
            "30분내 이동가능 거점":"NA",
            "1시간내 이동가능 거점":"NA",
            "교통총점":"NA",
            "백화점":0,
            "아울렛몰":0,
            "대형마트":0,
            "은행":0,
            "병원":0,
            "종합병원":100,
            "공원":0,
            "혐오시설":-50,
            "인프라총점":19.0,
            "초등학군":87.74,
            "중학군":48.02,
            "학군총점":55.964,
            "인구수":11.23,
            "인구증감":1.32,
            "인구총점":8.257,
            "일자리":5.5,
            "소득수준":65.15,
            "일자리총점":23.395,
            "가치 총점":35.241,
            "매매실거래년":20211119.0,
            "매매실거래가":45000.0,
            "전세실거래년":20211123.0,
            "전세실거래가":30000.0,
            "전세가율":66.67,
            "장기전세가율평균":71.47,
            "전세가율거품지수":4.8,
            "검색코드":108778,
            "세대수":168,
            "준공년월":"2016-05-01",
            "준공년차":7,
            "가까운역이름":"NA",
            "가까운역거리":"NA",
            "역세권여부":"NA",
            "30분이내주요거점역":"NA",
            "1시간이내주요거점역":"NA",
            "3km이내백화점수":0,
            "5km이내아울렛몰수":0,
            "1km이내대형먀트수":0,
            "500m이내은행수":0,
            "500m이내병원수":0,
            "5km이내대형병원수":6,
            "500m이내공원수":0,
            "3km이내혐오시설수":1,
            "초등학교학업성취도":87.74,
            "중학교학업성취도":76.7,
            "용적률":276,
            "건폐율":22,
            "Y":35.071314,
            "X":129.01782,
            "rank":34.0,
            "area_info":"26평(88.41), 34평(115.02)",
            "last_sales":"2021-11-19,45000.0,26평(88.41)"
        },
        {
            "index":101,
            "아파트명":"남성한빛가든",
            "투자타입":"일반",
            "전용면적(m2)":"75.61",
            "전용면적(평)":"22평",
            "법정동주소":"부산시 서구 서대신동3가 161-13",
            "도로명주소":"부산시 서구 꽃마을로 43",
            "세대수":50,
            "입주년차":0,
            "용적률점수":"--",
            "건폐율점수":"--",
            "세대당주차수":0,
            "난방방식":30,
            "공급면적":"--",
            "전용률":"--",
            "욕실수":50,
            "현관타입":10,
            "주거총점":26.5,
            "지역구공급총점":0.0,
            "역세권":"NA",
            "30분내 이동가능 거점":"NA",
            "1시간내 이동가능 거점":"NA",
            "교통총점":"NA",
            "백화점":0,
            "아울렛몰":0,
            "대형마트":0,
            "은행":0,
            "병원":0,
            "종합병원":100,
            "공원":0,
            "혐오시설":0,
            "인프라총점":20.0,
            "초등학군":99.71,
            "중학군":48.42,
            "학군총점":58.678,
            "인구수":11.23,
            "인구증감":1.32,
            "인구총점":8.257,
            "일자리":5.5,
            "소득수준":65.15,
            "일자리총점":23.395,
            "가치 총점":31.9445,
            "매매실거래년":20211223.0,
            "매매실거래가":24000.0,
            "전세실거래년":20210816.0,
            "전세실거래가":16000.0,
            "전세가율":82.05,
            "장기전세가율평균":71.47,
            "전세가율거품지수":-10.58,
            "검색코드":7226,
            "세대수":564,
            "준공년월":"1996-10-10",
            "준공년차":27,
            "가까운역이름":"NA",
            "가까운역거리":"NA",
            "역세권여부":"NA",
            "30분이내주요거점역":"NA",
            "1시간이내주요거점역":"NA",
            "3km이내백화점수":0,
            "5km이내아울렛몰수":0,
            "1km이내대형먀트수":0,
            "500m이내은행수":0,
            "500m이내병원수":0,
            "5km이내대형병원수":12,
            "500m이내공원수":0,
            "3km이내혐오시설수":0,
            "초등학교학업성취도":99.71,
            "중학교학업성취도":78.9,
            "용적률":362,
            "건폐율":25,
            "Y":35.117568,
            "X":129.011023,
            "rank":35.0,
            "area_info":"22평(75.61), 32평(108.25), 46평(152.1)",
            "last_sales":"2021-12-23,24000.0,32평(108.25)"
        },
        {
            "index":190,
            "아파트명":"송도현대",
            "투자타입":"재건축",
            "전용면적(m2)":"101.08",
            "전용면적(평)":"30평",
            "법정동주소":"부산시 서구 암남동 611-5",
            "도로명주소":"부산시 서구 암남공원로 72",
            "세대수":0,
            "입주년차":"--",
            "용적률점수":0,
            "건폐율점수":100,
            "세대당주차수":"--",
            "난방방식":"--",
            "공급면적":90,
            "전용률":80,
            "욕실수":"--",
            "현관타입":"--",
            "주거총점":28.5,
            "지역구공급총점":0.0,
            "역세권":"NA",
            "30분내 이동가능 거점":"NA",
            "1시간내 이동가능 거점":"NA",
            "교통총점":"NA",
            "백화점":0,
            "아울렛몰":0,
            "대형마트":0,
            "은행":0,
            "병원":0,
            "종합병원":100,
            "공원":0,
            "혐오시설":-50,
            "인프라총점":19.0,
            "초등학군":87.74,
            "중학군":48.02,
            "학군총점":55.964,
            "인구수":11.23,
            "인구증감":1.32,
            "인구총점":8.257,
            "일자리":5.5,
            "소득수준":65.15,
            "일자리총점":23.395,
            "가치 총점":31.566,
            "매매실거래년":20211223.0,
            "매매실거래가":19500.0,
            "전세실거래년":20210831.0,
            "전세실거래가":14000.0,
            "전세가율":71.79,
            "장기전세가율평균":71.47,
            "전세가율거품지수":-0.32,
            "검색코드":7329,
            "세대수":208,
            "준공년월":"1992-12-31",
            "준공년차":31,
            "가까운역이름":"NA",
            "가까운역거리":"NA",
            "역세권여부":"NA",
            "30분이내주요거점역":"NA",
            "1시간이내주요거점역":"NA",
            "3km이내백화점수":0,
            "5km이내아울렛몰수":0,
            "1km이내대형먀트수":0,
            "500m이내은행수":0,
            "500m이내병원수":0,
            "5km이내대형병원수":6,
            "500m이내공원수":0,
            "3km이내혐오시설수":1,
            "초등학교학업성취도":87.74,
            "중학교학업성취도":76.7,
            "용적률":220,
            "건폐율":19,
            "Y":35.07032,
            "X":129.01703,
            "rank":36.0,
            "area_info":"30평(101.08), 46평(153.81)",
            "last_sales":"2021-12-23,19500.0,30평(101.08)"
        },
        {
            "index":129,
            "아파트명":"유진대림",
            "투자타입":"일반",
            "전용면적(m2)":"74.5",
            "전용면적(평)":"22평",
            "법정동주소":"부산시 서구 서대신동3가 19-9",
            "도로명주소":"부산시 서구 보수대로320번길 11",
            "세대수":0,
            "입주년차":0,
            "용적률점수":"--",
            "건폐율점수":"--",
            "세대당주차수":0,
            "난방방식":30,
            "공급면적":"--",
            "전용률":"--",
            "욕실수":50,
            "현관타입":100,
            "주거총점":18.0,
            "지역구공급총점":0.0,
            "역세권":"NA",
            "30분내 이동가능 거점":"NA",
            "1시간내 이동가능 거점":"NA",
            "교통총점":"NA",
            "백화점":0,
            "아울렛몰":0,
            "대형마트":0,
            "은행":0,
            "병원":0,
            "종합병원":100,
            "공원":0,
            "혐오시설":0,
            "인프라총점":20.0,
            "초등학군":99.71,
            "중학군":50.44,
            "학군총점":60.294,
            "인구수":11.23,
            "인구증감":1.32,
            "인구총점":8.257,
            "일자리":5.5,
            "소득수준":65.15,
            "일자리총점":23.395,
            "가치 총점":29.3735,
            "매매실거래년":20211231.0,
            "매매실거래가":32000.0,
            "전세실거래년":20211211.0,
            "전세실거래가":15000.0,
            "전세가율":85.71,
            "장기전세가율평균":71.47,
            "전세가율거품지수":-14.24,
            "검색코드":7237,
            "세대수":218,
            "준공년월":"1998-03-09",
            "준공년차":25,
            "가까운역이름":"NA",
            "가까운역거리":"NA",
            "역세권여부":"NA",
            "30분이내주요거점역":"NA",
            "1시간이내주요거점역":"NA",
            "3km이내백화점수":0,
            "5km이내아울렛몰수":0,
            "1km이내대형먀트수":0,
            "500m이내은행수":0,
            "500m이내병원수":1,
            "5km이내대형병원수":13,
            "500m이내공원수":0,
            "3km이내혐오시설수":0,
            "초등학교학업성취도":99.71,
            "중학교학업성취도":81.6,
            "용적률":399,
            "건폐율":24,
            "Y":35.120906,
            "X":129.011668,
            "rank":37.0,
            "area_info":"22평(74.5), 30평(99.73), 30평(99.69), 35평(116.93), 43평(143.75)",
            "last_sales":"2021-12-31,32000.0,35평(116.93)"
        },
        {
            "index":192,
            "아파트명":"송도혜성비치타운",
            "투자타입":"일반",
            "전용면적(m2)":"76.56",
            "전용면적(평)":"23평",
            "법정동주소":"부산시 서구 암남동 604-2",
            "도로명주소":"부산시 서구 암남공원로 52",
            "세대수":0,
            "입주년차":0,
            "용적률점수":"--",
            "건폐율점수":"--",
            "세대당주차수":0,
            "난방방식":30,
            "공급면적":"--",
            "전용률":"--",
            "욕실수":50,
            "현관타입":10,
            "주거총점":9.0,
            "지역구공급총점":0.0,
            "역세권":"NA",
            "30분내 이동가능 거점":"NA",
            "1시간내 이동가능 거점":"NA",
            "교통총점":"NA",
            "백화점":0,
            "아울렛몰":0,
            "대형마트":0,
            "은행":0,
            "병원":0,
            "종합병원":100,
            "공원":0,
            "혐오시설":-50,
            "인프라총점":19.0,
            "초등학군":87.74,
            "중학군":48.02,
            "학군총점":55.964,
            "인구수":11.23,
            "인구증감":1.32,
            "인구총점":8.257,
            "일자리":5.5,
            "소득수준":65.15,
            "일자리총점":23.395,
            "가치 총점":24.741,
            "매매실거래년":20210811.0,
            "매매실거래가":18500.0,
            "전세실거래년":20210813.0,
            "전세실거래가":9500.0,
            "전세가율":76.0,
            "장기전세가율평균":71.47,
            "전세가율거품지수":-4.53,
            "검색코드":7354,
            "세대수":150,
            "준공년월":"1993-04-28",
            "준공년차":30,
            "가까운역이름":"NA",
            "가까운역거리":"NA",
            "역세권여부":"NA",
            "30분이내주요거점역":"NA",
            "1시간이내주요거점역":"NA",
            "3km이내백화점수":0,
            "5km이내아울렛몰수":0,
            "1km이내대형먀트수":0,
            "500m이내은행수":0,
            "500m이내병원수":0,
            "5km이내대형병원수":6,
            "500m이내공원수":0,
            "3km이내혐오시설수":1,
            "초등학교학업성취도":87.74,
            "중학교학업성취도":76.7,
            "용적률":294,
            "건폐율":39,
            "Y":35.071367,
            "X":129.015803,
            "rank":38.0,
            "area_info":"23평(76.56), 28평(94.25), 33평(109.74)",
            "last_sales":"2021-08-11,18500.0,33평(109.74)"
        }
    ]
}