{
    "schema":{
        "fields":[
            {
                "name":"index",
                "type":"integer"
            },
            {
                "name":"아파트명",
                "type":"string"
            },
            {
                "name":"투자타입",
                "type":"string"
            },
            {
                "name":"전용면적(m2)",
                "type":"string"
            },
            {
                "name":"전용면적(평)",
                "type":"string"
            },
            {
                "name":"법정동주소",
                "type":"string"
            },
            {
                "name":"도로명주소",
                "type":"string"
            },
            {
                "name":"세대수",
                "type":"integer"
            },
            {
                "name":"입주년차",
                "type":"string"
            },
            {
                "name":"용적률점수",
                "type":"string"
            },
            {
                "name":"건폐율점수",
                "type":"string"
            },
            {
                "name":"세대당주차수",
                "type":"string"
            },
            {
                "name":"난방방식",
                "type":"string"
            },
            {
                "name":"공급면적",
                "type":"string"
            },
            {
                "name":"전용률",
                "type":"string"
            },
            {
                "name":"욕실수",
                "type":"string"
            },
            {
                "name":"현관타입",
                "type":"string"
            },
            {
                "name":"주거총점",
                "type":"number"
            },
            {
                "name":"지역구공급총점",
                "type":"number"
            },
            {
                "name":"역세권",
                "type":"string"
            },
            {
                "name":"30분내 이동가능 거점",
                "type":"string"
            },
            {
                "name":"1시간내 이동가능 거점",
                "type":"string"
            },
            {
                "name":"교통총점",
                "type":"string"
            },
            {
                "name":"백화점",
                "type":"integer"
            },
            {
                "name":"아울렛몰",
                "type":"integer"
            },
            {
                "name":"대형마트",
                "type":"integer"
            },
            {
                "name":"은행",
                "type":"integer"
            },
            {
                "name":"병원",
                "type":"integer"
            },
            {
                "name":"종합병원",
                "type":"integer"
            },
            {
                "name":"공원",
                "type":"integer"
            },
            {
                "name":"혐오시설",
                "type":"integer"
            },
            {
                "name":"인프라총점",
                "type":"number"
            },
            {
                "name":"초등학군",
                "type":"number"
            },
            {
                "name":"중학군",
                "type":"number"
            },
            {
                "name":"학군총점",
                "type":"number"
            },
            {
                "name":"인구수",
                "type":"number"
            },
            {
                "name":"인구증감",
                "type":"number"
            },
            {
                "name":"인구총점",
                "type":"number"
            },
            {
                "name":"일자리",
                "type":"number"
            },
            {
                "name":"소득수준",
                "type":"number"
            },
            {
                "name":"일자리총점",
                "type":"number"
            },
            {
                "name":"가치 총점",
                "type":"number"
            },
            {
                "name":"매매실거래년",
                "type":"string"
            },
            {
                "name":"매매실거래가",
                "type":"number"
            },
            {
                "name":"전세실거래년",
                "type":"number"
            },
            {
                "name":"전세실거래가",
                "type":"number"
            },
            {
                "name":"전세가율",
                "type":"number"
            },
            {
                "name":"장기전세가율평균",
                "type":"number"
            },
            {
                "name":"전세가율거품지수",
                "type":"number"
            },
            {
                "name":"검색코드",
                "type":"integer"
            },
            {
                "name":"세대수",
                "type":"integer"
            },
            {
                "name":"준공년월",
                "type":"string"
            },
            {
                "name":"준공년차",
                "type":"integer"
            },
            {
                "name":"가까운역이름",
                "type":"string"
            },
            {
                "name":"가까운역거리",
                "type":"string"
            },
            {
                "name":"역세권여부",
                "type":"string"
            },
            {
                "name":"30분이내주요거점역",
                "type":"string"
            },
            {
                "name":"1시간이내주요거점역",
                "type":"string"
            },
            {
                "name":"3km이내백화점수",
                "type":"integer"
            },
            {
                "name":"5km이내아울렛몰수",
                "type":"integer"
            },
            {
                "name":"1km이내대형먀트수",
                "type":"integer"
            },
            {
                "name":"500m이내은행수",
                "type":"integer"
            },
            {
                "name":"500m이내병원수",
                "type":"integer"
            },
            {
                "name":"5km이내대형병원수",
                "type":"integer"
            },
            {
                "name":"500m이내공원수",
                "type":"integer"
            },
            {
                "name":"3km이내혐오시설수",
                "type":"integer"
            },
            {
                "name":"초등학교학업성취도",
                "type":"number"
            },
            {
                "name":"중학교학업성취도",
                "type":"number"
            },
            {
                "name":"용적률",
                "type":"integer"
            },
            {
                "name":"건폐율",
                "type":"integer"
            },
            {
                "name":"Y",
                "type":"number"
            },
            {
                "name":"X",
                "type":"number"
            },
            {
                "name":"rank",
                "type":"number"
            },
            {
                "name":"area_info",
                "type":"string"
            },
            {
                "name":"last_sales",
                "type":"string"
            }
        ],
        "primaryKey":[
            "index"
        ],
        "pandas_version":"1.4.0"
    },
    "data":[
        {
            "index":175,
            "아파트명":"봉래에일린의뜰",
            "투자타입":"일반",
            "전용면적(m2)":"72.63",
            "전용면적(평)":"21평",
            "법정동주소":"부산시 영도구 봉래동4가 69-1",
            "도로명주소":"부산시 영도구 태종로 172",
            "세대수":90,
            "입주년차":100,
            "용적률점수":"--",
            "건폐율점수":"--",
            "세대당주차수":30,
            "난방방식":30,
            "공급면적":"--",
            "전용률":"--",
            "욕실수":100,
            "현관타입":100,
            "주거총점":79.0,
            "지역구공급총점":0.0,
            "역세권":"NA",
            "30분내 이동가능 거점":"NA",
            "1시간내 이동가능 거점":"NA",
            "교통총점":"NA",
            "백화점":100,
            "아울렛몰":0,
            "대형마트":80,
            "은행":0,
            "병원":60,
            "종합병원":100,
            "공원":0,
            "혐오시설":0,
            "인프라총점":68.0,
            "초등학군":90.79,
            "중학군":49.96,
            "학군총점":58.126,
            "인구수":11.74,
            "인구증감":-7.76,
            "인구총점":5.89,
            "일자리":5.5,
            "소득수준":60.1,
            "일자리총점":21.88,
            "가치 총점":69.3815,
            "매매실거래년":20210812.0,
            "매매실거래가":17934.0,
            "전세실거래년":null,
            "전세실거래가":null,
            "전세가율":null,
            "장기전세가율평균":70.04,
            "전세가율거품지수":null,
            "검색코드":122005,
            "세대수":1216,
            "준공년월":"2021-04-01",
            "준공년차":2,
            "가까운역이름":"NA",
            "가까운역거리":"NA",
            "역세권여부":"NA",
            "30분이내주요거점역":"NA",
            "1시간이내주요거점역":"NA",
            "3km이내백화점수":1,
            "5km이내아울렛몰수":0,
            "1km이내대형먀트수":1,
            "500m이내은행수":0,
            "500m이내병원수":12,
            "5km이내대형병원수":9,
            "500m이내공원수":0,
            "3km이내혐오시설수":0,
            "초등학교학업성취도":90.79,
            "중학교학업성취도":82.4,
            "용적률":259,
            "건폐율":16,
            "Y":35.093215,
            "X":129.048142,
            "rank":1.0,
            "area_info":"21평(72.63), 21평(72.63), 24평(82.62), 30평(100.94), 30평(100.22), 34평(115.65), 34평(115.63), 35평(116.4), 35평(116.21), 40평(133.78)",
            "last_sales":"2021-08-12,17934.0,21평(72.63)"
        },
        {
            "index":194,
            "아파트명":"동부산아이존빌",
            "투자타입":"일반",
            "전용면적(m2)":"61.3",
            "전용면적(평)":"18평",
            "법정동주소":"부산시 영도구 영선동2가 175",
            "도로명주소":"부산시 영도구 영선대로 98",
            "세대수":50,
            "입주년차":40,
            "용적률점수":"--",
            "건폐율점수":"--",
            "세대당주차수":30,
            "난방방식":30,
            "공급면적":"--",
            "전용률":"--",
            "욕실수":50,
            "현관타입":100,
            "주거총점":48.0,
            "지역구공급총점":0.0,
            "역세권":"NA",
            "30분내 이동가능 거점":"NA",
            "1시간내 이동가능 거점":"NA",
            "교통총점":"NA",
            "백화점":100,
            "아울렛몰":0,
            "대형마트":80,
            "은행":100,
            "병원":80,
            "종합병원":100,
            "공원":0,
            "혐오시설":0,
            "인프라총점":80.0,
            "초등학군":99.34,
            "중학군":49.96,
            "학군총점":59.836,
            "인구수":11.74,
            "인구증감":-7.76,
            "인구총점":5.89,
            "일자리":5.5,
            "소득수준":60.1,
            "일자리총점":21.88,
            "가치 총점":63.759,
            "매매실거래년":20201211.0,
            "매매실거래가":35000.0,
            "전세실거래년":null,
            "전세실거래가":null,
            "전세가율":null,
            "장기전세가율평균":70.04,
            "전세가율거품지수":null,
            "검색코드":11456,
            "세대수":416,
            "준공년월":"2004-11-30",
            "준공년차":19,
            "가까운역이름":"NA",
            "가까운역거리":"NA",
            "역세권여부":"NA",
            "30분이내주요거점역":"NA",
            "1시간이내주요거점역":"NA",
            "3km이내백화점수":1,
            "5km이내아울렛몰수":0,
            "1km이내대형먀트수":1,
            "500m이내은행수":5,
            "500m이내병원수":52,
            "5km이내대형병원수":8,
            "500m이내공원수":0,
            "3km이내혐오시설수":0,
            "초등학교학업성취도":99.34,
            "중학교학업성취도":82.4,
            "용적률":307,
            "건폐율":23,
            "Y":35.088438,
            "X":129.043563,
            "rank":2.0,
            "area_info":"18평(61.3), 29평(97.66), 31평(104.51), 33평(111.07), 33평(111.07), 40평(134.35), 45평(150.0), 48평(161.82), 49평(165.23)",
            "last_sales":"2020-12-11,35000.0,40평(134.35)"
        },
        {
            "index":0,
            "아파트명":"영도봄여름가을겨울",
            "투자타입":"일반",
            "전용면적(m2)":"96.63",
            "전용면적(평)":"29평",
            "법정동주소":"부산시 영도구 대교동1가 95",
            "도로명주소":"부산시 영도구 남항서로 131",
            "세대수":0,
            "입주년차":100,
            "용적률점수":"--",
            "건폐율점수":"--",
            "세대당주차수":30,
            "난방방식":30,
            "공급면적":"--",
            "전용률":"--",
            "욕실수":100,
            "현관타입":100,
            "주거총점":47.5,
            "지역구공급총점":0.0,
            "역세권":"NA",
            "30분내 이동가능 거점":"NA",
            "1시간내 이동가능 거점":"NA",
            "교통총점":"NA",
            "백화점":100,
            "아울렛몰":0,
            "대형마트":100,
            "은행":100,
            "병원":80,
            "종합병원":100,
            "공원":0,
            "혐오시설":0,
            "인프라총점":83.0,
            "초등학군":90.0,
            "중학군":45.98,
            "학군총점":54.784,
            "인구수":11.74,
            "인구증감":-7.76,
            "인구총점":5.89,
            "일자리":5.5,
            "소득수준":60.1,
            "일자리총점":21.88,
            "가치 총점":63.521,
            "매매실거래년":20191016.0,
            "매매실거래가":32280.0,
            "전세실거래년":null,
            "전세실거래가":null,
            "전세가율":null,
            "장기전세가율평균":70.04,
            "전세가율거품지수":null,
            "검색코드":122138,
            "세대수":115,
            "준공년월":"2020-08-04",
            "준공년차":3,
            "가까운역이름":"NA",
            "가까운역거리":"NA",
            "역세권여부":"NA",
            "30분이내주요거점역":"NA",
            "1시간이내주요거점역":"NA",
            "3km이내백화점수":1,
            "5km이내아울렛몰수":0,
            "1km이내대형먀트수":2,
            "500m이내은행수":5,
            "500m이내병원수":35,
            "5km이내대형병원수":8,
            "500m이내공원수":0,
            "3km이내혐오시설수":0,
            "초등학교학업성취도":90.0,
            "중학교학업성취도":73.5,
            "용적률":1041,
            "건폐율":79,
            "Y":35.092251,
            "X":129.037688,
            "rank":3.0,
            "area_info":"29평(96.63), 31평(103.71), 31평(104.54), 32평(108.51), 32평(108.1)",
            "last_sales":"2019-10-16,32280.0,29평(96.63)"
        },
        {
            "index":162,
            "아파트명":"미광마린타워",
            "투자타입":"재건축",
            "전용면적(m2)":"103.66",
            "전용면적(평)":"31평",
            "법정동주소":"부산시 영도구 봉래동2가 112",
            "도로명주소":"부산시 영도구 대교로14번길 17",
            "세대수":50,
            "입주년차":"--",
            "용적률점수":0,
            "건폐율점수":80,
            "세대당주차수":"--",
            "난방방식":"--",
            "공급면적":90,
            "전용률":80,
            "욕실수":"--",
            "현관타입":"--",
            "주거총점":39.5,
            "지역구공급총점":0.0,
            "역세권":"NA",
            "30분내 이동가능 거점":"NA",
            "1시간내 이동가능 거점":"NA",
            "교통총점":"NA",
            "백화점":100,
            "아울렛몰":0,
            "대형마트":100,
            "은행":100,
            "병원":80,
            "종합병원":100,
            "공원":0,
            "혐오시설":0,
            "인프라총점":83.0,
            "초등학군":90.79,
            "중학군":45.98,
            "학군총점":54.942,
            "인구수":11.74,
            "인구증감":-7.76,
            "인구총점":5.89,
            "일자리":5.5,
            "소득수준":60.1,
            "일자리총점":21.88,
            "가치 총점":60.7605,
            "매매실거래년":20210919.0,
            "매매실거래가":48300.0,
            "전세실거래년":20211218.0,
            "전세실거래가":30000.0,
            "전세가율":62.11,
            "장기전세가율평균":70.04,
            "전세가율거품지수":7.93,
            "검색코드":7876,
            "세대수":676,
            "준공년월":"1992-06-05",
            "준공년차":31,
            "가까운역이름":"NA",
            "가까운역거리":"NA",
            "역세권여부":"NA",
            "30분이내주요거점역":"NA",
            "1시간이내주요거점역":"NA",
            "3km이내백화점수":1,
            "5km이내아울렛몰수":0,
            "1km이내대형먀트수":2,
            "500m이내은행수":5,
            "500m이내병원수":42,
            "5km이내대형병원수":9,
            "500m이내공원수":0,
            "3km이내혐오시설수":0,
            "초등학교학업성취도":90.79,
            "중학교학업성취도":73.5,
            "용적률":384,
            "건폐율":22,
            "Y":35.094355,
            "X":129.043123,
            "rank":4.0,
            "area_info":"31평(103.66), 31평(104.1), 43평(144.28), 52평(172.19), 65평(215.46)",
            "last_sales":"2021-09-19,48300.0,31평(103.66)"
        },
        {
            "index":237,
            "아파트명":"영도원우엔리치빌",
            "투자타입":"일반",
            "전용면적(m2)":"93.17",
            "전용면적(평)":"28평",
            "법정동주소":"부산시 영도구 청학동 489-30",
            "도로명주소":"부산시 영도구 조내기로 38",
            "세대수":50,
            "입주년차":40,
            "용적률점수":"--",
            "건폐율점수":"--",
            "세대당주차수":30,
            "난방방식":30,
            "공급면적":"--",
            "전용률":"--",
            "욕실수":100,
            "현관타입":100,
            "주거총점":53.0,
            "지역구공급총점":0.0,
            "역세권":"NA",
            "30분내 이동가능 거점":"NA",
            "1시간내 이동가능 거점":"NA",
            "교통총점":"NA",
            "백화점":100,
            "아울렛몰":0,
            "대형마트":0,
            "은행":70,
            "병원":0,
            "종합병원":100,
            "공원":80,
            "혐오시설":-50,
            "인프라총점":58.4,
            "초등학군":90.88,
            "중학군":48.64,
            "학군총점":57.088,
            "인구수":11.74,
            "인구증감":-7.76,
            "인구총점":5.89,
            "일자리":5.5,
            "소득수준":60.1,
            "일자리총점":21.88,
            "가치 총점":56.182,
            "매매실거래년":20211122.0,
            "매매실거래가":16400.0,
            "전세실거래년":20211101.0,
            "전세실거래가":14500.0,
            "전세가율":88.41,
            "장기전세가율평균":70.04,
            "전세가율거품지수":-18.37,
            "검색코드":13218,
            "세대수":490,
            "준공년월":"2004-07-09",
            "준공년차":19,
            "가까운역이름":"NA",
            "가까운역거리":"NA",
            "역세권여부":"NA",
            "30분이내주요거점역":"NA",
            "1시간이내주요거점역":"NA",
            "3km이내백화점수":1,
            "5km이내아울렛몰수":0,
            "1km이내대형먀트수":0,
            "500m이내은행수":3,
            "500m이내병원수":1,
            "5km이내대형병원수":5,
            "500m이내공원수":1,
            "3km이내혐오시설수":1,
            "초등학교학업성취도":90.88,
            "중학교학업성취도":80.0,
            "용적률":279,
            "건폐율":21,
            "Y":35.085561,
            "X":129.062484,
            "rank":5.0,
            "area_info":"28평(93.17), 31평(104.99), 33평(111.04), 34평(113.62), 43평(144.28)",
            "last_sales":"2021-11-22,16400.0,28평(93.17)"
        },
        {
            "index":256,
            "아파트명":"청학화신",
            "투자타입":"재건축",
            "전용면적(m2)":"60.33",
            "전용면적(평)":"18평",
            "법정동주소":"부산시 영도구 청학동 135",
            "도로명주소":"부산시 영도구 태종로358번길 3",
            "세대수":0,
            "입주년차":"--",
            "용적률점수":100,
            "건폐율점수":60,
            "세대당주차수":"--",
            "난방방식":"--",
            "공급면적":50,
            "전용률":80,
            "욕실수":"--",
            "현관타입":"--",
            "주거총점":58.5,
            "지역구공급총점":0.0,
            "역세권":"NA",
            "30분내 이동가능 거점":"NA",
            "1시간내 이동가능 거점":"NA",
            "교통총점":"NA",
            "백화점":100,
            "아울렛몰":0,
            "대형마트":0,
            "은행":0,
            "병원":30,
            "종합병원":100,
            "공원":0,
            "혐오시설":0,
            "인프라총점":53.0,
            "초등학군":82.97,
            "중학군":49.96,
            "학군총점":56.562,
            "인구수":11.74,
            "인구증감":-7.76,
            "인구총점":5.89,
            "일자리":5.5,
            "소득수준":60.1,
            "일자리총점":21.88,
            "가치 총점":55.8155,
            "매매실거래년":20210404.0,
            "매매실거래가":27700.0,
            "전세실거래년":20210717.0,
            "전세실거래가":5000.0,
            "전세가율":25.64,
            "장기전세가율평균":70.04,
            "전세가율거품지수":44.4,
            "검색코드":7933,
            "세대수":245,
            "준공년월":"1983-12-24",
            "준공년차":40,
            "가까운역이름":"NA",
            "가까운역거리":"NA",
            "역세권여부":"NA",
            "30분이내주요거점역":"NA",
            "1시간이내주요거점역":"NA",
            "3km이내백화점수":1,
            "5km이내아울렛몰수":0,
            "1km이내대형먀트수":0,
            "500m이내은행수":0,
            "500m이내병원수":9,
            "5km이내대형병원수":8,
            "500m이내공원수":0,
            "3km이내혐오시설수":0,
            "초등학교학업성취도":82.97,
            "중학교학업성취도":82.4,
            "용적률":147,
            "건폐율":31,
            "Y":35.093721,
            "X":129.063217,
            "rank":6.0,
            "area_info":"18평(60.33), 18평(62.44), 21평(72.37), 22평(73.81), 23평(78.6), 23평(79.31), 24평(80.37), 26평(88.65), 26평(89.23), 26평(89.23), 27평(89.33), 27평(90.58), 27평(90.19), 29평(96.75), 29평(96.55), 29평(97.33)",
            "last_sales":"2021-04-04,27700.0,26평(89.23)"
        },
        {
            "index":233,
            "아파트명":"영도신도브래뉴",
            "투자타입":"일반",
            "전용면적(m2)":"87.24",
            "전용면적(평)":"26평",
            "법정동주소":"부산시 영도구 청학동 536",
            "도로명주소":"부산시 영도구 태종로 260",
            "세대수":50,
            "입주년차":60,
            "용적률점수":"--",
            "건폐율점수":"--",
            "세대당주차수":30,
            "난방방식":30,
            "공급면적":"--",
            "전용률":"--",
            "욕실수":100,
            "현관타입":100,
            "주거총점":57.0,
            "지역구공급총점":0.0,
            "역세권":"NA",
            "30분내 이동가능 거점":"NA",
            "1시간내 이동가능 거점":"NA",
            "교통총점":"NA",
            "백화점":100,
            "아울렛몰":0,
            "대형마트":0,
            "은행":0,
            "병원":30,
            "종합병원":100,
            "공원":0,
            "혐오시설":0,
            "인프라총점":53.0,
            "초등학군":84.66,
            "중학군":49.96,
            "학군총점":56.9,
            "인구수":11.74,
            "인구증감":-7.76,
            "인구총점":5.89,
            "일자리":5.5,
            "소득수준":60.1,
            "일자리총점":21.88,
            "가치 총점":55.375,
            "매매실거래년":20211217.0,
            "매매실거래가":33800.0,
            "전세실거래년":20210228.0,
            "전세실거래가":21000.0,
            "전세가율":70.95,
            "장기전세가율평균":70.04,
            "전세가율거품지수":-0.91,
            "검색코드":100303,
            "세대수":508,
            "준공년월":"2009-07-30",
            "준공년차":14,
            "가까운역이름":"NA",
            "가까운역거리":"NA",
            "역세권여부":"NA",
            "30분이내주요거점역":"NA",
            "1시간이내주요거점역":"NA",
            "3km이내백화점수":1,
            "5km이내아울렛몰수":0,
            "1km이내대형먀트수":0,
            "500m이내은행수":0,
            "500m이내병원수":5,
            "5km이내대형병원수":10,
            "500m이내공원수":0,
            "3km이내혐오시설수":0,
            "초등학교학업성취도":84.66,
            "중학교학업성취도":82.4,
            "용적률":274,
            "건폐율":40,
            "Y":35.097344,
            "X":129.056015,
            "rank":7.0,
            "area_info":"26평(87.24), 33평(111.98), 33평(111.98), 45평(148.99)",
            "last_sales":"2021-12-17,33800.0,33평(111.98)"
        },
        {
            "index":158,
            "아파트명":"영광골든타워",
            "투자타입":"일반",
            "전용면적(m2)":"76.35",
            "전용면적(평)":"23평",
            "법정동주소":"부산시 영도구 봉래동1가 77",
            "도로명주소":"부산시 영도구 절영로 4",
            "세대수":0,
            "입주년차":20,
            "용적률점수":"--",
            "건폐율점수":"--",
            "세대당주차수":0,
            "난방방식":30,
            "공급면적":"--",
            "전용률":"--",
            "욕실수":50,
            "현관타입":100,
            "주거총점":22.0,
            "지역구공급총점":0.0,
            "역세권":"NA",
            "30분내 이동가능 거점":"NA",
            "1시간내 이동가능 거점":"NA",
            "교통총점":"NA",
            "백화점":100,
            "아울렛몰":0,
            "대형마트":100,
            "은행":100,
            "병원":80,
            "종합병원":100,
            "공원":0,
            "혐오시설":0,
            "인프라총점":83.0,
            "초등학군":99.34,
            "중학군":45.98,
            "학군총점":56.652,
            "인구수":11.74,
            "인구증감":-7.76,
            "인구총점":5.89,
            "일자리":5.5,
            "소득수준":60.1,
            "일자리총점":21.88,
            "가치 총점":55.063,
            "매매실거래년":20211130.0,
            "매매실거래가":17900.0,
            "전세실거래년":20200108.0,
            "전세실거래가":10000.0,
            "전세가율":55.87,
            "장기전세가율평균":70.04,
            "전세가율거품지수":14.17,
            "검색코드":7900,
            "세대수":122,
            "준공년월":"2001-05-17",
            "준공년차":22,
            "가까운역이름":"NA",
            "가까운역거리":"NA",
            "역세권여부":"NA",
            "30분이내주요거점역":"NA",
            "1시간이내주요거점역":"NA",
            "3km이내백화점수":1,
            "5km이내아울렛몰수":0,
            "1km이내대형먀트수":2,
            "500m이내은행수":5,
            "500m이내병원수":41,
            "5km이내대형병원수":9,
            "500m이내공원수":0,
            "3km이내혐오시설수":0,
            "초등학교학업성취도":99.34,
            "중학교학업성취도":73.5,
            "용적률":0,
            "건폐율":0,
            "Y":35.09414,
            "X":129.04029,
            "rank":8.0,
            "area_info":"23평(76.35), 23평(77.55), 33평(109.52), 33평(109.35)",
            "last_sales":"2021-11-30,17900.0,23평(76.35)"
        },
        {
            "index":226,
            "아파트명":"신영도롯데낙천대",
            "투자타입":"일반",
            "전용면적(m2)":"81.22",
            "전용면적(평)":"24평",
            "법정동주소":"부산시 영도구 청학동 99-294",
            "도로명주소":"부산시 영도구 청학남로 48",
            "세대수":50,
            "입주년차":40,
            "용적률점수":"--",
            "건폐율점수":"--",
            "세대당주차수":0,
            "난방방식":30,
            "공급면적":"--",
            "전용률":"--",
            "욕실수":100,
            "현관타입":100,
            "주거총점":48.5,
            "지역구공급총점":0.0,
            "역세권":"NA",
            "30분내 이동가능 거점":"NA",
            "1시간내 이동가능 거점":"NA",
            "교통총점":"NA",
            "백화점":100,
            "아울렛몰":0,
            "대형마트":0,
            "은행":70,
            "병원":10,
            "종합병원":100,
            "공원":0,
            "혐오시설":-50,
            "인프라총점":57.0,
            "초등학군":90.88,
            "중학군":48.64,
            "학군총점":57.088,
            "인구수":11.74,
            "인구증감":-7.76,
            "인구총점":5.89,
            "일자리":5.5,
            "소득수준":60.1,
            "일자리총점":21.88,
            "가치 총점":54.047,
            "매매실거래년":20211211.0,
            "매매실거래가":20700.0,
            "전세실거래년":20220111.0,
            "전세실거래가":15500.0,
            "전세가율":86.11,
            "장기전세가율평균":70.04,
            "전세가율거품지수":-16.07,
            "검색코드":10625,
            "세대수":528,
            "준공년월":"2005-10-26",
            "준공년차":18,
            "가까운역이름":"NA",
            "가까운역거리":"NA",
            "역세권여부":"NA",
            "30분이내주요거점역":"NA",
            "1시간이내주요거점역":"NA",
            "3km이내백화점수":1,
            "5km이내아울렛몰수":0,
            "1km이내대형먀트수":0,
            "500m이내은행수":3,
            "500m이내병원수":2,
            "5km이내대형병원수":7,
            "500m이내공원수":0,
            "3km이내혐오시설수":1,
            "초등학교학업성취도":90.88,
            "중학교학업성취도":80.0,
            "용적률":253,
            "건폐율":17,
            "Y":35.088497,
            "X":129.062733,
            "rank":9.0,
            "area_info":"24평(81.22), 29평(97.42), 32평(108.41), 39평(129.38)",
            "last_sales":"2021-12-11,20700.0,32평(108.41)"
        },
        {
            "index":153,
            "아파트명":"대교타운",
            "투자타입":"일반",
            "전용면적(m2)":"69.86",
            "전용면적(평)":"21평",
            "법정동주소":"부산시 영도구 봉래동1가 202-2",
            "도로명주소":"부산시 영도구 대교로46번길 21",
            "세대수":0,
            "입주년차":20,
            "용적률점수":"--",
            "건폐율점수":"--",
            "세대당주차수":0,
            "난방방식":30,
            "공급면적":"--",
            "전용률":"--",
            "욕실수":50,
            "현관타입":100,
            "주거총점":22.0,
            "지역구공급총점":0.0,
            "역세권":"NA",
            "30분내 이동가능 거점":"NA",
            "1시간내 이동가능 거점":"NA",
            "교통총점":"NA",
            "백화점":100,
            "아울렛몰":0,
            "대형마트":100,
            "은행":70,
            "병원":80,
            "종합병원":100,
            "공원":0,
            "혐오시설":0,
            "인프라총점":80.0,
            "초등학군":90.79,
            "중학군":45.98,
            "학군총점":54.942,
            "인구수":11.74,
            "인구증감":-7.76,
            "인구총점":5.89,
            "일자리":5.5,
            "소득수준":60.1,
            "일자리총점":21.88,
            "가치 총점":53.4355,
            "매매실거래년":20201228.0,
            "매매실거래가":21000.0,
            "전세실거래년":null,
            "전세실거래가":null,
            "전세가율":null,
            "장기전세가율평균":70.04,
            "전세가율거품지수":null,
            "검색코드":100812,
            "세대수":100,
            "준공년월":"2002-10-02",
            "준공년차":21,
            "가까운역이름":"NA",
            "가까운역거리":"NA",
            "역세권여부":"NA",
            "30분이내주요거점역":"NA",
            "1시간이내주요거점역":"NA",
            "3km이내백화점수":1,
            "5km이내아울렛몰수":0,
            "1km이내대형먀트수":2,
            "500m이내은행수":3,
            "500m이내병원수":39,
            "5km이내대형병원수":9,
            "500m이내공원수":0,
            "3km이내혐오시설수":0,
            "초등학교학업성취도":90.79,
            "중학교학업성취도":73.5,
            "용적률":611,
            "건폐율":84,
            "Y":35.095291,
            "X":129.041226,
            "rank":10.0,
            "area_info":"21평(69.86), 21평(71.51), 27평(89.93), 28평(95.1), 29평(96.25)",
            "last_sales":"2020-12-28,21000.0,29평(96.25)"
        },
        {
            "index":218,
            "아파트명":"영선반도보라",
            "투자타입":"일반",
            "전용면적(m2)":"79.93",
            "전용면적(평)":"24평",
            "법정동주소":"부산시 영도구 영선동4가 186-46",
            "도로명주소":"부산시 영도구 해안산책길 30",
            "세대수":80,
            "입주년차":20,
            "용적률점수":"--",
            "건폐율점수":"--",
            "세대당주차수":30,
            "난방방식":30,
            "공급면적":"--",
            "전용률":"--",
            "욕실수":50,
            "현관타입":100,
            "주거총점":54.5,
            "지역구공급총점":0.0,
            "역세권":"NA",
            "30분내 이동가능 거점":"NA",
            "1시간내 이동가능 거점":"NA",
            "교통총점":"NA",
            "백화점":100,
            "아울렛몰":0,
            "대형마트":0,
            "은행":0,
            "병원":10,
            "종합병원":100,
            "공원":0,
            "혐오시설":0,
            "인프라총점":51.0,
            "초등학군":85.08,
            "중학군":42.54,
            "학군총점":51.048,
            "인구수":11.74,
            "인구증감":-7.76,
            "인구총점":5.89,
            "일자리":5.5,
            "소득수준":60.1,
            "일자리총점":21.88,
            "가치 총점":52.237,
            "매매실거래년":20211206.0,
            "매매실거래가":29000.0,
            "전세실거래년":20210807.0,
            "전세실거래가":20000.0,
            "전세가율":68.97,
            "장기전세가율평균":70.04,
            "전세가율거품지수":1.07,
            "검색코드":7909,
            "세대수":868,
            "준공년월":"2000-06-16",
            "준공년차":23,
            "가까운역이름":"NA",
            "가까운역거리":"NA",
            "역세권여부":"NA",
            "30분이내주요거점역":"NA",
            "1시간이내주요거점역":"NA",
            "3km이내백화점수":1,
            "5km이내아울렛몰수":0,
            "1km이내대형먀트수":0,
            "500m이내은행수":0,
            "500m이내병원수":4,
            "5km이내대형병원수":7,
            "500m이내공원수":0,
            "3km이내혐오시설수":0,
            "초등학교학업성취도":85.08,
            "중학교학업성취도":70.5,
            "용적률":387,
            "건폐율":37,
            "Y":35.082503,
            "X":129.039781,
            "rank":11.0,
            "area_info":"24평(79.93), 32평(107.91), 37평(123.4), 49평(162.2), 60평(201.31)",
            "last_sales":"2021-12-06,29000.0,24평(79.93)"
        },
        {
            "index":167,
            "아파트명":"수근에이스타운",
            "투자타입":"일반",
            "전용면적(m2)":"50.41",
            "전용면적(평)":"15평",
            "법정동주소":"부산시 영도구 봉래동3가 149",
            "도로명주소":"부산시 영도구 대교로2번길 26",
            "세대수":0,
            "입주년차":20,
            "용적률점수":"--",
            "건폐율점수":"--",
            "세대당주차수":0,
            "난방방식":30,
            "공급면적":"--",
            "전용률":"--",
            "욕실수":50,
            "현관타입":100,
            "주거총점":22.0,
            "지역구공급총점":0.0,
            "역세권":"NA",
            "30분내 이동가능 거점":"NA",
            "1시간내 이동가능 거점":"NA",
            "교통총점":"NA",
            "백화점":100,
            "아울렛몰":0,
            "대형마트":100,
            "은행":0,
            "병원":80,
            "종합병원":100,
            "공원":0,
            "혐오시설":0,
            "인프라총점":73.0,
            "초등학군":90.79,
            "중학군":49.96,
            "학군총점":58.126,
            "인구수":11.74,
            "인구증감":-7.76,
            "인구총점":5.89,
            "일자리":5.5,
            "소득수준":60.1,
            "일자리총점":21.88,
            "가치 총점":51.4315,
            "매매실거래년":20210529.0,
            "매매실거래가":26000.0,
            "전세실거래년":null,
            "전세실거래가":null,
            "전세가율":null,
            "장기전세가율평균":70.04,
            "전세가율거품지수":null,
            "검색코드":25365,
            "세대수":112,
            "준공년월":"2003-06-27",
            "준공년차":20,
            "가까운역이름":"NA",
            "가까운역거리":"NA",
            "역세권여부":"NA",
            "30분이내주요거점역":"NA",
            "1시간이내주요거점역":"NA",
            "3km이내백화점수":1,
            "5km이내아울렛몰수":0,
            "1km이내대형먀트수":2,
            "500m이내은행수":1,
            "500m이내병원수":38,
            "5km이내대형병원수":9,
            "500m이내공원수":0,
            "3km이내혐오시설수":0,
            "초등학교학업성취도":90.79,
            "중학교학업성취도":82.4,
            "용적률":724,
            "건폐율":82,
            "Y":35.093928,
            "X":129.045574,
            "rank":12.0,
            "area_info":"15평(50.41), 17평(59.13), 18평(62.64), 25평(83.27), 28평(95.84), 29평(97.8), 29평(98.36), 30평(100.85)",
            "last_sales":"2021-05-29,26000.0,30평(100.85)"
        },
        {
            "index":30,
            "아파트명":"동삼그린힐",
            "투자타입":"일반",
            "전용면적(m2)":"56.84",
            "전용면적(평)":"17평",
            "법정동주소":"부산시 영도구 동삼동 1123",
            "도로명주소":"부산시 영도구 상리로 1",
            "세대수":100,
            "입주년차":0,
            "용적률점수":"--",
            "건폐율점수":"--",
            "세대당주차수":0,
            "난방방식":30,
            "공급면적":"--",
            "전용률":"--",
            "욕실수":50,
            "현관타입":10,
            "주거총점":44.0,
            "지역구공급총점":0.0,
            "역세권":"NA",
            "30분내 이동가능 거점":"NA",
            "1시간내 이동가능 거점":"NA",
            "교통총점":"NA",
            "백화점":100,
            "아울렛몰":0,
            "대형마트":0,
            "은행":0,
            "병원":10,
            "종합병원":100,
            "공원":100,
            "혐오시설":-50,
            "인프라총점":53.0,
            "초등학군":85.31,
            "중학군":48.64,
            "학군총점":55.974,
            "인구수":11.74,
            "인구증감":-7.76,
            "인구총점":5.89,
            "일자리":5.5,
            "소득수준":60.1,
            "일자리총점":21.88,
            "가치 총점":50.5935,
            "매매실거래년":20211228.0,
            "매매실거래가":13000.0,
            "전세실거래년":20220103.0,
            "전세실거래가":7500.0,
            "전세가율":57.69,
            "장기전세가율평균":70.04,
            "전세가율거품지수":12.35,
            "검색코드":7801,
            "세대수":4056,
            "준공년월":"1993-09-22",
            "준공년차":30,
            "가까운역이름":"NA",
            "가까운역거리":"NA",
            "역세권여부":"NA",
            "30분이내주요거점역":"NA",
            "1시간이내주요거점역":"NA",
            "3km이내백화점수":1,
            "5km이내아울렛몰수":0,
            "1km이내대형먀트수":0,
            "500m이내은행수":0,
            "500m이내병원수":3,
            "5km이내대형병원수":6,
            "500m이내공원수":4,
            "3km이내혐오시설수":1,
            "초등학교학업성취도":85.31,
            "중학교학업성취도":80.0,
            "용적률":140,
            "건폐율":13,
            "Y":35.085192,
            "X":129.06644,
            "rank":13.0,
            "area_info":"17평(56.84), 18평(59.85), 20평(68.73), 21평(72.38), 24평(80.24)",
            "last_sales":"2021-12-28,13000.0,17평(56.84)"
        },
        {
            "index":223,
            "아파트명":"미주",
            "투자타입":"일반",
            "전용면적(m2)":"84.6",
            "전용면적(평)":"25평",
            "법정동주소":"부산시 영도구 청학동 69-83",
            "도로명주소":"부산시 영도구 일산봉로 62",
            "세대수":50,
            "입주년차":20,
            "용적률점수":"--",
            "건폐율점수":"--",
            "세대당주차수":0,
            "난방방식":30,
            "공급면적":"--",
            "전용률":"--",
            "욕실수":50,
            "현관타입":100,
            "주거총점":39.5,
            "지역구공급총점":0.0,
            "역세권":"NA",
            "30분내 이동가능 거점":"NA",
            "1시간내 이동가능 거점":"NA",
            "교통총점":"NA",
            "백화점":100,
            "아울렛몰":0,
            "대형마트":0,
            "은행":0,
            "병원":30,
            "종합병원":100,
            "공원":100,
            "혐오시설":-50,
            "인프라총점":55.0,
            "초등학군":90.88,
            "중학군":48.1,
            "학군총점":56.656,
            "인구수":11.74,
            "인구증감":-7.76,
            "인구총점":5.89,
            "일자리":5.5,
            "소득수준":60.1,
            "일자리총점":21.88,
            "가치 총점":49.989,
            "매매실거래년":20211224.0,
            "매매실거래가":16750.0,
            "전세실거래년":20211106.0,
            "전세실거래가":11000.0,
            "전세가율":73.33,
            "장기전세가율평균":70.04,
            "전세가율거품지수":-3.29,
            "검색코드":7913,
            "세대수":418,
            "준공년월":"1999-08-02",
            "준공년차":24,
            "가까운역이름":"NA",
            "가까운역거리":"NA",
            "역세권여부":"NA",
            "30분이내주요거점역":"NA",
            "1시간이내주요거점역":"NA",
            "3km이내백화점수":1,
            "5km이내아울렛몰수":0,
            "1km이내대형먀트수":0,
            "500m이내은행수":0,
            "500m이내병원수":5,
            "5km이내대형병원수":6,
            "500m이내공원수":4,
            "3km이내혐오시설수":1,
            "초등학교학업성취도":90.88,
            "중학교학업성취도":78.5,
            "용적률":292,
            "건폐율":29,
            "Y":35.0875,
            "X":129.066449,
            "rank":14.0,
            "area_info":"25평(84.6), 30평(101.02), 31평(105.69)",
            "last_sales":"2021-12-24,16750.0,31평(105.69)"
        },
        {
            "index":242,
            "아파트명":"일신마리나타운",
            "투자타입":"일반",
            "전용면적(m2)":"69.84",
            "전용면적(평)":"21평",
            "법정동주소":"부산시 영도구 청학동 85",
            "도로명주소":"부산시 영도구 조내기로 33",
            "세대수":30,
            "입주년차":0,
            "용적률점수":"--",
            "건폐율점수":"--",
            "세대당주차수":0,
            "난방방식":30,
            "공급면적":"--",
            "전용률":"--",
            "욕실수":50,
            "현관타입":100,
            "주거총점":28.5,
            "지역구공급총점":0.0,
            "역세권":"NA",
            "30분내 이동가능 거점":"NA",
            "1시간내 이동가능 거점":"NA",
            "교통총점":"NA",
            "백화점":100,
            "아울렛몰":0,
            "대형마트":0,
            "은행":70,
            "병원":30,
            "종합병원":100,
            "공원":80,
            "혐오시설":-50,
            "인프라총점":61.4,
            "초등학군":90.88,
            "중학군":48.64,
            "학군총점":57.088,
            "인구수":11.74,
            "인구증감":-7.76,
            "인구총점":5.89,
            "일자리":5.5,
            "소득수준":60.1,
            "일자리총점":21.88,
            "가치 총점":48.807,
            "매매실거래년":20210712.0,
            "매매실거래가":18000.0,
            "전세실거래년":null,
            "전세실거래가":null,
            "전세가율":null,
            "장기전세가율평균":70.04,
            "전세가율거품지수":null,
            "검색코드":7924,
            "세대수":355,
            "준공년월":"1994-01-11",
            "준공년차":29,
            "가까운역이름":"NA",
            "가까운역거리":"NA",
            "역세권여부":"NA",
            "30분이내주요거점역":"NA",
            "1시간이내주요거점역":"NA",
            "3km이내백화점수":1,
            "5km이내아울렛몰수":0,
            "1km이내대형먀트수":0,
            "500m이내은행수":3,
            "500m이내병원수":5,
            "5km이내대형병원수":6,
            "500m이내공원수":1,
            "3km이내혐오시설수":1,
            "초등학교학업성취도":90.88,
            "중학교학업성취도":80.0,
            "용적률":269,
            "건폐율":18,
            "Y":35.08662,
            "X":129.06325,
            "rank":15.0,
            "area_info":"21평(69.84), 22평(72.85), 28평(94.52), 31평(102.81), 31평(103.83), 31평(103.95), 31평(104.0), 43평(145.09)",
            "last_sales":"2021-07-12,18000.0,43평(145.09)"
        },
        {
            "index":277,
            "아파트명":"한일유앤아이",
            "투자타입":"일반",
            "전용면적(m2)":"105.16",
            "전용면적(평)":"31평",
            "법정동주소":"부산시 영도구 청학동 69-93",
            "도로명주소":"부산시 영도구 일산봉로 58",
            "세대수":0,
            "입주년차":40,
            "용적률점수":"--",
            "건폐율점수":"--",
            "세대당주차수":30,
            "난방방식":30,
            "공급면적":"--",
            "전용률":"--",
            "욕실수":100,
            "현관타입":100,
            "주거총점":35.5,
            "지역구공급총점":0.0,
            "역세권":"NA",
            "30분내 이동가능 거점":"NA",
            "1시간내 이동가능 거점":"NA",
            "교통총점":"NA",
            "백화점":100,
            "아울렛몰":0,
            "대형마트":0,
            "은행":0,
            "병원":30,
            "종합병원":100,
            "공원":100,
            "혐오시설":-50,
            "인프라총점":55.0,
            "초등학군":90.88,
            "중학군":48.1,
            "학군총점":56.656,
            "인구수":11.74,
            "인구증감":-7.76,
            "인구총점":5.89,
            "일자리":5.5,
            "소득수준":60.1,
            "일자리총점":21.88,
            "가치 총점":48.589,
            "매매실거래년":20211218.0,
            "매매실거래가":19400.0,
            "전세실거래년":20210403.0,
            "전세실거래가":15000.0,
            "전세가율":77.32,
            "장기전세가율평균":70.04,
            "전세가율거품지수":-7.28,
            "검색코드":19787,
            "세대수":210,
            "준공년월":"2005-08-17",
            "준공년차":18,
            "가까운역이름":"NA",
            "가까운역거리":"NA",
            "역세권여부":"NA",
            "30분이내주요거점역":"NA",
            "1시간이내주요거점역":"NA",
            "3km이내백화점수":1,
            "5km이내아울렛몰수":0,
            "1km이내대형먀트수":0,
            "500m이내은행수":0,
            "500m이내병원수":5,
            "5km이내대형병원수":6,
            "500m이내공원수":4,
            "3km이내혐오시설수":1,
            "초등학교학업성취도":90.88,
            "중학교학업성취도":78.5,
            "용적률":262,
            "건폐율":41,
            "Y":35.087201,
            "X":129.0656,
            "rank":16.0,
            "area_info":"31평(105.16), 32평(108.13)",
            "last_sales":"2021-12-18,19400.0,31평(105.16)"
        },
        {
            "index":203,
            "아파트명":"영도대원",
            "투자타입":"재건축",
            "전용면적(m2)":"101.76",
            "전용면적(평)":"30평",
            "법정동주소":"부산시 영도구 영선동4가 245-1",
            "도로명주소":"부산시 영도구 남항새싹길 79",
            "세대수":50,
            "입주년차":"--",
            "용적률점수":0,
            "건폐율점수":80,
            "세대당주차수":"--",
            "난방방식":"--",
            "공급면적":90,
            "전용률":60,
            "욕실수":"--",
            "현관타입":"--",
            "주거총점":38.5,
            "지역구공급총점":0.0,
            "역세권":"NA",
            "30분내 이동가능 거점":"NA",
            "1시간내 이동가능 거점":"NA",
            "교통총점":"NA",
            "백화점":100,
            "아울렛몰":0,
            "대형마트":0,
            "은행":0,
            "병원":10,
            "종합병원":100,
            "공원":0,
            "혐오시설":0,
            "인프라총점":51.0,
            "초등학군":85.08,
            "중학군":47.94,
            "학군총점":55.368,
            "인구수":11.74,
            "인구증감":-7.76,
            "인구총점":5.89,
            "일자리":5.5,
            "소득수준":60.1,
            "일자리총점":21.88,
            "가치 총점":47.717,
            "매매실거래년":20211029.0,
            "매매실거래가":33000.0,
            "전세실거래년":20211130.0,
            "전세실거래가":3000.0,
            "전세가율":9.09,
            "장기전세가율평균":70.04,
            "전세가율거품지수":60.95,
            "검색코드":7903,
            "세대수":448,
            "준공년월":"1991-01-05",
            "준공년차":32,
            "가까운역이름":"NA",
            "가까운역거리":"NA",
            "역세권여부":"NA",
            "30분이내주요거점역":"NA",
            "1시간이내주요거점역":"NA",
            "3km이내백화점수":1,
            "5km이내아울렛몰수":0,
            "1km이내대형먀트수":0,
            "500m이내은행수":0,
            "500m이내병원수":3,
            "5km이내대형병원수":7,
            "500m이내공원수":0,
            "3km이내혐오시설수":0,
            "초등학교학업성취도":85.08,
            "중학교학업성취도":78.7,
            "용적률":258,
            "건폐율":27,
            "Y":35.081888,
            "X":129.043249,
            "rank":17.0,
            "area_info":"30평(101.76), 31평(103.4), 32평(107.51), 32평(108.8), 32평(108.17), 34평(114.28), 41평(136.84), 46평(154.56), 47평(156.98), 49평(163.1), 50평(165.51), 51평(169.99), 52평(173.63)",
            "last_sales":"2021-10-29,33000.0,30평(101.76)"
        },
        {
            "index":130,
            "아파트명":"조양비취맨션",
            "투자타입":"재건축",
            "전용면적(m2)":"55.8",
            "전용면적(평)":"16평",
            "법정동주소":"부산시 영도구 동삼동 656",
            "도로명주소":"부산시 영도구 절영로 504",
            "세대수":50,
            "입주년차":"--",
            "용적률점수":80,
            "건폐율점수":40,
            "세대당주차수":"--",
            "난방방식":"--",
            "공급면적":50,
            "전용률":80,
            "욕실수":"--",
            "현관타입":"--",
            "주거총점":61.5,
            "지역구공급총점":0.0,
            "역세권":"NA",
            "30분내 이동가능 거점":"NA",
            "1시간내 이동가능 거점":"NA",
            "교통총점":"NA",
            "백화점":0,
            "아울렛몰":0,
            "대형마트":0,
            "은행":0,
            "병원":60,
            "종합병원":100,
            "공원":100,
            "혐오시설":0,
            "인프라총점":29.0,
            "초등학군":89.13,
            "중학군":49.1,
            "학군총점":57.106,
            "인구수":11.74,
            "인구증감":-7.76,
            "인구총점":5.89,
            "일자리":5.5,
            "소득수준":60.1,
            "일자리총점":21.88,
            "가치 총점":47.4015,
            "매매실거래년":20211117.0,
            "매매실거래가":12000.0,
            "전세실거래년":20211115.0,
            "전세실거래가":7000.0,
            "전세가율":63.64,
            "장기전세가율평균":70.04,
            "전세가율거품지수":6.4,
            "검색코드":7871,
            "세대수":630,
            "준공년월":"1985-12-01",
            "준공년차":38,
            "가까운역이름":"NA",
            "가까운역거리":"NA",
            "역세권여부":"NA",
            "30분이내주요거점역":"NA",
            "1시간이내주요거점역":"NA",
            "3km이내백화점수":0,
            "5km이내아울렛몰수":0,
            "1km이내대형먀트수":0,
            "500m이내은행수":0,
            "500m이내병원수":12,
            "5km이내대형병원수":2,
            "500m이내공원수":3,
            "3km이내혐오시설수":0,
            "초등학교학업성취도":89.13,
            "중학교학업성취도":80.5,
            "용적률":154,
            "건폐율":38,
            "Y":35.071726,
            "X":129.071539,
            "rank":18.0,
            "area_info":"16평(55.8), 17평(59.4), 18평(61.2), 19평(63.36), 20평(66.15), 20평(68.4), 22평(73.44), 27평(91.8)",
            "last_sales":"2021-11-17,12000.0,20평(66.15)"
        },
        {
            "index":185,
            "아파트명":"영도유림",
            "투자타입":"일반",
            "전용면적(m2)":"80.94",
            "전용면적(평)":"24평",
            "법정동주소":"부산시 영도구 봉래동4가 300",
            "도로명주소":"부산시 영도구 봉래길 94",
            "세대수":30,
            "입주년차":0,
            "용적률점수":"--",
            "건폐율점수":"--",
            "세대당주차수":0,
            "난방방식":30,
            "공급면적":"--",
            "전용률":"--",
            "욕실수":50,
            "현관타입":10,
            "주거총점":19.5,
            "지역구공급총점":0.0,
            "역세권":"NA",
            "30분내 이동가능 거점":"NA",
            "1시간내 이동가능 거점":"NA",
            "교통총점":"NA",
            "백화점":100,
            "아울렛몰":0,
            "대형마트":80,
            "은행":0,
            "병원":10,
            "종합병원":100,
            "공원":0,
            "혐오시설":0,
            "인프라총점":63.0,
            "초등학군":90.79,
            "중학군":49.96,
            "학군총점":58.126,
            "인구수":11.74,
            "인구증감":-7.76,
            "인구총점":5.89,
            "일자리":5.5,
            "소득수준":60.1,
            "일자리총점":21.88,
            "가치 총점":46.5565,
            "매매실거래년":20211011.0,
            "매매실거래가":17200.0,
            "전세실거래년":20210809.0,
            "전세실거래가":7500.0,
            "전세가율":62.5,
            "장기전세가율평균":70.04,
            "전세가율거품지수":7.54,
            "검색코드":7901,
            "세대수":310,
            "준공년월":"1996-12-30",
            "준공년차":27,
            "가까운역이름":"NA",
            "가까운역거리":"NA",
            "역세권여부":"NA",
            "30분이내주요거점역":"NA",
            "1시간이내주요거점역":"NA",
            "3km이내백화점수":1,
            "5km이내아울렛몰수":0,
            "1km이내대형먀트수":1,
            "500m이내은행수":0,
            "500m이내병원수":2,
            "5km이내대형병원수":8,
            "500m이내공원수":0,
            "3km이내혐오시설수":0,
            "초등학교학업성취도":90.79,
            "중학교학업성취도":82.4,
            "용적률":245,
            "건폐율":27,
            "Y":35.090315,
            "X":129.05066,
            "rank":19.0,
            "area_info":"24평(80.94), 31평(103.51)",
            "last_sales":"2021-10-11,17200.0,31평(103.51)"
        },
        {
            "index":40,
            "아파트명":"롯데캐슬블루오션",
            "투자타입":"일반",
            "전용면적(m2)":"81.07",
            "전용면적(평)":"24평",
            "법정동주소":"부산시 영도구 동삼동 1189",
            "도로명주소":"부산시 영도구 절영로 524",
            "세대수":30,
            "입주년차":80,
            "용적률점수":"--",
            "건폐율점수":"--",
            "세대당주차수":30,
            "난방방식":30,
            "공급면적":"--",
            "전용률":"--",
            "욕실수":100,
            "현관타입":100,
            "주거총점":54.0,
            "지역구공급총점":0.0,
            "역세권":"NA",
            "30분내 이동가능 거점":"NA",
            "1시간내 이동가능 거점":"NA",
            "교통총점":"NA",
            "백화점":0,
            "아울렛몰":0,
            "대형마트":0,
            "은행":0,
            "병원":60,
            "종합병원":100,
            "공원":80,
            "혐오시설":0,
            "인프라총점":28.4,
            "초등학군":89.13,
            "중학군":49.1,
            "학군총점":57.106,
            "인구수":11.74,
            "인구증감":-7.76,
            "인구총점":5.89,
            "일자리":5.5,
            "소득수준":60.1,
            "일자리총점":21.88,
            "가치 총점":44.5365,
            "매매실거래년":20211205.0,
            "매매실거래가":34500.0,
            "전세실거래년":20220111.0,
            "전세실거래가":27000.0,
            "전세가율":78.26,
            "장기전세가율평균":70.04,
            "전세가율거품지수":-8.22,
            "검색코드":110399,
            "세대수":381,
            "준공년월":"2017-08-29",
            "준공년차":6,
            "가까운역이름":"NA",
            "가까운역거리":"NA",
            "역세권여부":"NA",
            "30분이내주요거점역":"NA",
            "1시간이내주요거점역":"NA",
            "3km이내백화점수":0,
            "5km이내아울렛몰수":0,
            "1km이내대형먀트수":0,
            "500m이내은행수":0,
            "500m이내병원수":10,
            "5km이내대형병원수":2,
            "500m이내공원수":1,
            "3km이내혐오시설수":0,
            "초등학교학업성취도":89.13,
            "중학교학업성취도":80.5,
            "용적률":249,
            "건폐율":19,
            "Y":35.072587,
            "X":129.073588,
            "rank":20.0,
            "area_info":"24평(81.07), 28평(94.75), 30평(101.09), 34평(112.54), 34평(113.82), 43평(142.64), 46평(152.27), 50평(167.13)",
            "last_sales":"2021-12-05,34500.0,24평(81.07)"
        },
        {
            "index":17,
            "아파트명":"국제마마뉴비치타운",
            "투자타입":"일반",
            "전용면적(m2)":"104.61",
            "전용면적(평)":"31평",
            "법정동주소":"부산시 영도구 동삼동 510-33",
            "도로명주소":"부산시 영도구 중리로 32",
            "세대수":50,
            "입주년차":0,
            "용적률점수":"--",
            "건폐율점수":"--",
            "세대당주차수":60,
            "난방방식":30,
            "공급면적":"--",
            "전용률":"--",
            "욕실수":100,
            "현관타입":100,
            "주거총점":49.5,
            "지역구공급총점":0.0,
            "역세권":"NA",
            "30분내 이동가능 거점":"NA",
            "1시간내 이동가능 거점":"NA",
            "교통총점":"NA",
            "백화점":0,
            "아울렛몰":0,
            "대형마트":0,
            "은행":0,
            "병원":60,
            "종합병원":100,
            "공원":100,
            "혐오시설":0,
            "인프라총점":29.0,
            "초등학군":89.13,
            "중학군":49.1,
            "학군총점":57.106,
            "인구수":11.74,
            "인구증감":-7.76,
            "인구총점":5.89,
            "일자리":5.5,
            "소득수준":60.1,
            "일자리총점":21.88,
            "가치 총점":43.2015,
            "매매실거래년":20220111.0,
            "매매실거래가":17600.0,
            "전세실거래년":20210824.0,
            "전세실거래가":18000.0,
            "전세가율":102.27,
            "장기전세가율평균":70.04,
            "전세가율거품지수":-32.23,
            "검색코드":7776,
            "세대수":522,
            "준공년월":"1995-07-03",
            "준공년차":28,
            "가까운역이름":"NA",
            "가까운역거리":"NA",
            "역세권여부":"NA",
            "30분이내주요거점역":"NA",
            "1시간이내주요거점역":"NA",
            "3km이내백화점수":0,
            "5km이내아울렛몰수":0,
            "1km이내대형먀트수":0,
            "500m이내은행수":0,
            "500m이내병원수":14,
            "5km이내대형병원수":2,
            "500m이내공원수":4,
            "3km이내혐오시설수":0,
            "초등학교학업성취도":89.13,
            "중학교학업성취도":80.5,
            "용적률":0,
            "건폐율":0,
            "Y":35.072997,
            "X":129.069494,
            "rank":21.0,
            "area_info":"31평(104.61), 41평(137.8), 43평(142.79), 51평(170.44)",
            "last_sales":"2022-01-11,17600.0,31평(104.61)"
        },
        {
            "index":129,
            "아파트명":"절영",
            "투자타입":"일반",
            "전용면적(m2)":"65.78",
            "전용면적(평)":"19평",
            "법정동주소":"부산시 영도구 동삼동 510-2",
            "도로명주소":"부산시 영도구 와치로 231",
            "세대수":90,
            "입주년차":0,
            "용적률점수":"--",
            "건폐율점수":"--",
            "세대당주차수":0,
            "난방방식":30,
            "공급면적":"--",
            "전용률":"--",
            "욕실수":50,
            "현관타입":100,
            "주거총점":49.5,
            "지역구공급총점":0.0,
            "역세권":"NA",
            "30분내 이동가능 거점":"NA",
            "1시간내 이동가능 거점":"NA",
            "교통총점":"NA",
            "백화점":0,
            "아울렛몰":0,
            "대형마트":0,
            "은행":0,
            "병원":60,
            "종합병원":100,
            "공원":100,
            "혐오시설":0,
            "인프라총점":29.0,
            "초등학군":88.57,
            "중학군":48.64,
            "학군총점":56.626,
            "인구수":11.74,
            "인구증감":-7.76,
            "인구총점":5.89,
            "일자리":5.5,
            "소득수준":60.1,
            "일자리총점":21.88,
            "가치 총점":43.0815,
            "매매실거래년":20220110.0,
            "매매실거래가":12950.0,
            "전세실거래년":20220104.0,
            "전세실거래가":8000.0,
            "전세가율":61.78,
            "장기전세가율평균":70.04,
            "전세가율거품지수":8.26,
            "검색코드":7870,
            "세대수":1340,
            "준공년월":"1995-10-20",
            "준공년차":28,
            "가까운역이름":"NA",
            "가까운역거리":"NA",
            "역세권여부":"NA",
            "30분이내주요거점역":"NA",
            "1시간이내주요거점역":"NA",
            "3km이내백화점수":0,
            "5km이내아울렛몰수":0,
            "1km이내대형먀트수":0,
            "500m이내은행수":0,
            "500m이내병원수":16,
            "5km이내대형병원수":4,
            "500m이내공원수":4,
            "3km이내혐오시설수":0,
            "초등학교학업성취도":88.57,
            "중학교학업성취도":80.0,
            "용적률":0,
            "건폐율":0,
            "Y":35.075115,
            "X":129.067472,
            "rank":22.0,
            "area_info":"19평(65.78)",
            "last_sales":"2022-01-10,12950.0,19평(65.78)"
        },
        {
            "index":187,
            "아파트명":"시영",
            "투자타입":"재건축",
            "전용면적(m2)":"42.98",
            "전용면적(평)":"13평",
            "법정동주소":"부산시 영도구 봉래동5가 169-1",
            "도로명주소":"부산시 영도구 봉래길 134",
            "세대수":0,
            "입주년차":"--",
            "용적률점수":0,
            "건폐율점수":0,
            "세대당주차수":"--",
            "난방방식":"--",
            "공급면적":50,
            "전용률":100,
            "욕실수":"--",
            "현관타입":"--",
            "주거총점":7.5,
            "지역구공급총점":0.0,
            "역세권":"NA",
            "30분내 이동가능 거점":"NA",
            "1시간내 이동가능 거점":"NA",
            "교통총점":"NA",
            "백화점":100,
            "아울렛몰":0,
            "대형마트":80,
            "은행":0,
            "병원":10,
            "종합병원":100,
            "공원":0,
            "혐오시설":0,
            "인프라총점":63.0,
            "초등학군":84.66,
            "중학군":49.96,
            "학군총점":56.9,
            "인구수":11.74,
            "인구증감":-7.76,
            "인구총점":5.89,
            "일자리":5.5,
            "소득수준":60.1,
            "일자리총점":21.88,
            "가치 총점":42.05,
            "매매실거래년":20210924.0,
            "매매실거래가":8500.0,
            "전세실거래년":20211019.0,
            "전세실거래가":2500.0,
            "전세가율":29.41,
            "장기전세가율평균":70.04,
            "전세가율거품지수":40.63,
            "검색코드":7882,
            "세대수":270,
            "준공년월":"1977-01-01",
            "준공년차":46,
            "가까운역이름":"NA",
            "가까운역거리":"NA",
            "역세권여부":"NA",
            "30분이내주요거점역":"NA",
            "1시간이내주요거점역":"NA",
            "3km이내백화점수":1,
            "5km이내아울렛몰수":0,
            "1km이내대형먀트수":1,
            "500m이내은행수":0,
            "500m이내병원수":2,
            "5km이내대형병원수":9,
            "500m이내공원수":0,
            "3km이내혐오시설수":0,
            "초등학교학업성취도":84.66,
            "중학교학업성취도":82.4,
            "용적률":0,
            "건폐율":0,
            "Y":35.091919,
            "X":129.053148,
            "rank":23.0,
            "area_info":"13평(42.98)",
            "last_sales":"2021-09-24,8500.0,13평(42.98)"
        },
        {
            "index":272,
            "아파트명":"한라청학",
            "투자타입":"일반",
            "전용면적(m2)":"75.56",
            "전용면적(평)":"22평",
            "법정동주소":"부산시 영도구 청학동 62-60",
            "도로명주소":"부산시 영도구 태종로 428",
            "세대수":0,
            "입주년차":0,
            "용적률점수":"--",
            "건폐율점수":"--",
            "세대당주차수":0,
            "난방방식":30,
            "공급면적":"--",
            "전용률":"--",
            "욕실수":50,
            "현관타입":100,
            "주거총점":18.0,
            "지역구공급총점":0.0,
            "역세권":"NA",
            "30분내 이동가능 거점":"NA",
            "1시간내 이동가능 거점":"NA",
            "교통총점":"NA",
            "백화점":100,
            "아울렛몰":0,
            "대형마트":0,
            "은행":0,
            "병원":10,
            "종합병원":100,
            "공원":100,
            "혐오시설":-50,
            "인프라총점":53.0,
            "초등학군":90.88,
            "중학군":48.1,
            "학군총점":56.656,
            "인구수":11.74,
            "인구증감":-7.76,
            "인구총점":5.89,
            "일자리":5.5,
            "소득수준":60.1,
            "일자리총점":21.88,
            "가치 총점":41.664,
            "매매실거래년":20211206.0,
            "매매실거래가":22800.0,
            "전세실거래년":20210519.0,
            "전세실거래가":12000.0,
            "전세가율":73.62,
            "장기전세가율평균":70.04,
            "전세가율거품지수":-3.58,
            "검색코드":7927,
            "세대수":299,
            "준공년월":"1994-05-14",
            "준공년차":29,
            "가까운역이름":"NA",
            "가까운역거리":"NA",
            "역세권여부":"NA",
            "30분이내주요거점역":"NA",
            "1시간이내주요거점역":"NA",
            "3km이내백화점수":1,
            "5km이내아울렛몰수":0,
            "1km이내대형먀트수":0,
            "500m이내은행수":0,
            "500m이내병원수":2,
            "5km이내대형병원수":7,
            "500m이내공원수":2,
            "3km이내혐오시설수":1,
            "초등학교학업성취도":90.88,
            "중학교학업성취도":78.5,
            "용적률":385,
            "건폐율":33,
            "Y":35.08937,
            "X":129.06767,
            "rank":24.0,
            "area_info":"22평(75.56), 23평(76.38), 31평(102.71), 35평(116.29), 44평(147.12)",
            "last_sales":"2021-12-06,22800.0,31평(102.71)"
        },
        {
            "index":123,
            "아파트명":"영도일동미라주브라이튼1단지",
            "투자타입":"일반",
            "전용면적(m2)":"83.36",
            "전용면적(평)":"25평",
            "법정동주소":"부산시 영도구 동삼동 1170",
            "도로명주소":"부산시 영도구 동삼북로 20",
            "세대수":0,
            "입주년차":80,
            "용적률점수":"--",
            "건폐율점수":"--",
            "세대당주차수":30,
            "난방방식":30,
            "공급면적":"--",
            "전용률":"--",
            "욕실수":100,
            "현관타입":100,
            "주거총점":43.5,
            "지역구공급총점":0.0,
            "역세권":"NA",
            "30분내 이동가능 거점":"NA",
            "1시간내 이동가능 거점":"NA",
            "교통총점":"NA",
            "백화점":0,
            "아울렛몰":0,
            "대형마트":0,
            "은행":20,
            "병원":60,
            "종합병원":100,
            "공원":100,
            "혐오시설":-50,
            "인프라총점":30.0,
            "초등학군":90.0,
            "중학군":48.1,
            "학군총점":56.48,
            "인구수":11.74,
            "인구증감":-7.76,
            "인구총점":5.89,
            "일자리":5.5,
            "소득수준":60.1,
            "일자리총점":21.88,
            "가치 총점":41.345,
            "매매실거래년":20211120.0,
            "매매실거래가":38500.0,
            "전세실거래년":20211217.0,
            "전세실거래가":27000.0,
            "전세가율":82.32,
            "장기전세가율평균":70.04,
            "전세가율거품지수":-12.28,
            "검색코드":105897,
            "세대수":249,
            "준공년월":"2014-12-31",
            "준공년차":9,
            "가까운역이름":"NA",
            "가까운역거리":"NA",
            "역세권여부":"NA",
            "30분이내주요거점역":"NA",
            "1시간이내주요거점역":"NA",
            "3km이내백화점수":0,
            "5km이내아울렛몰수":0,
            "1km이내대형먀트수":0,
            "500m이내은행수":2,
            "500m이내병원수":13,
            "5km이내대형병원수":4,
            "500m이내공원수":3,
            "3km이내혐오시설수":1,
            "초등학교학업성취도":90.0,
            "중학교학업성취도":78.5,
            "용적률":227,
            "건폐율":24,
            "Y":35.082345,
            "X":129.070428,
            "rank":25.0,
            "area_info":"25평(83.36), 31평(102.49), 35평(116.33)",
            "last_sales":"2021-11-20,38500.0,35평(116.33)"
        },
        {
            "index":250,
            "아파트명":"청학삼창",
            "투자타입":"일반",
            "전용면적(m2)":"58.46",
            "전용면적(평)":"17평",
            "법정동주소":"부산시 영도구 청학동 48",
            "도로명주소":"부산시 영도구 광암길 6",
            "세대수":0,
            "입주년차":0,
            "용적률점수":"--",
            "건폐율점수":"--",
            "세대당주차수":0,
            "난방방식":30,
            "공급면적":"--",
            "전용률":"--",
            "욕실수":50,
            "현관타입":100,
            "주거총점":18.0,
            "지역구공급총점":0.0,
            "역세권":"NA",
            "30분내 이동가능 거점":"NA",
            "1시간내 이동가능 거점":"NA",
            "교통총점":"NA",
            "백화점":100,
            "아울렛몰":0,
            "대형마트":0,
            "은행":0,
            "병원":10,
            "종합병원":100,
            "공원":0,
            "혐오시설":-50,
            "인프라총점":50.0,
            "초등학군":90.88,
            "중학군":48.1,
            "학군총점":56.656,
            "인구수":11.74,
            "인구증감":-7.76,
            "인구총점":5.89,
            "일자리":5.5,
            "소득수준":60.1,
            "일자리총점":21.88,
            "가치 총점":40.464,
            "매매실거래년":20150930.0,
            "매매실거래가":19000.0,
            "전세실거래년":null,
            "전세실거래가":null,
            "전세가율":null,
            "장기전세가율평균":70.04,
            "전세가율거품지수":null,
            "검색코드":7918,
            "세대수":175,
            "준공년월":"1995-12-29",
            "준공년차":28,
            "가까운역이름":"NA",
            "가까운역거리":"NA",
            "역세권여부":"NA",
            "30분이내주요거점역":"NA",
            "1시간이내주요거점역":"NA",
            "3km이내백화점수":1,
            "5km이내아울렛몰수":0,
            "1km이내대형먀트수":0,
            "500m이내은행수":0,
            "500m이내병원수":4,
            "5km이내대형병원수":8,
            "500m이내공원수":0,
            "3km이내혐오시설수":1,
            "초등학교학업성취도":90.88,
            "중학교학업성취도":78.5,
            "용적률":280,
            "건폐율":27,
            "Y":35.092249,
            "X":129.066631,
            "rank":26.0,
            "area_info":"17평(58.46), 22평(74.66), 22평(75.22), 30평(100.53), 31평(103.15), 32평(106.73)",
            "last_sales":"2015-09-30,19000.0,32평(106.73)"
        },
        {
            "index":120,
            "아파트명":"영도벽산비치타운",
            "투자타입":"일반",
            "전용면적(m2)":"103.74",
            "전용면적(평)":"31평",
            "법정동주소":"부산시 영도구 동삼동 510-27",
            "도로명주소":"부산시 영도구 와치로 266",
            "세대수":50,
            "입주년차":0,
            "용적률점수":"--",
            "건폐율점수":"--",
            "세대당주차수":0,
            "난방방식":30,
            "공급면적":"--",
            "전용률":"--",
            "욕실수":100,
            "현관타입":100,
            "주거총점":40.5,
            "지역구공급총점":0.0,
            "역세권":"NA",
            "30분내 이동가능 거점":"NA",
            "1시간내 이동가능 거점":"NA",
            "교통총점":"NA",
            "백화점":0,
            "아울렛몰":0,
            "대형마트":0,
            "은행":0,
            "병원":60,
            "종합병원":100,
            "공원":100,
            "혐오시설":0,
            "인프라총점":29.0,
            "초등학군":89.13,
            "중학군":48.64,
            "학군총점":56.738,
            "인구수":11.74,
            "인구증감":-7.76,
            "인구총점":5.89,
            "일자리":5.5,
            "소득수준":60.1,
            "일자리총점":21.88,
            "가치 총점":39.9595,
            "매매실거래년":20211231.0,
            "매매실거래가":30600.0,
            "전세실거래년":20210831.0,
            "전세실거래가":20000.0,
            "전세가율":78.43,
            "장기전세가율평균":70.04,
            "전세가율거품지수":-8.39,
            "검색코드":7832,
            "세대수":414,
            "준공년월":"1995-06-10",
            "준공년차":28,
            "가까운역이름":"NA",
            "가까운역거리":"NA",
            "역세권여부":"NA",
            "30분이내주요거점역":"NA",
            "1시간이내주요거점역":"NA",
            "3km이내백화점수":0,
            "5km이내아울렛몰수":0,
            "1km이내대형먀트수":0,
            "500m이내은행수":0,
            "500m이내병원수":18,
            "5km이내대형병원수":3,
            "500m이내공원수":4,
            "3km이내혐오시설수":0,
            "초등학교학업성취도":89.13,
            "중학교학업성취도":80.0,
            "용적률":258,
            "건폐율":19,
            "Y":35.074701,
            "X":129.069462,
            "rank":27.0,
            "area_info":"31평(103.74), 41평(138.8), 49평(163.04)",
            "last_sales":"2021-12-31,30600.0,41평(138.8)"
        },
        {
            "index":189,
            "아파트명":"영광그린파크",
            "투자타입":"일반",
            "전용면적(m2)":"64.98",
            "전용면적(평)":"19평",
            "법정동주소":"부산시 영도구 신선동2가 181-30",
            "도로명주소":"부산시 영도구 중복길 270",
            "세대수":0,
            "입주년차":0,
            "용적률점수":"--",
            "건폐율점수":"--",
            "세대당주차수":0,
            "난방방식":30,
            "공급면적":"--",
            "전용률":"--",
            "욕실수":50,
            "현관타입":100,
            "주거총점":18.0,
            "지역구공급총점":0.0,
            "역세권":"NA",
            "30분내 이동가능 거점":"NA",
            "1시간내 이동가능 거점":"NA",
            "교통총점":"NA",
            "백화점":100,
            "아울렛몰":0,
            "대형마트":0,
            "은행":0,
            "병원":10,
            "종합병원":100,
            "공원":0,
            "혐오시설":0,
            "인프라총점":51.0,
            "초등학군":77.5,
            "중학군":42.54,
            "학군총점":49.532,
            "인구수":11.74,
            "인구증감":-7.76,
            "인구총점":5.89,
            "일자리":5.5,
            "소득수준":60.1,
            "일자리총점":21.88,
            "가치 총점":39.083,
            "매매실거래년":20210910.0,
            "매매실거래가":8400.0,
            "전세실거래년":20201030.0,
            "전세실거래가":5000.0,
            "전세가율":59.52,
            "장기전세가율평균":70.04,
            "전세가율거품지수":10.52,
            "검색코드":11457,
            "세대수":209,
            "준공년월":"1993-12-30",
            "준공년차":30,
            "가까운역이름":"NA",
            "가까운역거리":"NA",
            "역세권여부":"NA",
            "30분이내주요거점역":"NA",
            "1시간이내주요거점역":"NA",
            "3km이내백화점수":1,
            "5km이내아울렛몰수":0,
            "1km이내대형먀트수":0,
            "500m이내은행수":0,
            "500m이내병원수":2,
            "5km이내대형병원수":7,
            "500m이내공원수":0,
            "3km이내혐오시설수":0,
            "초등학교학업성취도":77.5,
            "중학교학업성취도":70.5,
            "용적률":250,
            "건폐율":25,
            "Y":35.084155,
            "X":129.047895,
            "rank":28.0,
            "area_info":"19평(64.98), 25평(84.42), 30평(99.58), 31평(103.73), 34평(114.95)",
            "last_sales":"2021-09-10,8400.0,19평(64.98)"
        },
        {
            "index":28,
            "아파트명":"도시개발2단지",
            "투자타입":"일반",
            "전용면적(m2)":"40.38",
            "전용면적(평)":"12평",
            "법정동주소":"부산시 영도구 동삼동 510",
            "도로명주소":"부산시 영도구 와치로 211",
            "세대수":90,
            "입주년차":0,
            "용적률점수":"--",
            "건폐율점수":"--",
            "세대당주차수":0,
            "난방방식":80,
            "공급면적":"--",
            "전용률":"--",
            "욕실수":50,
            "현관타입":10,
            "주거총점":45.5,
            "지역구공급총점":0.0,
            "역세권":"NA",
            "30분내 이동가능 거점":"NA",
            "1시간내 이동가능 거점":"NA",
            "교통총점":"NA",
            "백화점":0,
            "아울렛몰":0,
            "대형마트":0,
            "은행":0,
            "병원":10,
            "종합병원":100,
            "공원":100,
            "혐오시설":0,
            "인프라총점":24.0,
            "초등학군":88.57,
            "중학군":44.9,
            "학군총점":53.634,
            "인구수":11.74,
            "인구증감":-7.76,
            "인구총점":5.89,
            "일자리":5.5,
            "소득수준":60.1,
            "일자리총점":21.88,
            "가치 총점":38.9335,
            "매매실거래년":"18000101",
            "매매실거래가":null,
            "전세실거래년":null,
            "전세실거래가":null,
            "전세가율":null,
            "장기전세가율평균":70.04,
            "전세가율거품지수":null,
            "검색코드":16108,
            "세대수":1120,
            "준공년월":"1995-10-20",
            "준공년차":28,
            "가까운역이름":"NA",
            "가까운역거리":"NA",
            "역세권여부":"NA",
            "30분이내주요거점역":"NA",
            "1시간이내주요거점역":"NA",
            "3km이내백화점수":0,
            "5km이내아울렛몰수":0,
            "1km이내대형먀트수":0,
            "500m이내은행수":0,
            "500m이내병원수":3,
            "5km이내대형병원수":4,
            "500m이내공원수":3,
            "3km이내혐오시설수":0,
            "초등학교학업성취도":88.57,
            "중학교학업성취도":74.3,
            "용적률":0,
            "건폐율":0,
            "Y":35.075621,
            "X":129.064929,
            "rank":29.0,
            "area_info":"12평(40.38)",
            "last_sales":"1800-01-01,nan,12평(40.38)"
        },
        {
            "index":119,
            "아파트명":"영도경동리인",
            "투자타입":"일반",
            "전용면적(m2)":"88.5",
            "전용면적(평)":"26평",
            "법정동주소":"부산시 영도구 동삼동 1190",
            "도로명주소":"부산시 영도구 절영로490번길 18",
            "세대수":0,
            "입주년차":80,
            "용적률점수":"--",
            "건폐율점수":"--",
            "세대당주차수":30,
            "난방방식":30,
            "공급면적":"--",
            "전용률":"--",
            "욕실수":100,
            "현관타입":100,
            "주거총점":43.5,
            "지역구공급총점":0.0,
            "역세권":"NA",
            "30분내 이동가능 거점":"NA",
            "1시간내 이동가능 거점":"NA",
            "교통총점":"NA",
            "백화점":0,
            "아울렛몰":0,
            "대형마트":0,
            "은행":0,
            "병원":0,
            "종합병원":100,
            "공원":100,
            "혐오시설":0,
            "인프라총점":23.0,
            "초등학군":89.13,
            "중학군":49.1,
            "학군총점":57.106,
            "인구수":11.74,
            "인구증감":-7.76,
            "인구총점":5.89,
            "일자리":5.5,
            "소득수준":60.1,
            "일자리총점":21.88,
            "가치 총점":38.7015,
            "매매실거래년":20211101.0,
            "매매실거래가":25400.0,
            "전세실거래년":20211013.0,
            "전세실거래가":23000.0,
            "전세가율":90.55,
            "장기전세가율평균":70.04,
            "전세가율거품지수":-20.51,
            "검색코드":111525,
            "세대수":123,
            "준공년월":"2017-12-15",
            "준공년차":6,
            "가까운역이름":"NA",
            "가까운역거리":"NA",
            "역세권여부":"NA",
            "30분이내주요거점역":"NA",
            "1시간이내주요거점역":"NA",
            "3km이내백화점수":0,
            "5km이내아울렛몰수":0,
            "1km이내대형먀트수":0,
            "500m이내은행수":0,
            "500m이내병원수":0,
            "5km이내대형병원수":2,
            "500m이내공원수":2,
            "3km이내혐오시설수":0,
            "초등학교학업성취도":89.13,
            "중학교학업성취도":80.5,
            "용적률":217,
            "건폐율":36,
            "Y":35.070209,
            "X":129.070265,
            "rank":30.0,
            "area_info":"26평(88.5)",
            "last_sales":"2021-11-01,25400.0,26평(88.5)"
        },
        {
            "index":188,
            "아파트명":"신선",
            "투자타입":"재건축",
            "전용면적(m2)":"36.36",
            "전용면적(평)":"10평",
            "법정동주소":"부산시 영도구 신선동2가 141-1",
            "도로명주소":"부산시 영도구 중복길 384",
            "세대수":0,
            "입주년차":"--",
            "용적률점수":0,
            "건폐율점수":0,
            "세대당주차수":"--",
            "난방방식":"--",
            "공급면적":50,
            "전용률":100,
            "욕실수":"--",
            "현관타입":"--",
            "주거총점":7.5,
            "지역구공급총점":0.0,
            "역세권":"NA",
            "30분내 이동가능 거점":"NA",
            "1시간내 이동가능 거점":"NA",
            "교통총점":"NA",
            "백화점":100,
            "아울렛몰":0,
            "대형마트":0,
            "은행":0,
            "병원":10,
            "종합병원":100,
            "공원":0,
            "혐오시설":0,
            "인프라총점":51.0,
            "초등학군":99.34,
            "중학군":49.96,
            "학군총점":59.836,
            "인구수":11.74,
            "인구증감":-7.76,
            "인구총점":5.89,
            "일자리":5.5,
            "소득수준":60.1,
            "일자리총점":21.88,
            "가치 총점":37.984,
            "매매실거래년":20211229.0,
            "매매실거래가":4000.0,
            "전세실거래년":null,
            "전세실거래가":null,
            "전세가율":null,
            "장기전세가율평균":70.04,
            "전세가율거품지수":null,
            "검색코드":16133,
            "세대수":220,
            "준공년월":"1970-01-01",
            "준공년차":53,
            "가까운역이름":"NA",
            "가까운역거리":"NA",
            "역세권여부":"NA",
            "30분이내주요거점역":"NA",
            "1시간이내주요거점역":"NA",
            "3km이내백화점수":1,
            "5km이내아울렛몰수":0,
            "1km이내대형먀트수":0,
            "500m이내은행수":0,
            "500m이내병원수":3,
            "5km이내대형병원수":8,
            "500m이내공원수":0,
            "3km이내혐오시설수":0,
            "초등학교학업성취도":99.34,
            "중학교학업성취도":82.4,
            "용적률":0,
            "건폐율":0,
            "Y":35.0862,
            "X":129.048052,
            "rank":31.0,
            "area_info":"10평(36.36)",
            "last_sales":"2021-12-29,4000.0,10평(36.36)"
        },
        {
            "index":230,
            "아파트명":"영광마린타워",
            "투자타입":"일반",
            "전용면적(m2)":"90.71",
            "전용면적(평)":"27평",
            "법정동주소":"부산시 영도구 청학동 419",
            "도로명주소":"부산시 영도구 청학서로 1",
            "세대수":0,
            "입주년차":0,
            "용적률점수":"--",
            "건폐율점수":"--",
            "세대당주차수":0,
            "난방방식":30,
            "공급면적":"--",
            "전용률":"--",
            "욕실수":50,
            "현관타입":10,
            "주거총점":9.0,
            "지역구공급총점":0.0,
            "역세권":"NA",
            "30분내 이동가능 거점":"NA",
            "1시간내 이동가능 거점":"NA",
            "교통총점":"NA",
            "백화점":100,
            "아울렛몰":0,
            "대형마트":0,
            "은행":0,
            "병원":0,
            "종합병원":100,
            "공원":0,
            "혐오시설":0,
            "인프라총점":50.0,
            "초등학군":82.97,
            "중학군":49.96,
            "학군총점":56.562,
            "인구수":11.74,
            "인구증감":-7.76,
            "인구총점":5.89,
            "일자리":5.5,
            "소득수준":60.1,
            "일자리총점":21.88,
            "가치 총점":37.2905,
            "매매실거래년":20211021.0,
            "매매실거래가":9700.0,
            "전세실거래년":20160319.0,
            "전세실거래가":6000.0,
            "전세가율":61.86,
            "장기전세가율평균":70.04,
            "전세가율거품지수":8.18,
            "검색코드":13215,
            "세대수":102,
            "준공년월":"1995-06-30",
            "준공년차":28,
            "가까운역이름":"NA",
            "가까운역거리":"NA",
            "역세권여부":"NA",
            "30분이내주요거점역":"NA",
            "1시간이내주요거점역":"NA",
            "3km이내백화점수":1,
            "5km이내아울렛몰수":0,
            "1km이내대형먀트수":0,
            "500m이내은행수":0,
            "500m이내병원수":1,
            "5km이내대형병원수":9,
            "500m이내공원수":0,
            "3km이내혐오시설수":0,
            "초등학교학업성취도":82.97,
            "중학교학업성취도":82.4,
            "용적률":321,
            "건폐율":32,
            "Y":35.09137,
            "X":129.056771,
            "rank":32.0,
            "area_info":"27평(90.71), 31평(102.59), 36평(120.77)",
            "last_sales":"2021-10-21,9700.0,27평(90.71)"
        },
        {
            "index":151,
            "아파트명":"함지그린",
            "투자타입":"일반",
            "전용면적(m2)":"62.48",
            "전용면적(평)":"18평",
            "법정동주소":"부산시 영도구 동삼동 1124",
            "도로명주소":"부산시 영도구 함지로 8",
            "세대수":90,
            "입주년차":0,
            "용적률점수":"--",
            "건폐율점수":"--",
            "세대당주차수":0,
            "난방방식":30,
            "공급면적":"--",
            "전용률":"--",
            "욕실수":50,
            "현관타입":10,
            "주거총점":40.5,
            "지역구공급총점":0.0,
            "역세권":"NA",
            "30분내 이동가능 거점":"NA",
            "1시간내 이동가능 거점":"NA",
            "교통총점":"NA",
            "백화점":0,
            "아울렛몰":0,
            "대형마트":0,
            "은행":0,
            "병원":0,
            "종합병원":100,
            "공원":80,
            "혐오시설":0,
            "인프라총점":22.4,
            "초등학군":88.46,
            "중학군":44.9,
            "학군총점":53.612,
            "인구수":11.74,
            "인구증감":-7.76,
            "인구총점":5.89,
            "일자리":5.5,
            "소득수준":60.1,
            "일자리총점":21.88,
            "가치 총점":36.538,
            "매매실거래년":20211224.0,
            "매매실거래가":22000.0,
            "전세실거래년":20211228.0,
            "전세실거래가":9000.0,
            "전세가율":40.91,
            "장기전세가율평균":70.04,
            "전세가율거품지수":29.13,
            "검색코드":7874,
            "세대수":1000,
            "준공년월":"1994-05-06",
            "준공년차":29,
            "가까운역이름":"NA",
            "가까운역거리":"NA",
            "역세권여부":"NA",
            "30분이내주요거점역":"NA",
            "1시간이내주요거점역":"NA",
            "3km이내백화점수":0,
            "5km이내아울렛몰수":0,
            "1km이내대형먀트수":0,
            "500m이내은행수":0,
            "500m이내병원수":0,
            "5km이내대형병원수":4,
            "500m이내공원수":1,
            "3km이내혐오시설수":0,
            "초등학교학업성취도":88.46,
            "중학교학업성취도":74.3,
            "용적률":174,
            "건폐율":0,
            "Y":35.071246,
            "X":129.062531,
            "rank":33.0,
            "area_info":"18평(62.48), 23평(78.3)",
            "last_sales":"2021-12-24,22000.0,18평(62.48)"
        },
        {
            "index":216,
            "아파트명":"영선",
            "투자타입":"재건축",
            "전용면적(m2)":"36.36",
            "전용면적(평)":"10평",
            "법정동주소":"부산시 영도구 영선동4가 1278",
            "도로명주소":"부산시 영도구 절영로 227",
            "세대수":0,
            "입주년차":"--",
            "용적률점수":0,
            "건폐율점수":0,
            "세대당주차수":"--",
            "난방방식":"--",
            "공급면적":50,
            "전용률":100,
            "욕실수":"--",
            "현관타입":"--",
            "주거총점":7.5,
            "지역구공급총점":0.0,
            "역세권":"NA",
            "30분내 이동가능 거점":"NA",
            "1시간내 이동가능 거점":"NA",
            "교통총점":"NA",
            "백화점":100,
            "아울렛몰":0,
            "대형마트":0,
            "은행":0,
            "병원":0,
            "종합병원":100,
            "공원":0,
            "혐오시설":0,
            "인프라총점":50.0,
            "초등학군":85.08,
            "중학군":47.94,
            "학군총점":55.368,
            "인구수":11.74,
            "인구증감":-7.76,
            "인구총점":5.89,
            "일자리":5.5,
            "소득수준":60.1,
            "일자리총점":21.88,
            "가치 총점":36.467,
            "매매실거래년":20200612.0,
            "매매실거래가":19500.0,
            "전세실거래년":null,
            "전세실거래가":null,
            "전세가율":null,
            "장기전세가율평균":70.04,
            "전세가율거품지수":null,
            "검색코드":7906,
            "세대수":240,
            "준공년월":"1969-01-01",
            "준공년차":54,
            "가까운역이름":"NA",
            "가까운역거리":"NA",
            "역세권여부":"NA",
            "30분이내주요거점역":"NA",
            "1시간이내주요거점역":"NA",
            "3km이내백화점수":1,
            "5km이내아울렛몰수":0,
            "1km이내대형먀트수":0,
            "500m이내은행수":0,
            "500m이내병원수":0,
            "5km이내대형병원수":5,
            "500m이내공원수":0,
            "3km이내혐오시설수":0,
            "초등학교학업성취도":85.08,
            "중학교학업성취도":78.7,
            "용적률":280,
            "건폐율":0,
            "Y":35.07799,
            "X":129.04657,
            "rank":34.0,
            "area_info":"10평(36.36)",
            "last_sales":"2020-06-12,19500.0,10평(36.36)"
        },
        {
            "index":217,
            "아파트명":"영선미니",
            "투자타입":"재건축",
            "전용면적(m2)":"65.65",
            "전용면적(평)":"19평",
            "법정동주소":"부산시 영도구 영선동4가 890",
            "도로명주소":"부산시 영도구 향토길 14",
            "세대수":0,
            "입주년차":"--",
            "용적률점수":0,
            "건폐율점수":0,
            "세대당주차수":"--",
            "난방방식":"--",
            "공급면적":50,
            "전용률":100,
            "욕실수":"--",
            "현관타입":"--",
            "주거총점":7.5,
            "지역구공급총점":0.0,
            "역세권":"NA",
            "30분내 이동가능 거점":"NA",
            "1시간내 이동가능 거점":"NA",
            "교통총점":"NA",
            "백화점":100,
            "아울렛몰":0,
            "대형마트":0,
            "은행":0,
            "병원":0,
            "종합병원":100,
            "공원":0,
            "혐오시설":0,
            "인프라총점":50.0,
            "초등학군":85.08,
            "중학군":47.94,
            "학군총점":55.368,
            "인구수":11.74,
            "인구증감":-7.76,
            "인구총점":5.89,
            "일자리":5.5,
            "소득수준":60.1,
            "일자리총점":21.88,
            "가치 총점":36.467,
            "매매실거래년":"18000101",
            "매매실거래가":null,
            "전세실거래년":null,
            "전세실거래가":null,
            "전세가율":null,
            "장기전세가율평균":70.04,
            "전세가율거품지수":null,
            "검색코드":7907,
            "세대수":246,
            "준공년월":"1977-02-16",
            "준공년차":46,
            "가까운역이름":"NA",
            "가까운역거리":"NA",
            "역세권여부":"NA",
            "30분이내주요거점역":"NA",
            "1시간이내주요거점역":"NA",
            "3km이내백화점수":1,
            "5km이내아울렛몰수":0,
            "1km이내대형먀트수":0,
            "500m이내은행수":0,
            "500m이내병원수":0,
            "5km이내대형병원수":6,
            "500m이내공원수":0,
            "3km이내혐오시설수":0,
            "초등학교학업성취도":85.08,
            "중학교학업성취도":78.7,
            "용적률":280,
            "건폐율":0,
            "Y":35.07944,
            "X":129.045948,
            "rank":34.0,
            "area_info":"19평(65.65)",
            "last_sales":"1800-01-01,nan,19평(65.65)"
        },
        {
            "index":107,
            "아파트명":"삼창파크타운(402-4)",
            "투자타입":"재건축",
            "전용면적(m2)":"75.45",
            "전용면적(평)":"22평",
            "법정동주소":"부산시 영도구 동삼동 402-4",
            "도로명주소":"부산시 영도구 절영로 551",
            "세대수":0,
            "입주년차":"--",
            "용적률점수":20,
            "건폐율점수":80,
            "세대당주차수":"--",
            "난방방식":"--",
            "공급면적":50,
            "전용률":60,
            "욕실수":"--",
            "현관타입":"--",
            "주거총점":29.5,
            "지역구공급총점":0.0,
            "역세권":"NA",
            "30분내 이동가능 거점":"NA",
            "1시간내 이동가능 거점":"NA",
            "교통총점":"NA",
            "백화점":0,
            "아울렛몰":0,
            "대형마트":0,
            "은행":0,
            "병원":60,
            "종합병원":100,
            "공원":100,
            "혐오시설":0,
            "인프라총점":29.0,
            "초등학군":89.13,
            "중학군":48.64,
            "학군총점":56.738,
            "인구수":11.74,
            "인구증감":-7.76,
            "인구총점":5.89,
            "일자리":5.5,
            "소득수준":60.1,
            "일자리총점":21.88,
            "가치 총점":36.1095,
            "매매실거래년":20210915.0,
            "매매실거래가":13000.0,
            "전세실거래년":20151016.0,
            "전세실거래가":9000.0,
            "전세가율":69.23,
            "장기전세가율평균":70.04,
            "전세가율거품지수":0.81,
            "검색코드":7863,
            "세대수":183,
            "준공년월":"1990-12-07",
            "준공년차":33,
            "가까운역이름":"NA",
            "가까운역거리":"NA",
            "역세권여부":"NA",
            "30분이내주요거점역":"NA",
            "1시간이내주요거점역":"NA",
            "3km이내백화점수":0,
            "5km이내아울렛몰수":0,
            "1km이내대형먀트수":0,
            "500m이내은행수":0,
            "500m이내병원수":17,
            "5km이내대형병원수":2,
            "500m이내공원수":4,
            "3km이내혐오시설수":0,
            "초등학교학업성취도":89.13,
            "중학교학업성취도":80.0,
            "용적률":208,
            "건폐율":24,
            "Y":35.074699,
            "X":129.072718,
            "rank":35.0,
            "area_info":"22평(75.45), 26평(86.01), 26평(88.11), 28평(94.46), 31평(102.65), 31평(103.09), 36평(121.12), 41평(137.72), 48평(160.92)",
            "last_sales":"2021-09-15,13000.0,22평(75.45)"
        },
        {
            "index":48,
            "아파트명":"반도보라비치타운",
            "투자타입":"일반",
            "전용면적(m2)":"103.31",
            "전용면적(평)":"31평",
            "법정동주소":"부산시 영도구 동삼동 1124-2",
            "도로명주소":"부산시 영도구 함지로 19",
            "세대수":30,
            "입주년차":0,
            "용적률점수":"--",
            "건폐율점수":"--",
            "세대당주차수":30,
            "난방방식":30,
            "공급면적":"--",
            "전용률":"--",
            "욕실수":100,
            "현관타입":100,
            "주거총점":38.0,
            "지역구공급총점":0.0,
            "역세권":"NA",
            "30분내 이동가능 거점":"NA",
            "1시간내 이동가능 거점":"NA",
            "교통총점":"NA",
            "백화점":0,
            "아울렛몰":0,
            "대형마트":0,
            "은행":0,
            "병원":0,
            "종합병원":100,
            "공원":80,
            "혐오시설":0,
            "인프라총점":22.4,
            "초등학군":88.46,
            "중학군":44.9,
            "학군총점":53.612,
            "인구수":11.74,
            "인구증감":-7.76,
            "인구총점":5.89,
            "일자리":5.5,
            "소득수준":60.1,
            "일자리총점":21.88,
            "가치 총점":35.663,
            "매매실거래년":20211215.0,
            "매매실거래가":25200.0,
            "전세실거래년":20211022.0,
            "전세실거래가":17000.0,
            "전세가율":67.46,
            "장기전세가율평균":70.04,
            "전세가율거품지수":2.58,
            "검색코드":7818,
            "세대수":320,
            "준공년월":"1994-11-14",
            "준공년차":29,
            "가까운역이름":"NA",
            "가까운역거리":"NA",
            "역세권여부":"NA",
            "30분이내주요거점역":"NA",
            "1시간이내주요거점역":"NA",
            "3km이내백화점수":0,
            "5km이내아울렛몰수":0,
            "1km이내대형먀트수":0,
            "500m이내은행수":0,
            "500m이내병원수":0,
            "5km이내대형병원수":5,
            "500m이내공원수":1,
            "3km이내혐오시설수":0,
            "초등학교학업성취도":88.46,
            "중학교학업성취도":74.3,
            "용적률":194,
            "건폐율":13,
            "Y":35.071616,
            "X":129.06042,
            "rank":36.0,
            "area_info":"31평(103.31), 42평(140.8), 47평(156.71)",
            "last_sales":"2021-12-15,25200.0,31평(103.31)"
        },
        {
            "index":126,
            "아파트명":"유림노르웨이숲비치",
            "투자타입":"일반",
            "전용면적(m2)":"77.25",
            "전용면적(평)":"23평",
            "법정동주소":"부산시 영도구 동삼동 1145",
            "도로명주소":"부산시 영도구 태종로 705",
            "세대수":0,
            "입주년차":40,
            "용적률점수":"--",
            "건폐율점수":"--",
            "세대당주차수":30,
            "난방방식":30,
            "공급면적":"--",
            "전용률":"--",
            "욕실수":100,
            "현관타입":100,
            "주거총점":35.5,
            "지역구공급총점":0.0,
            "역세권":"NA",
            "30분내 이동가능 거점":"NA",
            "1시간내 이동가능 거점":"NA",
            "교통총점":"NA",
            "백화점":0,
            "아울렛몰":0,
            "대형마트":0,
            "은행":0,
            "병원":0,
            "종합병원":100,
            "공원":0,
            "혐오시설":0,
            "인프라총점":20.0,
            "초등학군":90.0,
            "중학군":49.1,
            "학군총점":57.28,
            "인구수":11.74,
            "인구증감":-7.76,
            "인구총점":5.89,
            "일자리":5.5,
            "소득수준":60.1,
            "일자리총점":21.88,
            "가치 총점":34.745,
            "매매실거래년":20211207.0,
            "매매실거래가":19000.0,
            "전세실거래년":20210514.0,
            "전세실거래가":18000.0,
            "전세가율":94.74,
            "장기전세가율평균":70.04,
            "전세가율거품지수":-24.7,
            "검색코드":19789,
            "세대수":143,
            "준공년월":"2005-08-31",
            "준공년차":18,
            "가까운역이름":"NA",
            "가까운역거리":"NA",
            "역세권여부":"NA",
            "30분이내주요거점역":"NA",
            "1시간이내주요거점역":"NA",
            "3km이내백화점수":0,
            "5km이내아울렛몰수":0,
            "1km이내대형먀트수":0,
            "500m이내은행수":0,
            "500m이내병원수":0,
            "5km이내대형병원수":2,
            "500m이내공원수":0,
            "3km이내혐오시설수":0,
            "초등학교학업성취도":90.0,
            "중학교학업성취도":80.5,
            "용적률":294,
            "건폐율":27,
            "Y":35.072165,
            "X":129.076851,
            "rank":37.0,
            "area_info":"23평(77.25), 32평(108.69), 32평(108.58)",
            "last_sales":"2021-12-07,19000.0,23평(77.25)"
        },
        {
            "index":29,
            "아파트명":"동삼1지구도개공",
            "투자타입":"일반",
            "전용면적(m2)":"38.78",
            "전용면적(평)":"11평",
            "법정동주소":"부산시 영도구 동삼동 1124-6",
            "도로명주소":"부산시 영도구 함지로 35",
            "세대수":50,
            "입주년차":0,
            "용적률점수":"--",
            "건폐율점수":"--",
            "세대당주차수":0,
            "난방방식":80,
            "공급면적":"--",
            "전용률":"--",
            "욕실수":50,
            "현관타입":10,
            "주거총점":31.5,
            "지역구공급총점":0.0,
            "역세권":"NA",
            "30분내 이동가능 거점":"NA",
            "1시간내 이동가능 거점":"NA",
            "교통총점":"NA",
            "백화점":0,
            "아울렛몰":0,
            "대형마트":0,
            "은행":0,
            "병원":0,
            "종합병원":100,
            "공원":100,
            "혐오시설":0,
            "인프라총점":23.0,
            "초등학군":88.46,
            "중학군":44.9,
            "학군총점":53.612,
            "인구수":11.74,
            "인구증감":-7.76,
            "인구총점":5.89,
            "일자리":5.5,
            "소득수준":60.1,
            "일자리총점":21.88,
            "가치 총점":33.628,
            "매매실거래년":"18000101",
            "매매실거래가":null,
            "전세실거래년":null,
            "전세실거래가":null,
            "전세가율":null,
            "장기전세가율평균":70.04,
            "전세가율거품지수":null,
            "검색코드":16114,
            "세대수":400,
            "준공년월":"1994-05-06",
            "준공년차":29,
            "가까운역이름":"NA",
            "가까운역거리":"NA",
            "역세권여부":"NA",
            "30분이내주요거점역":"NA",
            "1시간이내주요거점역":"NA",
            "3km이내백화점수":0,
            "5km이내아울렛몰수":0,
            "1km이내대형먀트수":0,
            "500m이내은행수":0,
            "500m이내병원수":0,
            "5km이내대형병원수":4,
            "500m이내공원수":3,
            "3km이내혐오시설수":0,
            "초등학교학업성취도":88.46,
            "중학교학업성취도":74.3,
            "용적률":129,
            "건폐율":13,
            "Y":35.072326,
            "X":129.062764,
            "rank":38.0,
            "area_info":"11평(38.78)",
            "last_sales":"1800-01-01,nan,11평(38.78)"
        },
        {
            "index":37,
            "아파트명":"동삼한진로즈힐",
            "투자타입":"일반",
            "전용면적(m2)":"34.78",
            "전용면적(평)":"10평",
            "법정동주소":"부산시 영도구 동삼동 510-34",
            "도로명주소":"부산시 영도구 와치로 294",
            "세대수":0,
            "입주년차":40,
            "용적률점수":"--",
            "건폐율점수":"--",
            "세대당주차수":0,
            "난방방식":30,
            "공급면적":"--",
            "전용률":"--",
            "욕실수":50,
            "현관타입":50,
            "주거총점":21.0,
            "지역구공급총점":0.0,
            "역세권":"NA",
            "30분내 이동가능 거점":"NA",
            "1시간내 이동가능 거점":"NA",
            "교통총점":"NA",
            "백화점":0,
            "아울렛몰":0,
            "대형마트":0,
            "은행":0,
            "병원":60,
            "종합병원":100,
            "공원":100,
            "혐오시설":0,
            "인프라총점":29.0,
            "초등학군":89.13,
            "중학군":49.1,
            "학군총점":57.106,
            "인구수":11.74,
            "인구증감":-7.76,
            "인구총점":5.89,
            "일자리":5.5,
            "소득수준":60.1,
            "일자리총점":21.88,
            "가치 총점":33.2265,
            "매매실거래년":20211224.0,
            "매매실거래가":21200.0,
            "전세실거래년":20171110.0,
            "전세실거래가":5000.0,
            "전세가율":66.67,
            "장기전세가율평균":70.04,
            "전세가율거품지수":3.37,
            "검색코드":11758,
            "세대수":270,
            "준공년월":"2004-12-27",
            "준공년차":19,
            "가까운역이름":"NA",
            "가까운역거리":"NA",
            "역세권여부":"NA",
            "30분이내주요거점역":"NA",
            "1시간이내주요거점역":"NA",
            "3km이내백화점수":0,
            "5km이내아울렛몰수":0,
            "1km이내대형먀트수":0,
            "500m이내은행수":0,
            "500m이내병원수":14,
            "5km이내대형병원수":2,
            "500m이내공원수":4,
            "3km이내혐오시설수":0,
            "초등학교학업성취도":89.13,
            "중학교학업성취도":80.5,
            "용적률":246,
            "건폐율":17,
            "Y":35.073284,
            "X":129.071647,
            "rank":39.0,
            "area_info":"10평(34.78), 16평(53.01), 24평(80.79)",
            "last_sales":"2021-12-24,21200.0,24평(80.79)"
        },
        {
            "index":35,
            "아파트명":"동삼절영3차",
            "투자타입":"일반",
            "전용면적(m2)":"57.6",
            "전용면적(평)":"17평",
            "법정동주소":"부산시 영도구 동삼동 510-37",
            "도로명주소":"부산시 영도구 와치로 287",
            "세대수":30,
            "입주년차":0,
            "용적률점수":"--",
            "건폐율점수":"--",
            "세대당주차수":0,
            "난방방식":30,
            "공급면적":"--",
            "전용률":"--",
            "욕실수":50,
            "현관타입":10,
            "주거총점":19.5,
            "지역구공급총점":0.0,
            "역세권":"NA",
            "30분내 이동가능 거점":"NA",
            "1시간내 이동가능 거점":"NA",
            "교통총점":"NA",
            "백화점":0,
            "아울렛몰":0,
            "대형마트":0,
            "은행":0,
            "병원":60,
            "종합병원":100,
            "공원":100,
            "혐오시설":0,
            "인프라총점":29.0,
            "초등학군":89.13,
            "중학군":48.64,
            "학군총점":56.738,
            "인구수":11.74,
            "인구증감":-7.76,
            "인구총점":5.89,
            "일자리":5.5,
            "소득수준":60.1,
            "일자리총점":21.88,
            "가치 총점":32.6095,
            "매매실거래년":20211231.0,
            "매매실거래가":12000.0,
            "전세실거래년":20211228.0,
            "전세실거래가":7350.0,
            "전세가율":61.25,
            "장기전세가율평균":70.04,
            "전세가율거품지수":8.79,
            "검색코드":10012,
            "세대수":360,
            "준공년월":"1997-12-27",
            "준공년차":26,
            "가까운역이름":"NA",
            "가까운역거리":"NA",
            "역세권여부":"NA",
            "30분이내주요거점역":"NA",
            "1시간이내주요거점역":"NA",
            "3km이내백화점수":0,
            "5km이내아울렛몰수":0,
            "1km이내대형먀트수":0,
            "500m이내은행수":0,
            "500m이내병원수":17,
            "5km이내대형병원수":2,
            "500m이내공원수":4,
            "3km이내혐오시설수":0,
            "초등학교학업성취도":89.13,
            "중학교학업성취도":80.0,
            "용적률":245,
            "건폐율":16,
            "Y":35.074229,
            "X":129.071857,
            "rank":40.0,
            "area_info":"17평(57.6), 17평(57.38)",
            "last_sales":"2021-12-31,12000.0,17평(57.6)"
        },
        {
            "index":5,
            "아파트명":"경전",
            "투자타입":"일반",
            "전용면적(m2)":"58.11",
            "전용면적(평)":"17평",
            "법정동주소":"부산시 영도구 동삼동 265",
            "도로명주소":"부산시 영도구 동삼동로 10",
            "세대수":0,
            "입주년차":0,
            "용적률점수":"--",
            "건폐율점수":"--",
            "세대당주차수":0,
            "난방방식":30,
            "공급면적":"--",
            "전용률":"--",
            "욕실수":50,
            "현관타입":100,
            "주거총점":18.0,
            "지역구공급총점":0.0,
            "역세권":"NA",
            "30분내 이동가능 거점":"NA",
            "1시간내 이동가능 거점":"NA",
            "교통총점":"NA",
            "백화점":0,
            "아울렛몰":0,
            "대형마트":0,
            "은행":20,
            "병원":60,
            "종합병원":100,
            "공원":80,
            "혐오시설":-50,
            "인프라총점":29.4,
            "초등학군":90.0,
            "중학군":48.1,
            "학군총점":56.48,
            "인구수":11.74,
            "인구증감":-7.76,
            "인구총점":5.89,
            "일자리":5.5,
            "소득수준":60.1,
            "일자리총점":21.88,
            "가치 총점":32.18,
            "매매실거래년":20211102.0,
            "매매실거래가":27000.0,
            "전세실거래년":null,
            "전세실거래가":null,
            "전세가율":null,
            "장기전세가율평균":70.04,
            "전세가율거품지수":null,
            "검색코드":7728,
            "세대수":224,
            "준공년월":"1993-10-14",
            "준공년차":30,
            "가까운역이름":"NA",
            "가까운역거리":"NA",
            "역세권여부":"NA",
            "30분이내주요거점역":"NA",
            "1시간이내주요거점역":"NA",
            "3km이내백화점수":0,
            "5km이내아울렛몰수":0,
            "1km이내대형먀트수":0,
            "500m이내은행수":2,
            "500m이내병원수":12,
            "5km이내대형병원수":4,
            "500m이내공원수":1,
            "3km이내혐오시설수":1,
            "초등학교학업성취도":90.0,
            "중학교학업성취도":78.5,
            "용적률":307,
            "건폐율":24,
            "Y":35.080767,
            "X":129.07146,
            "rank":41.0,
            "area_info":"17평(58.11), 17평(59.17), 19평(65.68), 20평(67.35), 26평(85.99), 27평(91.83), 28평(93.19), 29평(96.45), 29평(97.24), 30평(100.14), 38평(125.76), 41평(138.79)",
            "last_sales":"2021-11-02,27000.0,41평(138.79)"
        },
        {
            "index":138,
            "아파트명":"태림",
            "투자타입":"재건축",
            "전용면적(m2)":"64.54",
            "전용면적(평)":"19평",
            "법정동주소":"부산시 영도구 동삼동 314",
            "도로명주소":"부산시 영도구 웃서발로 92",
            "세대수":0,
            "입주년차":"--",
            "용적률점수":0,
            "건폐율점수":0,
            "세대당주차수":"--",
            "난방방식":"--",
            "공급면적":50,
            "전용률":80,
            "욕실수":"--",
            "현관타입":"--",
            "주거총점":6.5,
            "지역구공급총점":0.0,
            "역세권":"NA",
            "30분내 이동가능 거점":"NA",
            "1시간내 이동가능 거점":"NA",
            "교통총점":"NA",
            "백화점":0,
            "아울렛몰":0,
            "대형마트":0,
            "은행":20,
            "병원":60,
            "종합병원":100,
            "공원":100,
            "혐오시설":0,
            "인프라총점":31.0,
            "초등학군":90.0,
            "중학군":48.1,
            "학군총점":56.48,
            "인구수":11.74,
            "인구증감":-7.76,
            "인구총점":5.89,
            "일자리":5.5,
            "소득수준":60.1,
            "일자리총점":21.88,
            "가치 총점":28.795,
            "매매실거래년":20211017.0,
            "매매실거래가":8700.0,
            "전세실거래년":20210723.0,
            "전세실거래가":5500.0,
            "전세가율":63.22,
            "장기전세가율평균":70.04,
            "전세가율거품지수":6.82,
            "검색코드":24194,
            "세대수":120,
            "준공년월":"1980-05-23",
            "준공년차":43,
            "가까운역이름":"NA",
            "가까운역거리":"NA",
            "역세권여부":"NA",
            "30분이내주요거점역":"NA",
            "1시간이내주요거점역":"NA",
            "3km이내백화점수":0,
            "5km이내아울렛몰수":0,
            "1km이내대형먀트수":0,
            "500m이내은행수":2,
            "500m이내병원수":24,
            "5km이내대형병원수":4,
            "500m이내공원수":2,
            "3km이내혐오시설수":0,
            "초등학교학업성취도":90.0,
            "중학교학업성취도":78.5,
            "용적률":0,
            "건폐율":0,
            "Y":35.078493,
            "X":129.071792,
            "rank":42.0,
            "area_info":"19평(64.54), 21평(72.02), 24평(82.14), 25평(83.66)",
            "last_sales":"2021-10-17,8700.0,19평(64.54)"
        },
        {
            "index":142,
            "아파트명":"태종파크맨션",
            "투자타입":"재건축",
            "전용면적(m2)":"49.4",
            "전용면적(평)":"14평",
            "법정동주소":"부산시 영도구 동삼동 227-233",
            "도로명주소":"부산시 영도구 웃서발로 15",
            "세대수":0,
            "입주년차":"--",
            "용적률점수":0,
            "건폐율점수":0,
            "세대당주차수":"--",
            "난방방식":"--",
            "공급면적":50,
            "전용률":80,
            "욕실수":"--",
            "현관타입":"--",
            "주거총점":6.5,
            "지역구공급총점":0.0,
            "역세권":"NA",
            "30분내 이동가능 거점":"NA",
            "1시간내 이동가능 거점":"NA",
            "교통총점":"NA",
            "백화점":0,
            "아울렛몰":0,
            "대형마트":0,
            "은행":20,
            "병원":60,
            "종합병원":100,
            "공원":100,
            "혐오시설":-50,
            "인프라총점":30.0,
            "초등학군":90.0,
            "중학군":48.64,
            "학군총점":56.912,
            "인구수":11.74,
            "인구증감":-7.76,
            "인구총점":5.89,
            "일자리":5.5,
            "소득수준":60.1,
            "일자리총점":21.88,
            "가치 총점":28.503,
            "매매실거래년":20211022.0,
            "매매실거래가":8000.0,
            "전세실거래년":20130321.0,
            "전세실거래가":4700.0,
            "전세가율":66.2,
            "장기전세가율평균":70.04,
            "전세가율거품지수":3.84,
            "검색코드":7873,
            "세대수":119,
            "준공년월":"1987-01-07",
            "준공년차":36,
            "가까운역이름":"NA",
            "가까운역거리":"NA",
            "역세권여부":"NA",
            "30분이내주요거점역":"NA",
            "1시간이내주요거점역":"NA",
            "3km이내백화점수":0,
            "5km이내아울렛몰수":0,
            "1km이내대형먀트수":0,
            "500m이내은행수":2,
            "500m이내병원수":13,
            "5km이내대형병원수":6,
            "500m이내공원수":3,
            "3km이내혐오시설수":1,
            "초등학교학업성취도":90.0,
            "중학교학업성취도":80.0,
            "용적률":0,
            "건폐율":0,
            "Y":35.081871,
            "X":129.067899,
            "rank":43.0,
            "area_info":"14평(49.4), 17평(58.52), 18평(60.32), 18평(61.33), 18평(62.45), 19평(65.27), 20평(67.07), 20평(68.64), 21평(70.44)",
            "last_sales":"2021-10-22,8000.0,21평(70.44)"
        },
        {
            "index":56,
            "아파트명":"삼창파크타운(363-46)",
            "투자타입":"재건축",
            "전용면적(m2)":"60.51",
            "전용면적(평)":"18평",
            "법정동주소":"부산시 영도구 동삼동 363-46",
            "도로명주소":"부산시 영도구 동삼로29번길 7",
            "세대수":0,
            "입주년차":"--",
            "용적률점수":0,
            "건폐율점수":0,
            "세대당주차수":"--",
            "난방방식":"--",
            "공급면적":50,
            "전용률":80,
            "욕실수":"--",
            "현관타입":"--",
            "주거총점":6.5,
            "지역구공급총점":0.0,
            "역세권":"NA",
            "30분내 이동가능 거점":"NA",
            "1시간내 이동가능 거점":"NA",
            "교통총점":"NA",
            "백화점":0,
            "아울렛몰":0,
            "대형마트":0,
            "은행":0,
            "병원":60,
            "종합병원":100,
            "공원":100,
            "혐오시설":0,
            "인프라총점":29.0,
            "초등학군":89.13,
            "중학군":48.64,
            "학군총점":56.738,
            "인구수":11.74,
            "인구증감":-7.76,
            "인구총점":5.89,
            "일자리":5.5,
            "소득수준":60.1,
            "일자리총점":21.88,
            "가치 총점":28.0595,
            "매매실거래년":20211007.0,
            "매매실거래가":18000.0,
            "전세실거래년":20210329.0,
            "전세실거래가":5000.0,
            "전세가율":42.02,
            "장기전세가율평균":70.04,
            "전세가율거품지수":28.02,
            "검색코드":7855,
            "세대수":184,
            "준공년월":"1989-02-25",
            "준공년차":34,
            "가까운역이름":"NA",
            "가까운역거리":"NA",
            "역세권여부":"NA",
            "30분이내주요거점역":"NA",
            "1시간이내주요거점역":"NA",
            "3km이내백화점수":0,
            "5km이내아울렛몰수":0,
            "1km이내대형먀트수":0,
            "500m이내은행수":1,
            "500m이내병원수":24,
            "5km이내대형병원수":2,
            "500m이내공원수":4,
            "3km이내혐오시설수":0,
            "초등학교학업성취도":89.13,
            "중학교학업성취도":80.0,
            "용적률":0,
            "건폐율":0,
            "Y":35.075874,
            "X":129.071297,
            "rank":44.0,
            "area_info":"18평(60.51), 19평(65.64), 20평(67.86), 22평(74.55), 22평(75.77), 22평(75.47), 23평(76.3), 23평(77.87), 25평(85.39), 26평(86.86), 26평(88.51), 26평(88.35), 26평(88.46), 26평(88.56), 27평(90.45), 28평(93.23), 28평(93.74), 28평(94.65), 29평(95.93), 29평(96.56), 29평(96.42), 30평(99.99), 30평(100.73), 38평(127.12)",
            "last_sales":"2021-10-07,18000.0,30평(99.99)"
        },
        {
            "index":80,
            "아파트명":"삼창파크타운(363-47)",
            "투자타입":"재건축",
            "전용면적(m2)":"61.98",
            "전용면적(평)":"18평",
            "법정동주소":"부산시 영도구 동삼동 363-47",
            "도로명주소":"부산시 영도구 절영로 553",
            "세대수":0,
            "입주년차":"--",
            "용적률점수":0,
            "건폐율점수":0,
            "세대당주차수":"--",
            "난방방식":"--",
            "공급면적":50,
            "전용률":60,
            "욕실수":"--",
            "현관타입":"--",
            "주거총점":5.5,
            "지역구공급총점":0.0,
            "역세권":"NA",
            "30분내 이동가능 거점":"NA",
            "1시간내 이동가능 거점":"NA",
            "교통총점":"NA",
            "백화점":0,
            "아울렛몰":0,
            "대형마트":0,
            "은행":0,
            "병원":60,
            "종합병원":100,
            "공원":100,
            "혐오시설":0,
            "인프라총점":29.0,
            "초등학군":89.13,
            "중학군":48.64,
            "학군총점":56.738,
            "인구수":11.74,
            "인구증감":-7.76,
            "인구총점":5.89,
            "일자리":5.5,
            "소득수준":60.1,
            "일자리총점":21.88,
            "가치 총점":27.7095,
            "매매실거래년":20201217.0,
            "매매실거래가":15500.0,
            "전세실거래년":20211028.0,
            "전세실거래가":7000.0,
            "전세가율":93.33,
            "장기전세가율평균":70.04,
            "전세가율거품지수":-23.29,
            "검색코드":105353,
            "세대수":182,
            "준공년월":"1988-01-08",
            "준공년차":35,
            "가까운역이름":"NA",
            "가까운역거리":"NA",
            "역세권여부":"NA",
            "30분이내주요거점역":"NA",
            "1시간이내주요거점역":"NA",
            "3km이내백화점수":0,
            "5km이내아울렛몰수":0,
            "1km이내대형먀트수":0,
            "500m이내은행수":1,
            "500m이내병원수":23,
            "5km이내대형병원수":2,
            "500m이내공원수":4,
            "3km이내혐오시설수":0,
            "초등학교학업성취도":89.13,
            "중학교학업성취도":80.0,
            "용적률":0,
            "건폐율":0,
            "Y":35.075204,
            "X":129.071639,
            "rank":45.0,
            "area_info":"18평(61.98), 18평(61.51), 19평(63.97), 19평(64.69), 19평(64.86), 20평(66.25), 20평(66.92), 20평(68.3), 21평(69.88), 21평(72.24), 22평(73.81), 22평(75.62), 22평(75.59), 23평(76.14), 24평(82.08), 25평(83.48), 26평(86.55), 26평(87.2), 26평(87.89), 27평(90.16), 29평(95.87), 29평(97.83), 29평(97.64), 29평(97.44), 29평(98.03), 29평(98.82), 30평(99.41)",
            "last_sales":"2020-12-17,15500.0,30평(99.41)"
        },
        {
            "index":116,
            "아파트명":"에덴금호타운",
            "투자타입":"일반",
            "전용면적(m2)":"84.55",
            "전용면적(평)":"25평",
            "법정동주소":"부산시 영도구 동삼동 680-12",
            "도로명주소":"부산시 영도구 태종로 702",
            "세대수":0,
            "입주년차":0,
            "용적률점수":"--",
            "건폐율점수":"--",
            "세대당주차수":0,
            "난방방식":30,
            "공급면적":"--",
            "전용률":"--",
            "욕실수":50,
            "현관타입":10,
            "주거총점":9.0,
            "지역구공급총점":0.0,
            "역세권":"NA",
            "30분내 이동가능 거점":"NA",
            "1시간내 이동가능 거점":"NA",
            "교통총점":"NA",
            "백화점":0,
            "아울렛몰":0,
            "대형마트":0,
            "은행":0,
            "병원":0,
            "종합병원":100,
            "공원":0,
            "혐오시설":0,
            "인프라총점":20.0,
            "초등학군":89.13,
            "중학군":49.1,
            "학군총점":57.106,
            "인구수":11.74,
            "인구증감":-7.76,
            "인구총점":5.89,
            "일자리":5.5,
            "소득수준":60.1,
            "일자리총점":21.88,
            "가치 총점":25.4265,
            "매매실거래년":20211228.0,
            "매매실거래가":15200.0,
            "전세실거래년":20210412.0,
            "전세실거래가":10000.0,
            "전세가율":83.33,
            "장기전세가율평균":70.04,
            "전세가율거품지수":-13.29,
            "검색코드":7869,
            "세대수":285,
            "준공년월":"1995-06-09",
            "준공년차":28,
            "가까운역이름":"NA",
            "가까운역거리":"NA",
            "역세권여부":"NA",
            "30분이내주요거점역":"NA",
            "1시간이내주요거점역":"NA",
            "3km이내백화점수":0,
            "5km이내아울렛몰수":0,
            "1km이내대형먀트수":0,
            "500m이내은행수":0,
            "500m이내병원수":0,
            "5km이내대형병원수":2,
            "500m이내공원수":0,
            "3km이내혐오시설수":0,
            "초등학교학업성취도":89.13,
            "중학교학업성취도":80.5,
            "용적률":374,
            "건폐율":15,
            "Y":35.071053,
            "X":129.076256,
            "rank":46.0,
            "area_info":"25평(84.55), 32평(106.96), 44평(146.56)",
            "last_sales":"2021-12-28,15200.0,32평(106.96)"
        },
        {
            "index":51,
            "아파트명":"삼창그린타운",
            "투자타입":"일반",
            "전용면적(m2)":"83.79",
            "전용면적(평)":"25평",
            "법정동주소":"부산시 영도구 동삼동 679-1",
            "도로명주소":"부산시 영도구 태종로700번길 19",
            "세대수":0,
            "입주년차":0,
            "용적률점수":"--",
            "건폐율점수":"--",
            "세대당주차수":0,
            "난방방식":30,
            "공급면적":"--",
            "전용률":"--",
            "욕실수":50,
            "현관타입":10,
            "주거총점":9.0,
            "지역구공급총점":0.0,
            "역세권":"NA",
            "30분내 이동가능 거점":"NA",
            "1시간내 이동가능 거점":"NA",
            "교통총점":"NA",
            "백화점":0,
            "아울렛몰":0,
            "대형마트":0,
            "은행":0,
            "병원":0,
            "종합병원":100,
            "공원":0,
            "혐오시설":0,
            "인프라총점":20.0,
            "초등학군":89.13,
            "중학군":49.1,
            "학군총점":57.106,
            "인구수":11.74,
            "인구증감":-7.76,
            "인구총점":5.89,
            "일자리":5.5,
            "소득수준":60.1,
            "일자리총점":21.88,
            "가치 총점":25.4265,
            "매매실거래년":20210810.0,
            "매매실거래가":12400.0,
            "전세실거래년":20211016.0,
            "전세실거래가":10000.0,
            "전세가율":80.65,
            "장기전세가율평균":70.04,
            "전세가율거품지수":-10.61,
            "검색코드":10740,
            "세대수":174,
            "준공년월":"1996-12-31",
            "준공년차":27,
            "가까운역이름":"NA",
            "가까운역거리":"NA",
            "역세권여부":"NA",
            "30분이내주요거점역":"NA",
            "1시간이내주요거점역":"NA",
            "3km이내백화점수":0,
            "5km이내아울렛몰수":0,
            "1km이내대형먀트수":0,
            "500m이내은행수":0,
            "500m이내병원수":0,
            "5km이내대형병원수":2,
            "500m이내공원수":0,
            "3km이내혐오시설수":0,
            "초등학교학업성취도":89.13,
            "중학교학업성취도":80.5,
            "용적률":0,
            "건폐율":0,
            "Y":35.071134,
            "X":129.075204,
            "rank":46.0,
            "area_info":"25평(83.79), 25평(84.94), 28평(93.74), 29평(96.96), 31평(103.93)",
            "last_sales":"2021-08-10,12400.0,25평(83.79)"
        },
        {
            "index":21,
            "아파트명":"도시",
            "투자타입":"재건축",
            "전용면적(m2)":"53.46",
            "전용면적(평)":"16평",
            "법정동주소":"부산시 영도구 동삼동 220-1",
            "도로명주소":"부산시 영도구 동삼서로 61",
            "세대수":0,
            "입주년차":"--",
            "용적률점수":0,
            "건폐율점수":0,
            "세대당주차수":"--",
            "난방방식":"--",
            "공급면적":50,
            "전용률":80,
            "욕실수":"--",
            "현관타입":"--",
            "주거총점":6.5,
            "지역구공급총점":0.0,
            "역세권":"NA",
            "30분내 이동가능 거점":"NA",
            "1시간내 이동가능 거점":"NA",
            "교통총점":"NA",
            "백화점":0,
            "아울렛몰":0,
            "대형마트":0,
            "은행":0,
            "병원":10,
            "종합병원":100,
            "공원":100,
            "혐오시설":-50,
            "인프라총점":23.0,
            "초등학군":85.31,
            "중학군":48.1,
            "학군총점":55.542,
            "인구수":11.74,
            "인구증감":-7.76,
            "인구총점":5.89,
            "일자리":5.5,
            "소득수준":60.1,
            "일자리총점":21.88,
            "가치 총점":25.3605,
            "매매실거래년":20211110.0,
            "매매실거래가":15000.0,
            "전세실거래년":20211214.0,
            "전세실거래가":6500.0,
            "전세가율":106.56,
            "장기전세가율평균":70.04,
            "전세가율거품지수":-36.52,
            "검색코드":7790,
            "세대수":144,
            "준공년월":"1989-12-04",
            "준공년차":34,
            "가까운역이름":"NA",
            "가까운역거리":"NA",
            "역세권여부":"NA",
            "30분이내주요거점역":"NA",
            "1시간이내주요거점역":"NA",
            "3km이내백화점수":0,
            "5km이내아울렛몰수":0,
            "1km이내대형먀트수":0,
            "500m이내은행수":1,
            "500m이내병원수":3,
            "5km이내대형병원수":4,
            "500m이내공원수":4,
            "3km이내혐오시설수":1,
            "초등학교학업성취도":85.31,
            "중학교학업성취도":78.5,
            "용적률":0,
            "건폐율":0,
            "Y":35.084203,
            "X":129.070331,
            "rank":47.0,
            "area_info":"16평(53.46), 22평(74.86), 23평(78.55), 25평(84.61), 28평(94.41), 30평(102.14), 40평(135.48)",
            "last_sales":"2021-11-10,15000.0,30평(102.14)"
        }
    ]
}