{
    "schema":{
        "fields":[
            {
                "name":"index",
                "type":"integer"
            },
            {
                "name":"아파트명",
                "type":"string"
            },
            {
                "name":"투자타입",
                "type":"string"
            },
            {
                "name":"전용면적(m2)",
                "type":"string"
            },
            {
                "name":"전용면적(평)",
                "type":"string"
            },
            {
                "name":"법정동주소",
                "type":"string"
            },
            {
                "name":"도로명주소",
                "type":"string"
            },
            {
                "name":"세대수",
                "type":"integer"
            },
            {
                "name":"입주년차",
                "type":"string"
            },
            {
                "name":"용적률점수",
                "type":"string"
            },
            {
                "name":"건폐율점수",
                "type":"string"
            },
            {
                "name":"세대당주차수",
                "type":"string"
            },
            {
                "name":"난방방식",
                "type":"string"
            },
            {
                "name":"공급면적",
                "type":"string"
            },
            {
                "name":"전용률",
                "type":"string"
            },
            {
                "name":"욕실수",
                "type":"string"
            },
            {
                "name":"현관타입",
                "type":"string"
            },
            {
                "name":"주거총점",
                "type":"number"
            },
            {
                "name":"지역구공급총점",
                "type":"number"
            },
            {
                "name":"역세권",
                "type":"string"
            },
            {
                "name":"30분내 이동가능 거점",
                "type":"string"
            },
            {
                "name":"1시간내 이동가능 거점",
                "type":"string"
            },
            {
                "name":"교통총점",
                "type":"string"
            },
            {
                "name":"백화점",
                "type":"integer"
            },
            {
                "name":"아울렛몰",
                "type":"integer"
            },
            {
                "name":"대형마트",
                "type":"integer"
            },
            {
                "name":"은행",
                "type":"integer"
            },
            {
                "name":"병원",
                "type":"integer"
            },
            {
                "name":"종합병원",
                "type":"integer"
            },
            {
                "name":"공원",
                "type":"integer"
            },
            {
                "name":"혐오시설",
                "type":"integer"
            },
            {
                "name":"인프라총점",
                "type":"number"
            },
            {
                "name":"초등학군",
                "type":"number"
            },
            {
                "name":"중학군",
                "type":"number"
            },
            {
                "name":"학군총점",
                "type":"number"
            },
            {
                "name":"인구수",
                "type":"number"
            },
            {
                "name":"인구증감",
                "type":"number"
            },
            {
                "name":"인구총점",
                "type":"number"
            },
            {
                "name":"일자리",
                "type":"number"
            },
            {
                "name":"소득수준",
                "type":"number"
            },
            {
                "name":"일자리총점",
                "type":"number"
            },
            {
                "name":"가치 총점",
                "type":"number"
            },
            {
                "name":"매매실거래년",
                "type":"string"
            },
            {
                "name":"매매실거래가",
                "type":"number"
            },
            {
                "name":"전세실거래년",
                "type":"number"
            },
            {
                "name":"전세실거래가",
                "type":"number"
            },
            {
                "name":"전세가율",
                "type":"number"
            },
            {
                "name":"장기전세가율평균",
                "type":"number"
            },
            {
                "name":"전세가율거품지수",
                "type":"number"
            },
            {
                "name":"검색코드",
                "type":"integer"
            },
            {
                "name":"세대수",
                "type":"integer"
            },
            {
                "name":"준공년월",
                "type":"string"
            },
            {
                "name":"준공년차",
                "type":"integer"
            },
            {
                "name":"가까운역이름",
                "type":"string"
            },
            {
                "name":"가까운역거리",
                "type":"string"
            },
            {
                "name":"역세권여부",
                "type":"string"
            },
            {
                "name":"30분이내주요거점역",
                "type":"string"
            },
            {
                "name":"1시간이내주요거점역",
                "type":"string"
            },
            {
                "name":"3km이내백화점수",
                "type":"integer"
            },
            {
                "name":"5km이내아울렛몰수",
                "type":"integer"
            },
            {
                "name":"1km이내대형먀트수",
                "type":"integer"
            },
            {
                "name":"500m이내은행수",
                "type":"integer"
            },
            {
                "name":"500m이내병원수",
                "type":"integer"
            },
            {
                "name":"5km이내대형병원수",
                "type":"integer"
            },
            {
                "name":"500m이내공원수",
                "type":"integer"
            },
            {
                "name":"3km이내혐오시설수",
                "type":"integer"
            },
            {
                "name":"초등학교학업성취도",
                "type":"number"
            },
            {
                "name":"중학교학업성취도",
                "type":"number"
            },
            {
                "name":"용적률",
                "type":"integer"
            },
            {
                "name":"건폐율",
                "type":"integer"
            },
            {
                "name":"Y",
                "type":"number"
            },
            {
                "name":"X",
                "type":"number"
            },
            {
                "name":"rank",
                "type":"number"
            },
            {
                "name":"area_info",
                "type":"string"
            },
            {
                "name":"last_sales",
                "type":"string"
            }
        ],
        "primaryKey":[
            "index"
        ],
        "pandas_version":"1.4.0"
    },
    "data":[
        {
            "index":701,
            "아파트명":"장림현대(372-4)",
            "투자타입":"재건축",
            "전용면적(m2)":"72.68",
            "전용면적(평)":"21평",
            "법정동주소":"부산시 사하구 장림동 372-4",
            "도로명주소":"부산시 사하구 다대로 301",
            "세대수":80,
            "입주년차":"--",
            "용적률점수":100,
            "건폐율점수":60,
            "세대당주차수":"--",
            "난방방식":"--",
            "공급면적":50,
            "전용률":80,
            "욕실수":"--",
            "현관타입":"--",
            "주거총점":82.5,
            "지역구공급총점":0.0,
            "역세권":"NA",
            "30분내 이동가능 거점":"NA",
            "1시간내 이동가능 거점":"NA",
            "교통총점":"NA",
            "백화점":0,
            "아울렛몰":0,
            "대형마트":80,
            "은행":0,
            "병원":60,
            "종합병원":100,
            "공원":0,
            "혐오시설":0,
            "인프라총점":38.0,
            "초등학군":83.85,
            "중학군":46.52,
            "학군총점":53.986,
            "인구수":34.97,
            "인구증감":-16.93,
            "인구총점":19.4,
            "일자리":13.0,
            "소득수준":54.78,
            "일자리총점":25.534,
            "가치 총점":57.5715,
            "매매실거래년":20210908.0,
            "매매실거래가":29000.0,
            "전세실거래년":20201106.0,
            "전세실거래가":10000.0,
            "전세가율":47.62,
            "장기전세가율평균":71.65,
            "전세가율거품지수":24.03,
            "검색코드":6934,
            "세대수":828,
            "준공년월":"1989-10-20",
            "준공년차":34,
            "가까운역이름":"NA",
            "가까운역거리":"NA",
            "역세권여부":"NA",
            "30분이내주요거점역":"NA",
            "1시간이내주요거점역":"NA",
            "3km이내백화점수":0,
            "5km이내아울렛몰수":0,
            "1km이내대형먀트수":1,
            "500m이내은행수":1,
            "500m이내병원수":15,
            "5km이내대형병원수":2,
            "500m이내공원수":0,
            "3km이내혐오시설수":0,
            "초등학교학업성취도":83.85,
            "중학교학업성취도":75.4,
            "용적률":136,
            "건폐율":31,
            "Y":35.074497,
            "X":128.978233,
            "rank":1.0,
            "area_info":"21평(72.68), 23평(78.14), 25평(85.03), 28평(92.98), 29평(98.51)",
            "last_sales":"2021-09-08,29000.0,29평(98.51)"
        },
        {
            "index":282,
            "아파트명":"화신",
            "투자타입":"재건축",
            "전용면적(m2)":"60.99",
            "전용면적(평)":"18평",
            "법정동주소":"부산시 사하구 괴정동 1026-32",
            "도로명주소":"부산시 사하구 승학로 249",
            "세대수":0,
            "입주년차":"--",
            "용적률점수":100,
            "건폐율점수":100,
            "세대당주차수":"--",
            "난방방식":"--",
            "공급면적":50,
            "전용률":80,
            "욕실수":"--",
            "현관타입":"--",
            "주거총점":66.5,
            "지역구공급총점":0.0,
            "역세권":"NA",
            "30분내 이동가능 거점":"NA",
            "1시간내 이동가능 거점":"NA",
            "교통총점":"NA",
            "백화점":0,
            "아울렛몰":0,
            "대형마트":80,
            "은행":70,
            "병원":100,
            "종합병원":100,
            "공원":0,
            "혐오시설":0,
            "인프라총점":49.0,
            "초등학군":91.23,
            "중학군":49.0,
            "학군총점":57.446,
            "인구수":34.97,
            "인구증감":-16.93,
            "인구총점":19.4,
            "일자리":13.0,
            "소득수준":54.78,
            "일자리총점":25.534,
            "가치 총점":57.2365,
            "매매실거래년":20210607.0,
            "매매실거래가":25000.0,
            "전세실거래년":20210317.0,
            "전세실거래가":6500.0,
            "전세가율":78.31,
            "장기전세가율평균":71.65,
            "전세가율거품지수":-6.66,
            "검색코드":6174,
            "세대수":114,
            "준공년월":"1980-06-05",
            "준공년차":43,
            "가까운역이름":"NA",
            "가까운역거리":"NA",
            "역세권여부":"NA",
            "30분이내주요거점역":"NA",
            "1시간이내주요거점역":"NA",
            "3km이내백화점수":0,
            "5km이내아울렛몰수":0,
            "1km이내대형먀트수":1,
            "500m이내은행수":3,
            "500m이내병원수":61,
            "5km이내대형병원수":7,
            "500m이내공원수":0,
            "3km이내혐오시설수":0,
            "초등학교학업성취도":91.23,
            "중학교학업성취도":78.8,
            "용적률":44,
            "건폐율":8,
            "Y":35.102247,
            "X":128.992045,
            "rank":2.0,
            "area_info":"18평(60.99), 19평(65.12), 21평(72.5), 26평(85.98), 27평(91.77), 28평(93.32), 37평(123.54)",
            "last_sales":"2021-06-07,25000.0,37평(123.54)"
        },
        {
            "index":132,
            "아파트명":"괴정한일하나로타운",
            "투자타입":"재건축",
            "전용면적(m2)":"52.47",
            "전용면적(평)":"15평",
            "법정동주소":"부산시 사하구 괴정동 11-2",
            "도로명주소":"부산시 사하구 오작로 152",
            "세대수":0,
            "입주년차":"--",
            "용적률점수":100,
            "건폐율점수":40,
            "세대당주차수":"--",
            "난방방식":"--",
            "공급면적":50,
            "전용률":80,
            "욕실수":"--",
            "현관타입":"--",
            "주거총점":54.5,
            "지역구공급총점":0.0,
            "역세권":"NA",
            "30분내 이동가능 거점":"NA",
            "1시간내 이동가능 거점":"NA",
            "교통총점":"NA",
            "백화점":100,
            "아울렛몰":0,
            "대형마트":0,
            "은행":0,
            "병원":0,
            "종합병원":100,
            "공원":80,
            "혐오시설":0,
            "인프라총점":52.4,
            "초등학군":88.21,
            "중학군":57.06,
            "학군총점":63.29,
            "인구수":34.97,
            "인구증감":-16.93,
            "인구총점":19.4,
            "일자리":13.0,
            "소득수준":54.78,
            "일자리총점":25.534,
            "가치 총점":55.8575,
            "매매실거래년":20210729.0,
            "매매실거래가":10500.0,
            "전세실거래년":20210507.0,
            "전세실거래가":5000.0,
            "전세가율":64.1,
            "장기전세가율평균":71.65,
            "전세가율거품지수":7.55,
            "검색코드":6377,
            "세대수":249,
            "준공년월":"1989-05-26",
            "준공년차":34,
            "가까운역이름":"NA",
            "가까운역거리":"NA",
            "역세권여부":"NA",
            "30분이내주요거점역":"NA",
            "1시간이내주요거점역":"NA",
            "3km이내백화점수":1,
            "5km이내아울렛몰수":0,
            "1km이내대형먀트수":0,
            "500m이내은행수":0,
            "500m이내병원수":1,
            "5km이내대형병원수":9,
            "500m이내공원수":1,
            "3km이내혐오시설수":0,
            "초등학교학업성취도":88.21,
            "중학교학업성취도":90.1,
            "용적률":149,
            "건폐율":39,
            "Y":35.103649,
            "X":129.006815,
            "rank":3.0,
            "area_info":"15평(52.47), 18평(59.87), 18평(61.2), 18평(62.23), 22평(73.97), 24평(82.53), 25평(85.18), 26평(88.55), 29평(97.08)",
            "last_sales":"2021-07-29,10500.0,22평(73.97)"
        },
        {
            "index":263,
            "아파트명":"한우",
            "투자타입":"재건축",
            "전용면적(m2)":"84.96",
            "전용면적(평)":"25평",
            "법정동주소":"부산시 사하구 괴정동 922",
            "도로명주소":"부산시 사하구 낙동대로234번길 21",
            "세대수":0,
            "입주년차":"--",
            "용적률점수":100,
            "건폐율점수":80,
            "세대당주차수":"--",
            "난방방식":"--",
            "공급면적":70,
            "전용률":60,
            "욕실수":"--",
            "현관타입":"--",
            "주거총점":62.5,
            "지역구공급총점":0.0,
            "역세권":"NA",
            "30분내 이동가능 거점":"NA",
            "1시간내 이동가능 거점":"NA",
            "교통총점":"NA",
            "백화점":0,
            "아울렛몰":0,
            "대형마트":80,
            "은행":70,
            "병원":100,
            "종합병원":100,
            "공원":0,
            "혐오시설":0,
            "인프라총점":49.0,
            "초등학군":91.23,
            "중학군":49.0,
            "학군총점":57.446,
            "인구수":34.97,
            "인구증감":-16.93,
            "인구총점":19.4,
            "일자리":13.0,
            "소득수준":54.78,
            "일자리총점":25.534,
            "가치 총점":55.8365,
            "매매실거래년":20210416.0,
            "매매실거래가":29000.0,
            "전세실거래년":20210513.0,
            "전세실거래가":12000.0,
            "전세가율":44.78,
            "장기전세가율평균":71.65,
            "전세가율거품지수":26.87,
            "검색코드":6268,
            "세대수":109,
            "준공년월":"1980-02-12",
            "준공년차":43,
            "가까운역이름":"NA",
            "가까운역거리":"NA",
            "역세권여부":"NA",
            "30분이내주요거점역":"NA",
            "1시간이내주요거점역":"NA",
            "3km이내백화점수":0,
            "5km이내아울렛몰수":0,
            "1km이내대형먀트수":1,
            "500m이내은행수":3,
            "500m이내병원수":62,
            "5km이내대형병원수":7,
            "500m이내공원수":0,
            "3km이내혐오시설수":0,
            "초등학교학업성취도":91.23,
            "중학교학업성취도":78.8,
            "용적률":143,
            "건폐율":29,
            "Y":35.100927,
            "X":128.990406,
            "rank":4.0,
            "area_info":"25평(84.96), 26평(87.37), 26평(88.26), 30평(100.95)",
            "last_sales":"2021-04-16,29000.0,30평(100.95)"
        },
        {
            "index":306,
            "아파트명":"e편한세상사하2차",
            "투자타입":"일반",
            "전용면적(m2)":"85.18",
            "전용면적(평)":"25평",
            "법정동주소":"부산시 사하구 구평동 518",
            "도로명주소":"부산시 사하구 서포로30번길 12",
            "세대수":90,
            "입주년차":80,
            "용적률점수":"--",
            "건폐율점수":"--",
            "세대당주차수":30,
            "난방방식":30,
            "공급면적":"--",
            "전용률":"--",
            "욕실수":100,
            "현관타입":100,
            "주거총점":75.0,
            "지역구공급총점":0.0,
            "역세권":"NA",
            "30분내 이동가능 거점":"NA",
            "1시간내 이동가능 거점":"NA",
            "교통총점":"NA",
            "백화점":0,
            "아울렛몰":0,
            "대형마트":80,
            "은행":0,
            "병원":10,
            "종합병원":100,
            "공원":100,
            "혐오시설":0,
            "인프라총점":36.0,
            "초등학군":88.58,
            "중학군":49.64,
            "학군총점":57.428,
            "인구수":34.97,
            "인구증감":-16.93,
            "인구총점":19.4,
            "일자리":13.0,
            "소득수준":54.78,
            "일자리총점":25.534,
            "가치 총점":55.007,
            "매매실거래년":20211218.0,
            "매매실거래가":43400.0,
            "전세실거래년":20220106.0,
            "전세실거래가":16800.0,
            "전세가율":50.91,
            "장기전세가율평균":71.65,
            "전세가율거품지수":20.74,
            "검색코드":110831,
            "세대수":946,
            "준공년월":"2017-10-31",
            "준공년차":6,
            "가까운역이름":"NA",
            "가까운역거리":"NA",
            "역세권여부":"NA",
            "30분이내주요거점역":"NA",
            "1시간이내주요거점역":"NA",
            "3km이내백화점수":0,
            "5km이내아울렛몰수":0,
            "1km이내대형먀트수":1,
            "500m이내은행수":0,
            "500m이내병원수":2,
            "5km이내대형병원수":3,
            "500m이내공원수":2,
            "3km이내혐오시설수":0,
            "초등학교학업성취도":88.58,
            "중학교학업성취도":80.6,
            "용적률":250,
            "건폐율":17,
            "Y":35.081545,
            "X":128.98503,
            "rank":5.0,
            "area_info":"25평(85.18), 25평(85.46), 25평(85.6), 30평(100.52), 30평(100.62), 33평(111.72), 33평(112.0), 34평(114.2)",
            "last_sales":"2021-12-18,43400.0,33평(112.0)"
        },
        {
            "index":296,
            "아파트명":"e편한세상사하",
            "투자타입":"일반",
            "전용면적(m2)":"85.13",
            "전용면적(평)":"25평",
            "법정동주소":"부산시 사하구 구평동 517",
            "도로명주소":"부산시 사하구 서포로30번길 26",
            "세대수":90,
            "입주년차":80,
            "용적률점수":"--",
            "건폐율점수":"--",
            "세대당주차수":30,
            "난방방식":30,
            "공급면적":"--",
            "전용률":"--",
            "욕실수":100,
            "현관타입":100,
            "주거총점":75.0,
            "지역구공급총점":0.0,
            "역세권":"NA",
            "30분내 이동가능 거점":"NA",
            "1시간내 이동가능 거점":"NA",
            "교통총점":"NA",
            "백화점":0,
            "아울렛몰":0,
            "대형마트":80,
            "은행":0,
            "병원":10,
            "종합병원":100,
            "공원":100,
            "혐오시설":0,
            "인프라총점":36.0,
            "초등학군":88.58,
            "중학군":49.64,
            "학군총점":57.428,
            "인구수":34.97,
            "인구증감":-16.93,
            "인구총점":19.4,
            "일자리":13.0,
            "소득수준":54.78,
            "일자리총점":25.534,
            "가치 총점":55.007,
            "매매실거래년":20211217.0,
            "매매실거래가":33300.0,
            "전세실거래년":20220107.0,
            "전세실거래가":20000.0,
            "전세가율":72.73,
            "장기전세가율평균":71.65,
            "전세가율거품지수":-1.08,
            "검색코드":109098,
            "세대수":1068,
            "준공년월":"2016-09-09",
            "준공년차":7,
            "가까운역이름":"NA",
            "가까운역거리":"NA",
            "역세권여부":"NA",
            "30분이내주요거점역":"NA",
            "1시간이내주요거점역":"NA",
            "3km이내백화점수":0,
            "5km이내아울렛몰수":0,
            "1km이내대형먀트수":1,
            "500m이내은행수":0,
            "500m이내병원수":2,
            "5km이내대형병원수":3,
            "500m이내공원수":2,
            "3km이내혐오시설수":0,
            "초등학교학업성취도":88.58,
            "중학교학업성취도":80.6,
            "용적률":247,
            "건폐율":15,
            "Y":35.079736,
            "X":128.986793,
            "rank":5.0,
            "area_info":"25평(85.13), 25평(85.55), 29평(98.8), 29평(98.86), 33평(111.76), 33평(111.7), 33평(112.09), 33평(112.19), 34평(113.67), 34평(114.8)",
            "last_sales":"2021-12-17,33300.0,29평(98.8)"
        },
        {
            "index":194,
            "아파트명":"사하역비스타동원",
            "투자타입":"일반",
            "전용면적(m2)":"97.42",
            "전용면적(평)":"29평",
            "법정동주소":"부산시 사하구 괴정동 1284",
            "도로명주소":"부산시 사하구 낙동대로 280",
            "세대수":50,
            "입주년차":100,
            "용적률점수":"--",
            "건폐율점수":"--",
            "세대당주차수":30,
            "난방방식":30,
            "공급면적":"--",
            "전용률":"--",
            "욕실수":100,
            "현관타입":100,
            "주거총점":65.0,
            "지역구공급총점":0.0,
            "역세권":"NA",
            "30분내 이동가능 거점":"NA",
            "1시간내 이동가능 거점":"NA",
            "교통총점":"NA",
            "백화점":0,
            "아울렛몰":0,
            "대형마트":100,
            "은행":0,
            "병원":60,
            "종합병원":100,
            "공원":80,
            "혐오시설":0,
            "인프라총점":43.4,
            "초등학군":91.23,
            "중학군":49.0,
            "학군총점":57.446,
            "인구수":34.97,
            "인구증감":-16.93,
            "인구총점":19.4,
            "일자리":13.0,
            "소득수준":54.78,
            "일자리총점":25.534,
            "가치 총점":54.4715,
            "매매실거래년":20211129.0,
            "매매실거래가":60000.0,
            "전세실거래년":20210525.0,
            "전세실거래가":30000.0,
            "전세가율":50.0,
            "장기전세가율평균":71.65,
            "전세가율거품지수":21.65,
            "검색코드":121533,
            "세대수":513,
            "준공년월":"2021-01-01",
            "준공년차":2,
            "가까운역이름":"NA",
            "가까운역거리":"NA",
            "역세권여부":"NA",
            "30분이내주요거점역":"NA",
            "1시간이내주요거점역":"NA",
            "3km이내백화점수":0,
            "5km이내아울렛몰수":0,
            "1km이내대형먀트수":2,
            "500m이내은행수":0,
            "500m이내병원수":12,
            "5km이내대형병원수":5,
            "500m이내공원수":1,
            "3km이내혐오시설수":0,
            "초등학교학업성취도":91.23,
            "중학교학업성취도":78.8,
            "용적률":0,
            "건폐율":0,
            "Y":35.100338,
            "X":128.984518,
            "rank":6.0,
            "area_info":"29평(97.42), 29평(97.44), 33평(109.97), 32평(109.05), 33평(110.96)",
            "last_sales":"2021-11-29,60000.0,29평(97.42)"
        },
        {
            "index":530,
            "아파트명":"사하뷰웰",
            "투자타입":"일반",
            "전용면적(m2)":"97.87",
            "전용면적(평)":"29평",
            "법정동주소":"부산시 사하구 신평동 669",
            "도로명주소":"부산시 사하구 신산북로43번길 59",
            "세대수":90,
            "입주년차":80,
            "용적률점수":"--",
            "건폐율점수":"--",
            "세대당주차수":30,
            "난방방식":30,
            "공급면적":"--",
            "전용률":"--",
            "욕실수":100,
            "현관타입":100,
            "주거총점":75.0,
            "지역구공급총점":0.0,
            "역세권":"NA",
            "30분내 이동가능 거점":"NA",
            "1시간내 이동가능 거점":"NA",
            "교통총점":"NA",
            "백화점":0,
            "아울렛몰":0,
            "대형마트":80,
            "은행":0,
            "병원":10,
            "종합병원":100,
            "공원":0,
            "혐오시설":0,
            "인프라총점":33.0,
            "초등학군":84.27,
            "중학군":49.42,
            "학군총점":56.39,
            "인구수":34.97,
            "인구증감":-16.93,
            "인구총점":19.4,
            "일자리":13.0,
            "소득수준":54.78,
            "일자리총점":25.534,
            "가치 총점":53.5475,
            "매매실거래년":20220105.0,
            "매매실거래가":30500.0,
            "전세실거래년":20211101.0,
            "전세실거래가":17850.0,
            "전세가율":58.52,
            "장기전세가율평균":71.65,
            "전세가율거품지수":13.13,
            "검색코드":108829,
            "세대수":900,
            "준공년월":"2016-12-02",
            "준공년차":7,
            "가까운역이름":"NA",
            "가까운역거리":"NA",
            "역세권여부":"NA",
            "30분이내주요거점역":"NA",
            "1시간이내주요거점역":"NA",
            "3km이내백화점수":0,
            "5km이내아울렛몰수":0,
            "1km이내대형먀트수":1,
            "500m이내은행수":1,
            "500m이내병원수":4,
            "5km이내대형병원수":4,
            "500m이내공원수":0,
            "3km이내혐오시설수":0,
            "초등학교학업성취도":84.27,
            "중학교학업성취도":80.1,
            "용적률":151,
            "건폐율":12,
            "Y":35.095264,
            "X":128.971895,
            "rank":7.0,
            "area_info":"29평(97.87), 29평(97.89), 29평(97.87), 33평(110.64), 33평(110.85), 33평(110.85), 33평(110.53), 33평(110.68), 33평(110.64), 33평(110.68)",
            "last_sales":"2022-01-05,30500.0,29평(97.87)"
        },
        {
            "index":566,
            "아파트명":"신평삼익",
            "투자타입":"재건축",
            "전용면적(m2)":"55.2",
            "전용면적(평)":"16평",
            "법정동주소":"부산시 사하구 신평동 7",
            "도로명주소":"부산시 사하구 장평로 311",
            "세대수":30,
            "입주년차":"--",
            "용적률점수":100,
            "건폐율점수":40,
            "세대당주차수":"--",
            "난방방식":"--",
            "공급면적":50,
            "전용률":80,
            "욕실수":"--",
            "현관타입":"--",
            "주거총점":63.5,
            "지역구공급총점":0.0,
            "역세권":"NA",
            "30분내 이동가능 거점":"NA",
            "1시간내 이동가능 거점":"NA",
            "교통총점":"NA",
            "백화점":0,
            "아울렛몰":0,
            "대형마트":80,
            "은행":70,
            "병원":30,
            "종합병원":100,
            "공원":0,
            "혐오시설":0,
            "인프라총점":42.0,
            "초등학군":84.27,
            "중학군":49.42,
            "학군총점":56.39,
            "인구수":34.97,
            "인구증감":-16.93,
            "인구총점":19.4,
            "일자리":13.0,
            "소득수준":54.78,
            "일자리총점":25.534,
            "가치 총점":53.1225,
            "매매실거래년":20211006.0,
            "매매실거래가":13000.0,
            "전세실거래년":null,
            "전세실거래가":null,
            "전세가율":null,
            "장기전세가율평균":71.65,
            "전세가율거품지수":null,
            "검색코드":6733,
            "세대수":312,
            "준공년월":"1989-05-30",
            "준공년차":34,
            "가까운역이름":"NA",
            "가까운역거리":"NA",
            "역세권여부":"NA",
            "30분이내주요거점역":"NA",
            "1시간이내주요거점역":"NA",
            "3km이내백화점수":0,
            "5km이내아울렛몰수":0,
            "1km이내대형먀트수":1,
            "500m이내은행수":3,
            "500m이내병원수":6,
            "5km이내대형병원수":4,
            "500m이내공원수":0,
            "3km이내혐오시설수":0,
            "초등학교학업성취도":84.27,
            "중학교학업성취도":80.1,
            "용적률":143,
            "건폐율":38,
            "Y":35.09451,
            "X":128.9747,
            "rank":8.0,
            "area_info":"16평(55.2), 17평(56.23), 19평(64.95), 20평(68.78), 21평(71.16), 22평(73.48), 25평(82.87), 25평(85.76), 26평(88.34), 26평(89.17), 29평(98.92)",
            "last_sales":"2021-10-06,13000.0,29평(98.92)"
        },
        {
            "index":473,
            "아파트명":"당리푸르지오",
            "투자타입":"일반",
            "전용면적(m2)":"83.66",
            "전용면적(평)":"25평",
            "법정동주소":"부산시 사하구 당리동 572",
            "도로명주소":"부산시 사하구 승학로71번길 30",
            "세대수":50,
            "입주년차":60,
            "용적률점수":"--",
            "건폐율점수":"--",
            "세대당주차수":60,
            "난방방식":30,
            "공급면적":"--",
            "전용률":"--",
            "욕실수":100,
            "현관타입":100,
            "주거총점":61.5,
            "지역구공급총점":0.0,
            "역세권":"NA",
            "30분내 이동가능 거점":"NA",
            "1시간내 이동가능 거점":"NA",
            "교통총점":"NA",
            "백화점":0,
            "아울렛몰":0,
            "대형마트":80,
            "은행":20,
            "병원":60,
            "종합병원":100,
            "공원":100,
            "혐오시설":0,
            "인프라총점":43.0,
            "초등학군":89.48,
            "중학군":49.42,
            "학군총점":57.432,
            "인구수":34.97,
            "인구증감":-16.93,
            "인구총점":19.4,
            "일자리":13.0,
            "소득수준":54.78,
            "일자리총점":25.534,
            "가치 총점":53.083,
            "매매실거래년":20210927.0,
            "매매실거래가":63900.0,
            "전세실거래년":20210516.0,
            "전세실거래가":11000.0,
            "전세가율":24.72,
            "장기전세가율평균":71.65,
            "전세가율거품지수":46.93,
            "검색코드":102370,
            "세대수":542,
            "준공년월":"2013-07-24",
            "준공년차":10,
            "가까운역이름":"NA",
            "가까운역거리":"NA",
            "역세권여부":"NA",
            "30분이내주요거점역":"NA",
            "1시간이내주요거점역":"NA",
            "3km이내백화점수":0,
            "5km이내아울렛몰수":0,
            "1km이내대형먀트수":1,
            "500m이내은행수":2,
            "500m이내병원수":21,
            "5km이내대형병원수":4,
            "500m이내공원수":3,
            "3km이내혐오시설수":0,
            "초등학교학업성취도":89.48,
            "중학교학업성취도":80.1,
            "용적률":234,
            "건폐율":15,
            "Y":35.104803,
            "X":128.977016,
            "rank":9.0,
            "area_info":"25평(83.66), 32평(107.46), 33평(109.22), 34평(112.66), 39평(131.23), 46평(152.15), 52평(171.92)",
            "last_sales":"2021-09-27,63900.0,39평(131.23)"
        },
        {
            "index":459,
            "아파트명":"당리에덴동산타운",
            "투자타입":"재건축",
            "전용면적(m2)":"59.94",
            "전용면적(평)":"18평",
            "법정동주소":"부산시 사하구 당리동 353-22",
            "도로명주소":"부산시 사하구 승학로131번길 39",
            "세대수":0,
            "입주년차":"--",
            "용적률점수":100,
            "건폐율점수":80,
            "세대당주차수":"--",
            "난방방식":"--",
            "공급면적":50,
            "전용률":80,
            "욕실수":"--",
            "현관타입":"--",
            "주거총점":62.5,
            "지역구공급총점":0.0,
            "역세권":"NA",
            "30분내 이동가능 거점":"NA",
            "1시간내 이동가능 거점":"NA",
            "교통총점":"NA",
            "백화점":0,
            "아울렛몰":0,
            "대형마트":80,
            "은행":70,
            "병원":0,
            "종합병원":100,
            "공원":100,
            "혐오시설":0,
            "인프라총점":42.0,
            "초등학군":88.89,
            "중학군":49.0,
            "학군총점":56.978,
            "인구수":34.97,
            "인구증감":-16.93,
            "인구총점":19.4,
            "일자리":13.0,
            "소득수준":54.78,
            "일자리총점":25.534,
            "가치 총점":52.9195,
            "매매실거래년":20210302.0,
            "매매실거래가":16500.0,
            "전세실거래년":null,
            "전세실거래가":null,
            "전세가율":null,
            "장기전세가율평균":71.65,
            "전세가율거품지수":null,
            "검색코드":6584,
            "세대수":245,
            "준공년월":"1989-01-12",
            "준공년차":34,
            "가까운역이름":"NA",
            "가까운역거리":"NA",
            "역세권여부":"NA",
            "30분이내주요거점역":"NA",
            "1시간이내주요거점역":"NA",
            "3km이내백화점수":0,
            "5km이내아울렛몰수":0,
            "1km이내대형먀트수":1,
            "500m이내은행수":3,
            "500m이내병원수":1,
            "5km이내대형병원수":5,
            "500m이내공원수":2,
            "3km이내혐오시설수":0,
            "초등학교학업성취도":88.89,
            "중학교학업성취도":78.8,
            "용적률":141,
            "건폐율":27,
            "Y":35.105021,
            "X":128.982415,
            "rank":10.0,
            "area_info":"18평(59.94), 18평(60.43), 19평(62.91), 19평(63.27), 19평(65.68), 20평(67.57), 21평(70.84), 22평(74.8), 23평(76.98), 24평(79.75), 25평(85.39), 27평(90.52), 28평(93.69), 30평(99.73)",
            "last_sales":"2021-03-02,16500.0,30평(99.73)"
        },
        {
            "index":389,
            "아파트명":"다대해송",
            "투자타입":"재건축",
            "전용면적(m2)":"71.74",
            "전용면적(평)":"21평",
            "법정동주소":"부산시 사하구 다대동 113-11",
            "도로명주소":"부산시 사하구 다대로 470",
            "세대수":80,
            "입주년차":"--",
            "용적률점수":80,
            "건폐율점수":100,
            "세대당주차수":"--",
            "난방방식":"--",
            "공급면적":50,
            "전용률":60,
            "욕실수":"--",
            "현관타입":"--",
            "주거총점":81.5,
            "지역구공급총점":0.0,
            "역세권":"NA",
            "30분내 이동가능 거점":"NA",
            "1시간내 이동가능 거점":"NA",
            "교통총점":"NA",
            "백화점":0,
            "아울렛몰":0,
            "대형마트":0,
            "은행":20,
            "병원":60,
            "종합병원":80,
            "공원":100,
            "혐오시설":0,
            "인프라총점":27.0,
            "초등학군":86.33,
            "중학군":46.02,
            "학군총점":54.082,
            "인구수":34.97,
            "인구증감":-16.93,
            "인구총점":19.4,
            "일자리":13.0,
            "소득수준":54.78,
            "일자리총점":25.534,
            "가치 총점":52.8455,
            "매매실거래년":20211025.0,
            "매매실거래가":20100.0,
            "전세실거래년":20211216.0,
            "전세실거래가":12000.0,
            "전세가율":59.7,
            "장기전세가율평균":71.65,
            "전세가율거품지수":11.95,
            "검색코드":6486,
            "세대수":714,
            "준공년월":"1991-12-06",
            "준공년차":32,
            "가까운역이름":"NA",
            "가까운역거리":"NA",
            "역세권여부":"NA",
            "30분이내주요거점역":"NA",
            "1시간이내주요거점역":"NA",
            "3km이내백화점수":0,
            "5km이내아울렛몰수":0,
            "1km이내대형먀트수":0,
            "500m이내은행수":2,
            "500m이내병원수":17,
            "5km이내대형병원수":1,
            "500m이내공원수":4,
            "3km이내혐오시설수":0,
            "초등학교학업성취도":86.33,
            "중학교학업성취도":75.5,
            "용적률":172,
            "건폐율":14,
            "Y":35.062486,
            "X":128.976588,
            "rank":11.0,
            "area_info":"21평(71.74)",
            "last_sales":"2021-10-25,20100.0,21평(71.74)"
        },
        {
            "index":358,
            "아파트명":"다대롯데캐슬블루",
            "투자타입":"일반",
            "전용면적(m2)":"109.77",
            "전용면적(평)":"33평",
            "법정동주소":"부산시 사하구 다대동 1670",
            "도로명주소":"부산시 사하구 다송로 23",
            "세대수":90,
            "입주년차":80,
            "용적률점수":"--",
            "건폐율점수":"--",
            "세대당주차수":60,
            "난방방식":30,
            "공급면적":"--",
            "전용률":"--",
            "욕실수":100,
            "현관타입":100,
            "주거총점":79.5,
            "지역구공급총점":0.0,
            "역세권":"NA",
            "30분내 이동가능 거점":"NA",
            "1시간내 이동가능 거점":"NA",
            "교통총점":"NA",
            "백화점":0,
            "아울렛몰":0,
            "대형마트":0,
            "은행":0,
            "병원":60,
            "종합병원":80,
            "공원":100,
            "혐오시설":0,
            "인프라총점":25.0,
            "초등학군":89.02,
            "중학군":49.88,
            "학군총점":57.708,
            "인구수":34.97,
            "인구증감":-16.93,
            "인구총점":19.4,
            "일자리":13.0,
            "소득수준":54.78,
            "일자리총점":25.534,
            "가치 총점":52.252,
            "매매실거래년":20211025.0,
            "매매실거래가":52000.0,
            "전세실거래년":20211112.0,
            "전세실거래가":25000.0,
            "전세가율":55.93,
            "장기전세가율평균":71.65,
            "전세가율거품지수":15.72,
            "검색코드":103687,
            "세대수":1326,
            "준공년월":"2014-12-24",
            "준공년차":9,
            "가까운역이름":"NA",
            "가까운역거리":"NA",
            "역세권여부":"NA",
            "30분이내주요거점역":"NA",
            "1시간이내주요거점역":"NA",
            "3km이내백화점수":0,
            "5km이내아울렛몰수":0,
            "1km이내대형먀트수":0,
            "500m이내은행수":1,
            "500m이내병원수":16,
            "5km이내대형병원수":1,
            "500m이내공원수":8,
            "3km이내혐오시설수":0,
            "초등학교학업성취도":89.02,
            "중학교학업성취도":80.6,
            "용적률":269,
            "건폐율":14,
            "Y":35.065412,
            "X":128.982554,
            "rank":12.0,
            "area_info":"33평(109.77), 33평(110.8), 33평(111.31), 39평(131.39), 39평(132.13), 46평(153.01), 46평(154.33)",
            "last_sales":"2021-10-25,52000.0,33평(111.31)"
        },
        {
            "index":684,
            "아파트명":"장림역베스티움2차",
            "투자타입":"일반",
            "전용면적(m2)":"72.68",
            "전용면적(평)":"21평",
            "법정동주소":"부산시 사하구 장림동 1153",
            "도로명주소":"부산시 사하구 장림번영로 76",
            "세대수":0,
            "입주년차":100,
            "용적률점수":"--",
            "건폐율점수":"--",
            "세대당주차수":60,
            "난방방식":30,
            "공급면적":"--",
            "전용률":"--",
            "욕실수":100,
            "현관타입":100,
            "주거총점":52.0,
            "지역구공급총점":0.0,
            "역세권":"NA",
            "30분내 이동가능 거점":"NA",
            "1시간내 이동가능 거점":"NA",
            "교통총점":"NA",
            "백화점":0,
            "아울렛몰":0,
            "대형마트":100,
            "은행":70,
            "병원":60,
            "종합병원":100,
            "공원":0,
            "혐오시설":0,
            "인프라총점":48.0,
            "초등학군":88.22,
            "중학군":49.64,
            "학군총점":57.356,
            "인구수":34.97,
            "인구증감":-16.93,
            "인구총점":19.4,
            "일자리":13.0,
            "소득수준":54.78,
            "일자리총점":25.534,
            "가치 총점":51.739,
            "매매실거래년":20210309.0,
            "매매실거래가":32500.0,
            "전세실거래년":20210827.0,
            "전세실거래가":18000.0,
            "전세가율":82.95,
            "장기전세가율평균":71.65,
            "전세가율거품지수":-11.3,
            "검색코드":118911,
            "세대수":221,
            "준공년월":"2020-06-04",
            "준공년차":3,
            "가까운역이름":"NA",
            "가까운역거리":"NA",
            "역세권여부":"NA",
            "30분이내주요거점역":"NA",
            "1시간이내주요거점역":"NA",
            "3km이내백화점수":0,
            "5km이내아울렛몰수":0,
            "1km이내대형먀트수":2,
            "500m이내은행수":3,
            "500m이내병원수":21,
            "5km이내대형병원수":3,
            "500m이내공원수":0,
            "3km이내혐오시설수":0,
            "초등학교학업성취도":88.22,
            "중학교학업성취도":80.6,
            "용적률":426,
            "건폐율":59,
            "Y":35.080257,
            "X":128.973641,
            "rank":13.0,
            "area_info":"21평(72.68), 26평(89.07), 29평(98.93), 29평(99.0), 33평(109.14)",
            "last_sales":"2021-03-09,32500.0,29평(98.93)"
        },
        {
            "index":256,
            "아파트명":"자유1차",
            "투자타입":"재건축",
            "전용면적(m2)":"104.82",
            "전용면적(평)":"31평",
            "법정동주소":"부산시 사하구 괴정동 740",
            "도로명주소":"부산시 사하구 낙동대로 263",
            "세대수":30,
            "입주년차":"--",
            "용적률점수":60,
            "건폐율점수":60,
            "세대당주차수":"--",
            "난방방식":"--",
            "공급면적":90,
            "전용률":60,
            "욕실수":"--",
            "현관타입":"--",
            "주거총점":52.5,
            "지역구공급총점":0.0,
            "역세권":"NA",
            "30분내 이동가능 거점":"NA",
            "1시간내 이동가능 거점":"NA",
            "교통총점":"NA",
            "백화점":0,
            "아울렛몰":0,
            "대형마트":80,
            "은행":70,
            "병원":100,
            "종합병원":100,
            "공원":0,
            "혐오시설":0,
            "인프라총점":49.0,
            "초등학군":91.23,
            "중학군":45.8,
            "학군총점":54.886,
            "인구수":34.97,
            "인구증감":-16.93,
            "인구총점":19.4,
            "일자리":13.0,
            "소득수준":54.78,
            "일자리총점":25.534,
            "가치 총점":51.6965,
            "매매실거래년":20201210.0,
            "매매실거래가":74500.0,
            "전세실거래년":20210501.0,
            "전세실거래가":10000.0,
            "전세가율":25.64,
            "장기전세가율평균":71.65,
            "전세가율거품지수":46.01,
            "검색코드":6232,
            "세대수":320,
            "준공년월":"1982-09-04",
            "준공년차":41,
            "가까운역이름":"NA",
            "가까운역거리":"NA",
            "역세권여부":"NA",
            "30분이내주요거점역":"NA",
            "1시간이내주요거점역":"NA",
            "3km이내백화점수":0,
            "5km이내아울렛몰수":0,
            "1km이내대형먀트수":1,
            "500m이내은행수":3,
            "500m이내병원수":61,
            "5km이내대형병원수":6,
            "500m이내공원수":0,
            "3km이내혐오시설수":0,
            "초등학교학업성취도":91.23,
            "중학교학업성취도":75.0,
            "용적률":198,
            "건폐율":32,
            "Y":35.098322,
            "X":128.98931,
            "rank":14.0,
            "area_info":"31평(104.82), 44평(147.66), 55평(183.14), 67평(224.55)",
            "last_sales":"2020-12-10,74500.0,67평(224.55)"
        },
        {
            "index":104,
            "아파트명":"괴정동원맨션",
            "투자타입":"재건축",
            "전용면적(m2)":"71.11",
            "전용면적(평)":"21평",
            "법정동주소":"부산시 사하구 괴정동 442-2",
            "도로명주소":"부산시 사하구 오작로 11",
            "세대수":0,
            "입주년차":"--",
            "용적률점수":80,
            "건폐율점수":60,
            "세대당주차수":"--",
            "난방방식":"--",
            "공급면적":50,
            "전용률":80,
            "욕실수":"--",
            "현관타입":"--",
            "주거총점":50.5,
            "지역구공급총점":0.0,
            "역세권":"NA",
            "30분내 이동가능 거점":"NA",
            "1시간내 이동가능 거점":"NA",
            "교통총점":"NA",
            "백화점":0,
            "아울렛몰":0,
            "대형마트":80,
            "은행":70,
            "병원":80,
            "종합병원":100,
            "공원":0,
            "혐오시설":0,
            "인프라총점":47.0,
            "초등학군":91.23,
            "중학군":45.8,
            "학군총점":54.886,
            "인구수":34.97,
            "인구증감":-16.93,
            "인구총점":19.4,
            "일자리":13.0,
            "소득수준":54.78,
            "일자리총점":25.534,
            "가치 총점":50.1965,
            "매매실거래년":20210823.0,
            "매매실거래가":13000.0,
            "전세실거래년":20210224.0,
            "전세실거래가":10000.0,
            "전세가율":50.38,
            "장기전세가율평균":71.65,
            "전세가율거품지수":21.27,
            "검색코드":6310,
            "세대수":105,
            "준공년월":"1983-09-22",
            "준공년차":40,
            "가까운역이름":"NA",
            "가까운역거리":"NA",
            "역세권여부":"NA",
            "30분이내주요거점역":"NA",
            "1시간이내주요거점역":"NA",
            "3km이내백화점수":0,
            "5km이내아울렛몰수":0,
            "1km이내대형먀트수":1,
            "500m이내은행수":4,
            "500m이내병원수":56,
            "5km이내대형병원수":7,
            "500m이내공원수":0,
            "3km이내혐오시설수":0,
            "초등학교학업성취도":91.23,
            "중학교학업성취도":75.0,
            "용적률":156,
            "건폐율":30,
            "Y":35.098076,
            "X":128.995131,
            "rank":15.0,
            "area_info":"21평(71.11), 23평(76.34), 27평(91.72), 27평(91.09), 29평(96.95), 29평(96.32), 29평(96.05)",
            "last_sales":"2021-08-23,13000.0,23평(76.34)"
        },
        {
            "index":222,
            "아파트명":"새괴정화신맨션",
            "투자타입":"재건축",
            "전용면적(m2)":"55.44",
            "전용면적(평)":"16평",
            "법정동주소":"부산시 사하구 괴정동 491-3",
            "도로명주소":"부산시 사하구 사하로 147-1",
            "세대수":0,
            "입주년차":"--",
            "용적률점수":100,
            "건폐율점수":60,
            "세대당주차수":"--",
            "난방방식":"--",
            "공급면적":50,
            "전용률":80,
            "욕실수":"--",
            "현관타입":"--",
            "주거총점":58.5,
            "지역구공급총점":0.0,
            "역세권":"NA",
            "30분내 이동가능 거점":"NA",
            "1시간내 이동가능 거점":"NA",
            "교통총점":"NA",
            "백화점":0,
            "아울렛몰":0,
            "대형마트":80,
            "은행":20,
            "병원":60,
            "종합병원":100,
            "공원":0,
            "혐오시설":0,
            "인프라총점":40.0,
            "초등학군":90.95,
            "중학군":45.8,
            "학군총점":54.83,
            "인구수":34.97,
            "인구증감":-16.93,
            "인구총점":19.4,
            "일자리":13.0,
            "소득수준":54.78,
            "일자리총점":25.534,
            "가치 총점":50.1825,
            "매매실거래년":20210828.0,
            "매매실거래가":28000.0,
            "전세실거래년":20210605.0,
            "전세실거래가":9000.0,
            "전세가율":38.46,
            "장기전세가율평균":71.65,
            "전세가율거품지수":33.19,
            "검색코드":16016,
            "세대수":100,
            "준공년월":"1981-09-24",
            "준공년차":42,
            "가까운역이름":"NA",
            "가까운역거리":"NA",
            "역세권여부":"NA",
            "30분이내주요거점역":"NA",
            "1시간이내주요거점역":"NA",
            "3km이내백화점수":0,
            "5km이내아울렛몰수":0,
            "1km이내대형먀트수":1,
            "500m이내은행수":2,
            "500m이내병원수":23,
            "5km이내대형병원수":7,
            "500m이내공원수":0,
            "3km이내혐오시설수":0,
            "초등학교학업성취도":90.95,
            "중학교학업성취도":75.0,
            "용적률":146,
            "건폐율":31,
            "Y":35.095417,
            "X":128.992905,
            "rank":16.0,
            "area_info":"16평(55.44), 18평(59.97), 21평(72.0), 25평(83.77)",
            "last_sales":"2021-08-28,28000.0,25평(83.77)"
        },
        {
            "index":513,
            "아파트명":"협진태양",
            "투자타입":"재건축",
            "전용면적(m2)":"46.35",
            "전용면적(평)":"14평",
            "법정동주소":"부산시 사하구 당리동 532",
            "도로명주소":"부산시 사하구 다대로 30",
            "세대수":0,
            "입주년차":"--",
            "용적률점수":100,
            "건폐율점수":80,
            "세대당주차수":"--",
            "난방방식":"--",
            "공급면적":50,
            "전용률":80,
            "욕실수":"--",
            "현관타입":"--",
            "주거총점":62.5,
            "지역구공급총점":0.0,
            "역세권":"NA",
            "30분내 이동가능 거점":"NA",
            "1시간내 이동가능 거점":"NA",
            "교통총점":"NA",
            "백화점":0,
            "아울렛몰":0,
            "대형마트":80,
            "은행":0,
            "병원":30,
            "종합병원":100,
            "공원":0,
            "혐오시설":0,
            "인프라총점":35.0,
            "초등학군":88.02,
            "중학군":49.42,
            "학군총점":57.14,
            "인구수":34.97,
            "인구증감":-16.93,
            "인구총점":19.4,
            "일자리":13.0,
            "소득수준":54.78,
            "일자리총점":25.534,
            "가치 총점":50.16,
            "매매실거래년":20210816.0,
            "매매실거래가":22000.0,
            "전세실거래년":20210817.0,
            "전세실거래가":4500.0,
            "전세가율":22.5,
            "장기전세가율평균":71.65,
            "전세가율거품지수":49.15,
            "검색코드":6689,
            "세대수":265,
            "준공년월":"1982-03-31",
            "준공년차":41,
            "가까운역이름":"NA",
            "가까운역거리":"NA",
            "역세권여부":"NA",
            "30분이내주요거점역":"NA",
            "1시간이내주요거점역":"NA",
            "3km이내백화점수":0,
            "5km이내아울렛몰수":0,
            "1km이내대형먀트수":1,
            "500m이내은행수":0,
            "500m이내병원수":6,
            "5km이내대형병원수":4,
            "500m이내공원수":0,
            "3km이내혐오시설수":0,
            "초등학교학업성취도":88.02,
            "중학교학업성취도":80.1,
            "용적률":108,
            "건폐율":22,
            "Y":35.098667,
            "X":128.976789,
            "rank":17.0,
            "area_info":"14평(46.35), 15평(50.35), 15평(50.31), 15평(51.97), 15평(51.04), 15평(51.93), 15평(51.05), 15평(51.03), 15평(52.43), 15평(52.43), 15평(52.44), 17평(59.18), 17평(59.21), 18평(60.86), 18평(60.89)",
            "last_sales":"2021-08-16,22000.0,15평(50.35)"
        },
        {
            "index":765,
            "아파트명":"대호세화",
            "투자타입":"재건축",
            "전용면적(m2)":"56.79",
            "전용면적(평)":"17평",
            "법정동주소":"부산시 사하구 하단동 509-7",
            "도로명주소":"부산시 사하구 승학로3번길 64",
            "세대수":0,
            "입주년차":"--",
            "용적률점수":80,
            "건폐율점수":0,
            "세대당주차수":"--",
            "난방방식":"--",
            "공급면적":50,
            "전용률":80,
            "욕실수":"--",
            "현관타입":"--",
            "주거총점":38.5,
            "지역구공급총점":0.0,
            "역세권":"NA",
            "30분내 이동가능 거점":"NA",
            "1시간내 이동가능 거점":"NA",
            "교통총점":"NA",
            "백화점":0,
            "아울렛몰":0,
            "대형마트":80,
            "은행":70,
            "병원":100,
            "종합병원":100,
            "공원":80,
            "혐오시설":0,
            "인프라총점":51.4,
            "초등학군":89.48,
            "중학군":57.48,
            "학군총점":63.88,
            "인구수":34.97,
            "인구증감":-16.93,
            "인구총점":19.4,
            "일자리":13.0,
            "소득수준":54.78,
            "일자리총점":25.534,
            "가치 총점":50.005,
            "매매실거래년":20210521.0,
            "매매실거래가":9700.0,
            "전세실거래년":null,
            "전세실거래가":null,
            "전세가율":null,
            "장기전세가율평균":71.65,
            "전세가율거품지수":null,
            "검색코드":16064,
            "세대수":100,
            "준공년월":"1987-01-21",
            "준공년차":36,
            "가까운역이름":"NA",
            "가까운역거리":"NA",
            "역세권여부":"NA",
            "30분이내주요거점역":"NA",
            "1시간이내주요거점역":"NA",
            "3km이내백화점수":0,
            "5km이내아울렛몰수":0,
            "1km이내대형먀트수":1,
            "500m이내은행수":4,
            "500m이내병원수":65,
            "5km이내대형병원수":3,
            "500m이내공원수":1,
            "3km이내혐오시설수":0,
            "초등학교학업성취도":89.48,
            "중학교학업성취도":93.0,
            "용적률":175,
            "건폐율":54,
            "Y":35.109133,
            "X":128.967667,
            "rank":18.0,
            "area_info":"17평(56.79), 17평(58.23), 18평(61.38), 19평(62.82), 19평(63.22), 19평(64.08), 19평(65.52), 20평(69.12), 21평(70.2), 23평(77.04), 23평(78.48)",
            "last_sales":"2021-05-21,9700.0,20평(69.12)"
        },
        {
            "index":810,
            "아파트명":"헤리츠리더스하단",
            "투자타입":"일반",
            "전용면적(m2)":"66.91",
            "전용면적(평)":"20평",
            "법정동주소":"부산시 사하구 하단동 618-1",
            "도로명주소":"부산시 사하구 낙동대로457번길 5",
            "세대수":0,
            "입주년차":100,
            "용적률점수":"--",
            "건폐율점수":"--",
            "세대당주차수":0,
            "난방방식":30,
            "공급면적":"--",
            "전용률":"--",
            "욕실수":50,
            "현관타입":100,
            "주거총점":38.0,
            "지역구공급총점":0.0,
            "역세권":"NA",
            "30분내 이동가능 거점":"NA",
            "1시간내 이동가능 거점":"NA",
            "교통총점":"NA",
            "백화점":0,
            "아울렛몰":0,
            "대형마트":80,
            "은행":70,
            "병원":100,
            "종합병원":100,
            "공원":80,
            "혐오시설":0,
            "인프라총점":51.4,
            "초등학군":89.19,
            "중학군":57.48,
            "학군총점":63.822,
            "인구수":34.97,
            "인구증감":-16.93,
            "인구총점":19.4,
            "일자리":13.0,
            "소득수준":54.78,
            "일자리총점":25.534,
            "가치 총점":49.8155,
            "매매실거래년":20220104.0,
            "매매실거래가":27600.0,
            "전세실거래년":20220109.0,
            "전세실거래가":23000.0,
            "전세가율":85.19,
            "장기전세가율평균":71.65,
            "전세가율거품지수":-13.54,
            "검색코드":145537,
            "세대수":142,
            "준공년월":"2021-12-09",
            "준공년차":2,
            "가까운역이름":"NA",
            "가까운역거리":"NA",
            "역세권여부":"NA",
            "30분이내주요거점역":"NA",
            "1시간이내주요거점역":"NA",
            "3km이내백화점수":0,
            "5km이내아울렛몰수":0,
            "1km이내대형먀트수":1,
            "500m이내은행수":4,
            "500m이내병원수":91,
            "5km이내대형병원수":4,
            "500m이내공원수":1,
            "3km이내혐오시설수":0,
            "초등학교학업성취도":89.19,
            "중학교학업성취도":93.0,
            "용적률":946,
            "건폐율":76,
            "Y":35.105287,
            "X":128.96855,
            "rank":19.0,
            "area_info":"20평(66.91), 20평(66.59), 20평(67.48), 25평(83.75), 28평(94.29), 31평(103.79)",
            "last_sales":"2022-01-04,27600.0,20평(67.48)"
        },
        {
            "index":729,
            "아파트명":"화천",
            "투자타입":"재건축",
            "전용면적(m2)":"59.22",
            "전용면적(평)":"17평",
            "법정동주소":"부산시 사하구 장림동 328-3",
            "도로명주소":"부산시 사하구 장림번영로 15",
            "세대수":0,
            "입주년차":"--",
            "용적률점수":80,
            "건폐율점수":40,
            "세대당주차수":"--",
            "난방방식":"--",
            "공급면적":50,
            "전용률":80,
            "욕실수":"--",
            "현관타입":"--",
            "주거총점":46.5,
            "지역구공급총점":0.0,
            "역세권":"NA",
            "30분내 이동가능 거점":"NA",
            "1시간내 이동가능 거점":"NA",
            "교통총점":"NA",
            "백화점":0,
            "아울렛몰":0,
            "대형마트":100,
            "은행":70,
            "병원":60,
            "종합병원":80,
            "공원":100,
            "혐오시설":0,
            "인프라총점":47.0,
            "초등학군":85.53,
            "중학군":49.64,
            "학군총점":56.818,
            "인구수":34.97,
            "인구증감":-16.93,
            "인구총점":19.4,
            "일자리":13.0,
            "소득수준":54.78,
            "일자리총점":25.534,
            "가치 총점":49.2795,
            "매매실거래년":20200528.0,
            "매매실거래가":11700.0,
            "전세실거래년":null,
            "전세실거래가":null,
            "전세가율":null,
            "장기전세가율평균":71.65,
            "전세가율거품지수":null,
            "검색코드":13477,
            "세대수":160,
            "준공년월":"1984-06-28",
            "준공년차":39,
            "가까운역이름":"NA",
            "가까운역거리":"NA",
            "역세권여부":"NA",
            "30분이내주요거점역":"NA",
            "1시간이내주요거점역":"NA",
            "3km이내백화점수":0,
            "5km이내아울렛몰수":0,
            "1km이내대형먀트수":2,
            "500m이내은행수":3,
            "500m이내병원수":11,
            "5km이내대형병원수":1,
            "500m이내공원수":2,
            "3km이내혐오시설수":0,
            "초등학교학업성취도":85.53,
            "중학교학업성취도":80.6,
            "용적률":150,
            "건폐율":39,
            "Y":35.082009,
            "X":128.967741,
            "rank":20.0,
            "area_info":"17평(59.22), 20평(67.68), 20평(69.03), 21평(71.28), 24평(80.19)",
            "last_sales":"2020-05-28,11700.0,24평(80.19)"
        },
        {
            "index":241,
            "아파트명":"엔스타",
            "투자타입":"일반",
            "전용면적(m2)":"73.15",
            "전용면적(평)":"22평",
            "법정동주소":"부산시 사하구 괴정동 1275",
            "도로명주소":"부산시 사하구 낙동대로 203",
            "세대수":0,
            "입주년차":60,
            "용적률점수":"--",
            "건폐율점수":"--",
            "세대당주차수":60,
            "난방방식":30,
            "공급면적":"--",
            "전용률":"--",
            "욕실수":50,
            "현관타입":100,
            "주거총점":39.0,
            "지역구공급총점":0.0,
            "역세권":"NA",
            "30분내 이동가능 거점":"NA",
            "1시간내 이동가능 거점":"NA",
            "교통총점":"NA",
            "백화점":0,
            "아울렛몰":0,
            "대형마트":80,
            "은행":70,
            "병원":100,
            "종합병원":100,
            "공원":0,
            "혐오시설":0,
            "인프라총점":49.0,
            "초등학군":91.23,
            "중학군":57.06,
            "학군총점":63.894,
            "인구수":34.97,
            "인구증감":-16.93,
            "인구총점":19.4,
            "일자리":13.0,
            "소득수준":54.78,
            "일자리총점":25.534,
            "가치 총점":49.2235,
            "매매실거래년":20211116.0,
            "매매실거래가":45000.0,
            "전세실거래년":20200707.0,
            "전세실거래가":19000.0,
            "전세가율":63.76,
            "장기전세가율평균":71.65,
            "전세가율거품지수":7.89,
            "검색코드":104779,
            "세대수":234,
            "준공년월":"2011-09-23",
            "준공년차":12,
            "가까운역이름":"NA",
            "가까운역거리":"NA",
            "역세권여부":"NA",
            "30분이내주요거점역":"NA",
            "1시간이내주요거점역":"NA",
            "3km이내백화점수":0,
            "5km이내아울렛몰수":0,
            "1km이내대형먀트수":1,
            "500m이내은행수":4,
            "500m이내병원수":67,
            "5km이내대형병원수":7,
            "500m이내공원수":0,
            "3km이내혐오시설수":0,
            "초등학교학업성취도":91.23,
            "중학교학업성취도":90.1,
            "용적률":745,
            "건폐율":75,
            "Y":35.100161,
            "X":128.994718,
            "rank":21.0,
            "area_info":"22평(73.15), 28평(94.82), 33평(109.72)",
            "last_sales":"2021-11-16,45000.0,33평(109.72)"
        },
        {
            "index":399,
            "아파트명":"부산다대푸르지오",
            "투자타입":"일반",
            "전용면적(m2)":"110.36",
            "전용면적(평)":"33평",
            "법정동주소":"부산시 사하구 다대동 1667",
            "도로명주소":"부산시 사하구 윤공단로 123",
            "세대수":90,
            "입주년차":60,
            "용적률점수":"--",
            "건폐율점수":"--",
            "세대당주차수":60,
            "난방방식":30,
            "공급면적":"--",
            "전용률":"--",
            "욕실수":100,
            "현관타입":100,
            "주거총점":75.5,
            "지역구공급총점":0.0,
            "역세권":"NA",
            "30분내 이동가능 거점":"NA",
            "1시간내 이동가능 거점":"NA",
            "교통총점":"NA",
            "백화점":0,
            "아울렛몰":0,
            "대형마트":0,
            "은행":0,
            "병원":10,
            "종합병원":80,
            "공원":100,
            "혐오시설":0,
            "인프라총점":20.0,
            "초등학군":86.33,
            "중학군":51.7,
            "학군총점":58.626,
            "인구수":34.97,
            "인구증감":-16.93,
            "인구총점":19.4,
            "일자리":13.0,
            "소득수준":54.78,
            "일자리총점":25.534,
            "가치 총점":49.0815,
            "매매실거래년":20210815.0,
            "매매실거래가":56700.0,
            "전세실거래년":20220110.0,
            "전세실거래가":27000.0,
            "전세가율":65.38,
            "장기전세가율평균":71.65,
            "전세가율거품지수":6.27,
            "검색코드":6469,
            "세대수":972,
            "준공년월":"2012-09-28",
            "준공년차":11,
            "가까운역이름":"NA",
            "가까운역거리":"NA",
            "역세권여부":"NA",
            "30분이내주요거점역":"NA",
            "1시간이내주요거점역":"NA",
            "3km이내백화점수":0,
            "5km이내아울렛몰수":0,
            "1km이내대형먀트수":0,
            "500m이내은행수":0,
            "500m이내병원수":2,
            "5km이내대형병원수":1,
            "500m이내공원수":3,
            "3km이내혐오시설수":0,
            "초등학교학업성취도":86.33,
            "중학교학업성취도":81.9,
            "용적률":258,
            "건폐율":17,
            "Y":35.062439,
            "X":128.972356,
            "rank":22.0,
            "area_info":"33평(110.36), 33평(110.36), 33평(112.37), 39평(131.7), 39평(131.6), 40평(132.4), 46평(152.52)",
            "last_sales":"2021-08-15,56700.0,46평(152.52)"
        },
        {
            "index":199,
            "아파트명":"사하오성맨션",
            "투자타입":"재건축",
            "전용면적(m2)":"60.15",
            "전용면적(평)":"18평",
            "법정동주소":"부산시 사하구 괴정동 1270-6",
            "도로명주소":"부산시 사하구 다대로 72",
            "세대수":0,
            "입주년차":"--",
            "용적률점수":100,
            "건폐율점수":80,
            "세대당주차수":"--",
            "난방방식":"--",
            "공급면적":50,
            "전용률":80,
            "욕실수":"--",
            "현관타입":"--",
            "주거총점":62.5,
            "지역구공급총점":0.0,
            "역세권":"NA",
            "30분내 이동가능 거점":"NA",
            "1시간내 이동가능 거점":"NA",
            "교통총점":"NA",
            "백화점":0,
            "아울렛몰":0,
            "대형마트":80,
            "은행":0,
            "병원":10,
            "종합병원":100,
            "공원":0,
            "혐오시설":0,
            "인프라총점":33.0,
            "초등학군":79.33,
            "중학군":49.42,
            "학군총점":55.402,
            "인구수":34.97,
            "인구증감":-16.93,
            "인구총점":19.4,
            "일자리":13.0,
            "소득수준":54.78,
            "일자리총점":25.534,
            "가치 총점":48.9255,
            "매매실거래년":20211116.0,
            "매매실거래가":12500.0,
            "전세실거래년":20211103.0,
            "전세실거래가":6000.0,
            "전세가율":48.0,
            "장기전세가율평균":71.65,
            "전세가율거품지수":23.65,
            "검색코드":6360,
            "세대수":192,
            "준공년월":"1988-11-26",
            "준공년차":35,
            "가까운역이름":"NA",
            "가까운역거리":"NA",
            "역세권여부":"NA",
            "30분이내주요거점역":"NA",
            "1시간이내주요거점역":"NA",
            "3km이내백화점수":0,
            "5km이내아울렛몰수":0,
            "1km이내대형먀트수":1,
            "500m이내은행수":0,
            "500m이내병원수":3,
            "5km이내대형병원수":4,
            "500m이내공원수":0,
            "3km이내혐오시설수":0,
            "초등학교학업성취도":79.33,
            "중학교학업성취도":80.1,
            "용적률":131,
            "건폐율":25,
            "Y":35.097074,
            "X":128.97756,
            "rank":23.0,
            "area_info":"18평(60.15), 21평(72.46), 25평(83.02), 30평(100.0)",
            "last_sales":"2021-11-16,12500.0,18평(60.15)"
        },
        {
            "index":646,
            "아파트명":"사하장림역스마트W",
            "투자타입":"일반",
            "전용면적(m2)":"25.81",
            "전용면적(평)":"7평",
            "법정동주소":"부산시 사하구 장림동 1151",
            "도로명주소":"부산시 사하구 장림번영로104번길 10",
            "세대수":50,
            "입주년차":80,
            "용적률점수":"--",
            "건폐율점수":"--",
            "세대당주차수":0,
            "난방방식":30,
            "공급면적":"--",
            "전용률":"--",
            "욕실수":50,
            "현관타입":100,
            "주거총점":51.5,
            "지역구공급총점":0.0,
            "역세권":"NA",
            "30분내 이동가능 거점":"NA",
            "1시간내 이동가능 거점":"NA",
            "교통총점":"NA",
            "백화점":0,
            "아울렛몰":0,
            "대형마트":100,
            "은행":0,
            "병원":60,
            "종합병원":100,
            "공원":0,
            "혐오시설":0,
            "인프라총점":41.0,
            "초등학군":88.22,
            "중학군":49.64,
            "학군총점":57.356,
            "인구수":34.97,
            "인구증감":-16.93,
            "인구총점":19.4,
            "일자리":13.0,
            "소득수준":54.78,
            "일자리총점":25.534,
            "가치 총점":48.764,
            "매매실거래년":20211125.0,
            "매매실거래가":6000.0,
            "전세실거래년":20210517.0,
            "전세실거래가":6500.0,
            "전세가율":108.33,
            "장기전세가율평균":71.65,
            "전세가율거품지수":-36.68,
            "검색코드":113006,
            "세대수":494,
            "준공년월":"2018-10-11",
            "준공년차":5,
            "가까운역이름":"NA",
            "가까운역거리":"NA",
            "역세권여부":"NA",
            "30분이내주요거점역":"NA",
            "1시간이내주요거점역":"NA",
            "3km이내백화점수":0,
            "5km이내아울렛몰수":0,
            "1km이내대형먀트수":2,
            "500m이내은행수":1,
            "500m이내병원수":15,
            "5km이내대형병원수":3,
            "500m이내공원수":0,
            "3km이내혐오시설수":0,
            "초등학교학업성취도":88.22,
            "중학교학업성취도":80.6,
            "용적률":681,
            "건폐율":54,
            "Y":35.08013,
            "X":128.976314,
            "rank":24.0,
            "area_info":"7평(25.81), 7평(25.59), 13평(44.86), 13평(45.4), 23평(76.91), 32평(108.76), 33평(111.17)",
            "last_sales":"2021-11-25,6000.0,7평(25.81)"
        },
        {
            "index":494,
            "아파트명":"벽산으뜸",
            "투자타입":"재건축",
            "전용면적(m2)":"77.4",
            "전용면적(평)":"23평",
            "법정동주소":"부산시 사하구 당리동 534-1",
            "도로명주소":"부산시 사하구 다대로22번길 30",
            "세대수":0,
            "입주년차":"--",
            "용적률점수":80,
            "건폐율점수":100,
            "세대당주차수":"--",
            "난방방식":"--",
            "공급면적":50,
            "전용률":80,
            "욕실수":"--",
            "현관타입":"--",
            "주거총점":58.5,
            "지역구공급총점":0.0,
            "역세권":"NA",
            "30분내 이동가능 거점":"NA",
            "1시간내 이동가능 거점":"NA",
            "교통총점":"NA",
            "백화점":0,
            "아울렛몰":0,
            "대형마트":80,
            "은행":0,
            "병원":30,
            "종합병원":100,
            "공원":0,
            "혐오시설":0,
            "인프라총점":35.0,
            "초등학군":88.02,
            "중학군":49.42,
            "학군총점":57.14,
            "인구수":34.97,
            "인구증감":-16.93,
            "인구총점":19.4,
            "일자리":13.0,
            "소득수준":54.78,
            "일자리총점":25.534,
            "가치 총점":48.76,
            "매매실거래년":20211208.0,
            "매매실거래가":12000.0,
            "전세실거래년":20210723.0,
            "전세실거래가":11000.0,
            "전세가율":91.67,
            "장기전세가율평균":71.65,
            "전세가율거품지수":-20.02,
            "검색코드":6568,
            "세대수":270,
            "준공년월":"1992-08-27",
            "준공년차":31,
            "가까운역이름":"NA",
            "가까운역거리":"NA",
            "역세권여부":"NA",
            "30분이내주요거점역":"NA",
            "1시간이내주요거점역":"NA",
            "3km이내백화점수":0,
            "5km이내아울렛몰수":0,
            "1km이내대형먀트수":1,
            "500m이내은행수":1,
            "500m이내병원수":8,
            "5km이내대형병원수":4,
            "500m이내공원수":0,
            "3km이내혐오시설수":0,
            "초등학교학업성취도":88.02,
            "중학교학업성취도":80.1,
            "용적률":166,
            "건폐율":14,
            "Y":35.099028,
            "X":128.975499,
            "rank":25.0,
            "area_info":"23평(77.4), 30평(102.41), 30평(102.37), 41평(136.17)",
            "last_sales":"2021-12-08,12000.0,23평(77.4)"
        },
        {
            "index":373,
            "아파트명":"다대코오롱맨션",
            "투자타입":"재건축",
            "전용면적(m2)":"50.41",
            "전용면적(평)":"15평",
            "법정동주소":"부산시 사하구 다대동 37",
            "도로명주소":"부산시 사하구 다송로 36",
            "세대수":50,
            "입주년차":"--",
            "용적률점수":100,
            "건폐율점수":40,
            "세대당주차수":"--",
            "난방방식":"--",
            "공급면적":50,
            "전용률":80,
            "욕실수":"--",
            "현관타입":"--",
            "주거총점":69.5,
            "지역구공급총점":0.0,
            "역세권":"NA",
            "30분내 이동가능 거점":"NA",
            "1시간내 이동가능 거점":"NA",
            "교통총점":"NA",
            "백화점":0,
            "아울렛몰":0,
            "대형마트":0,
            "은행":0,
            "병원":60,
            "종합병원":80,
            "공원":100,
            "혐오시설":0,
            "인프라총점":25.0,
            "초등학군":89.02,
            "중학군":49.88,
            "학군총점":57.708,
            "인구수":34.97,
            "인구증감":-16.93,
            "인구총점":19.4,
            "일자리":13.0,
            "소득수준":54.78,
            "일자리총점":25.534,
            "가치 총점":48.752,
            "매매실거래년":20211028.0,
            "매매실거래가":25000.0,
            "전세실거래년":20211113.0,
            "전세실거래가":7000.0,
            "전세가율":46.67,
            "장기전세가율평균":71.65,
            "전세가율거품지수":24.98,
            "검색코드":6476,
            "세대수":520,
            "준공년월":"1988-07-25",
            "준공년차":35,
            "가까운역이름":"NA",
            "가까운역거리":"NA",
            "역세권여부":"NA",
            "30분이내주요거점역":"NA",
            "1시간이내주요거점역":"NA",
            "3km이내백화점수":0,
            "5km이내아울렛몰수":0,
            "1km이내대형먀트수":0,
            "500m이내은행수":1,
            "500m이내병원수":20,
            "5km이내대형병원수":1,
            "500m이내공원수":8,
            "3km이내혐오시설수":0,
            "초등학교학업성취도":89.02,
            "중학교학업성취도":80.6,
            "용적률":136,
            "건폐율":38,
            "Y":35.064891,
            "X":128.981221,
            "rank":26.0,
            "area_info":"15평(50.41), 16평(54.85), 21평(69.44), 23평(76.47), 25평(84.73), 28평(93.74)",
            "last_sales":"2021-10-28,25000.0,25평(84.73)"
        },
        {
            "index":141,
            "아파트명":"괴정협성휴포레",
            "투자타입":"일반",
            "전용면적(m2)":"110.68",
            "전용면적(평)":"33평",
            "법정동주소":"부산시 사하구 괴정동 952-1",
            "도로명주소":"부산시 사하구 사하로 183",
            "세대수":0,
            "입주년차":80,
            "용적률점수":"--",
            "건폐율점수":"--",
            "세대당주차수":30,
            "난방방식":30,
            "공급면적":"--",
            "전용률":"--",
            "욕실수":100,
            "현관타입":100,
            "주거총점":43.5,
            "지역구공급총점":0.0,
            "역세권":"NA",
            "30분내 이동가능 거점":"NA",
            "1시간내 이동가능 거점":"NA",
            "교통총점":"NA",
            "백화점":0,
            "아울렛몰":0,
            "대형마트":80,
            "은행":70,
            "병원":100,
            "종합병원":100,
            "공원":0,
            "혐오시설":0,
            "인프라총점":49.0,
            "초등학군":91.23,
            "중학군":45.8,
            "학군총점":54.886,
            "인구수":34.97,
            "인구증감":-16.93,
            "인구총점":19.4,
            "일자리":13.0,
            "소득수준":54.78,
            "일자리총점":25.534,
            "가치 총점":48.5465,
            "매매실거래년":20210620.0,
            "매매실거래가":50300.0,
            "전세실거래년":20211020.0,
            "전세실거래가":39000.0,
            "전세가율":75.0,
            "장기전세가율평균":71.65,
            "전세가율거품지수":-3.35,
            "검색코드":107712,
            "세대수":299,
            "준공년월":"2016-05-25",
            "준공년차":7,
            "가까운역이름":"NA",
            "가까운역거리":"NA",
            "역세권여부":"NA",
            "30분이내주요거점역":"NA",
            "1시간이내주요거점역":"NA",
            "3km이내백화점수":0,
            "5km이내아울렛몰수":0,
            "1km이내대형먀트수":1,
            "500m이내은행수":4,
            "500m이내병원수":63,
            "5km이내대형병원수":7,
            "500m이내공원수":0,
            "3km이내혐오시설수":0,
            "초등학교학업성취도":91.23,
            "중학교학업성취도":75.0,
            "용적률":589,
            "건폐율":36,
            "Y":35.097627,
            "X":128.993322,
            "rank":27.0,
            "area_info":"33평(110.68), 33평(110.62), 33평(110.1), 33평(110.46), 33평(110.04), 33평(110.78), 33평(110.21), 40평(132.86), 40평(133.5), 40평(133.0), 43평(144.15)",
            "last_sales":"2021-06-20,50300.0,33평(110.78)"
        },
        {
            "index":111,
            "아파트명":"괴정스타클래스",
            "투자타입":"일반",
            "전용면적(m2)":"77.83",
            "전용면적(평)":"23평",
            "법정동주소":"부산시 사하구 괴정동 213-6",
            "도로명주소":"부산시 사하구 대티로1번길 22",
            "세대수":50,
            "입주년차":40,
            "용적률점수":"--",
            "건폐율점수":"--",
            "세대당주차수":30,
            "난방방식":30,
            "공급면적":"--",
            "전용률":"--",
            "욕실수":100,
            "현관타입":100,
            "주거총점":53.0,
            "지역구공급총점":0.0,
            "역세권":"NA",
            "30분내 이동가능 거점":"NA",
            "1시간내 이동가능 거점":"NA",
            "교통총점":"NA",
            "백화점":0,
            "아울렛몰":0,
            "대형마트":80,
            "은행":0,
            "병원":30,
            "종합병원":100,
            "공원":0,
            "혐오시설":0,
            "인프라총점":35.0,
            "초등학군":88.03,
            "중학군":57.06,
            "학군총점":63.254,
            "인구수":34.97,
            "인구증감":-16.93,
            "인구총점":19.4,
            "일자리":13.0,
            "소득수준":54.78,
            "일자리총점":25.534,
            "가치 총점":48.3635,
            "매매실거래년":20211207.0,
            "매매실거래가":30000.0,
            "전세실거래년":20211230.0,
            "전세실거래가":25000.0,
            "전세가율":83.33,
            "장기전세가율평균":71.65,
            "전세가율거품지수":-11.68,
            "검색코드":25252,
            "세대수":470,
            "준공년월":"2007-04-30",
            "준공년차":16,
            "가까운역이름":"NA",
            "가까운역거리":"NA",
            "역세권여부":"NA",
            "30분이내주요거점역":"NA",
            "1시간이내주요거점역":"NA",
            "3km이내백화점수":0,
            "5km이내아울렛몰수":0,
            "1km이내대형먀트수":1,
            "500m이내은행수":0,
            "500m이내병원수":6,
            "5km이내대형병원수":8,
            "500m이내공원수":0,
            "3km이내혐오시설수":0,
            "초등학교학업성취도":88.03,
            "중학교학업성취도":90.1,
            "용적률":299,
            "건폐율":26,
            "Y":35.10505,
            "X":128.999867,
            "rank":28.0,
            "area_info":"23평(77.83), 33평(109.58), 32평(109.08), 33평(109.2)",
            "last_sales":"2021-12-07,30000.0,23평(77.83)"
        },
        {
            "index":317,
            "아파트명":"부산구평한신휴플러스",
            "투자타입":"일반",
            "전용면적(m2)":"84.54",
            "전용면적(평)":"25평",
            "법정동주소":"부산시 사하구 구평동 497",
            "도로명주소":"부산시 사하구 을숙도대로709번길 22",
            "세대수":50,
            "입주년차":60,
            "용적률점수":"--",
            "건폐율점수":"--",
            "세대당주차수":30,
            "난방방식":30,
            "공급면적":"--",
            "전용률":"--",
            "욕실수":100,
            "현관타입":100,
            "주거총점":57.0,
            "지역구공급총점":0.0,
            "역세권":"NA",
            "30분내 이동가능 거점":"NA",
            "1시간내 이동가능 거점":"NA",
            "교통총점":"NA",
            "백화점":0,
            "아울렛몰":0,
            "대형마트":80,
            "은행":0,
            "병원":0,
            "종합병원":100,
            "공원":100,
            "혐오시설":0,
            "인프라총점":35.0,
            "초등학군":88.58,
            "중학군":49.54,
            "학군총점":57.348,
            "인구수":34.97,
            "인구증감":-16.93,
            "인구총점":19.4,
            "일자리":13.0,
            "소득수준":54.78,
            "일자리총점":25.534,
            "가치 총점":48.287,
            "매매실거래년":20211203.0,
            "매매실거래가":15000.0,
            "전세실거래년":20211217.0,
            "전세실거래가":13000.0,
            "전세가율":86.67,
            "장기전세가율평균":71.65,
            "전세가율거품지수":-15.02,
            "검색코드":102930,
            "세대수":419,
            "준공년월":"2013-07-26",
            "준공년차":10,
            "가까운역이름":"NA",
            "가까운역거리":"NA",
            "역세권여부":"NA",
            "30분이내주요거점역":"NA",
            "1시간이내주요거점역":"NA",
            "3km이내백화점수":0,
            "5km이내아울렛몰수":0,
            "1km이내대형먀트수":1,
            "500m이내은행수":0,
            "500m이내병원수":0,
            "5km이내대형병원수":5,
            "500m이내공원수":2,
            "3km이내혐오시설수":0,
            "초등학교학업성취도":88.58,
            "중학교학업성취도":80.1,
            "용적률":239,
            "건폐율":32,
            "Y":35.086955,
            "X":128.984852,
            "rank":29.0,
            "area_info":"25평(84.54), 25평(84.54), 25평(84.54), 31평(104.66), 34평(115.43)",
            "last_sales":"2021-12-03,15000.0,25평(84.54)"
        },
        {
            "index":118,
            "아파트명":"괴정어반푸르지오",
            "투자타입":"일반",
            "전용면적(m2)":"46.16",
            "전용면적(평)":"13평",
            "법정동주소":"부산시 사하구 괴정동 950-2",
            "도로명주소":"부산시 사하구 사하로 189",
            "세대수":0,
            "입주년차":100,
            "용적률점수":"--",
            "건폐율점수":"--",
            "세대당주차수":30,
            "난방방식":30,
            "공급면적":"--",
            "전용률":"--",
            "욕실수":50,
            "현관타입":100,
            "주거총점":42.5,
            "지역구공급총점":0.0,
            "역세권":"NA",
            "30분내 이동가능 거점":"NA",
            "1시간내 이동가능 거점":"NA",
            "교통총점":"NA",
            "백화점":0,
            "아울렛몰":0,
            "대형마트":80,
            "은행":70,
            "병원":100,
            "종합병원":100,
            "공원":0,
            "혐오시설":0,
            "인프라총점":49.0,
            "초등학군":91.23,
            "중학군":45.8,
            "학군총점":54.886,
            "인구수":34.97,
            "인구증감":-16.93,
            "인구총점":19.4,
            "일자리":13.0,
            "소득수준":54.78,
            "일자리총점":25.534,
            "가치 총점":48.1965,
            "매매실거래년":20210410.0,
            "매매실거래가":35900.0,
            "전세실거래년":20210218.0,
            "전세실거래가":10000.0,
            "전세가율":64.31,
            "장기전세가율평균":71.65,
            "전세가율거품지수":7.34,
            "검색코드":112507,
            "세대수":152,
            "준공년월":"2019-02-15",
            "준공년차":4,
            "가까운역이름":"NA",
            "가까운역거리":"NA",
            "역세권여부":"NA",
            "30분이내주요거점역":"NA",
            "1시간이내주요거점역":"NA",
            "3km이내백화점수":0,
            "5km이내아울렛몰수":0,
            "1km이내대형먀트수":1,
            "500m이내은행수":4,
            "500m이내병원수":63,
            "5km이내대형병원수":7,
            "500m이내공원수":0,
            "3km이내혐오시설수":0,
            "초등학교학업성취도":91.23,
            "중학교학업성취도":75.0,
            "용적률":886,
            "건폐율":69,
            "Y":35.098544,
            "X":128.993468,
            "rank":30.0,
            "area_info":"13평(46.16), 13평(46.17), 23평(76.32), 23평(77.15), 27평(91.13), 29평(97.55)",
            "last_sales":"2021-04-10,35900.0,29평(97.55)"
        },
        {
            "index":787,
            "아파트명":"하단대진",
            "투자타입":"재건축",
            "전용면적(m2)":"52.74",
            "전용면적(평)":"15평",
            "법정동주소":"부산시 사하구 하단동 605-31",
            "도로명주소":"부산시 사하구 하신중앙로 291",
            "세대수":0,
            "입주년차":"--",
            "용적률점수":100,
            "건폐율점수":40,
            "세대당주차수":"--",
            "난방방식":"--",
            "공급면적":50,
            "전용률":80,
            "욕실수":"--",
            "현관타입":"--",
            "주거총점":54.5,
            "지역구공급총점":0.0,
            "역세권":"NA",
            "30분내 이동가능 거점":"NA",
            "1시간내 이동가능 거점":"NA",
            "교통총점":"NA",
            "백화점":0,
            "아울렛몰":0,
            "대형마트":0,
            "은행":100,
            "병원":80,
            "종합병원":80,
            "공원":80,
            "혐오시설":0,
            "인프라총점":36.4,
            "초등학군":89.19,
            "중학군":48.76,
            "학군총점":56.846,
            "인구수":34.97,
            "인구증감":-16.93,
            "인구총점":19.4,
            "일자리":13.0,
            "소득수준":54.78,
            "일자리총점":25.534,
            "가치 총점":47.8465,
            "매매실거래년":20210708.0,
            "매매실거래가":35390.0,
            "전세실거래년":20210119.0,
            "전세실거래가":8500.0,
            "전세가율":41.46,
            "장기전세가율평균":71.65,
            "전세가율거품지수":30.19,
            "검색코드":9893,
            "세대수":240,
            "준공년월":"1983-09-17",
            "준공년차":40,
            "가까운역이름":"NA",
            "가까운역거리":"NA",
            "역세권여부":"NA",
            "30분이내주요거점역":"NA",
            "1시간이내주요거점역":"NA",
            "3km이내백화점수":0,
            "5km이내아울렛몰수":0,
            "1km이내대형먀트수":0,
            "500m이내은행수":7,
            "500m이내병원수":38,
            "5km이내대형병원수":1,
            "500m이내공원수":1,
            "3km이내혐오시설수":0,
            "초등학교학업성취도":89.19,
            "중학교학업성취도":79.6,
            "용적률":135,
            "건폐율":38,
            "Y":35.104646,
            "X":128.962853,
            "rank":31.0,
            "area_info":"15평(52.74), 16평(54.18), 19평(63.36), 19평(63.72), 19평(64.53), 19평(64.8), 21평(71.19), 21평(72.36), 25평(84.42), 25평(85.68)",
            "last_sales":"2021-07-08,35390.0,25평(85.68)"
        },
        {
            "index":636,
            "아파트명":"리버팰리스",
            "투자타입":"일반",
            "전용면적(m2)":"88.98",
            "전용면적(평)":"26평",
            "법정동주소":"부산시 사하구 장림동 435",
            "도로명주소":"부산시 사하구 다대로 328",
            "세대수":0,
            "입주년차":100,
            "용적률점수":"--",
            "건폐율점수":"--",
            "세대당주차수":0,
            "난방방식":30,
            "공급면적":"--",
            "전용률":"--",
            "욕실수":100,
            "현관타입":100,
            "주거총점":43.0,
            "지역구공급총점":0.0,
            "역세권":"NA",
            "30분내 이동가능 거점":"NA",
            "1시간내 이동가능 거점":"NA",
            "교통총점":"NA",
            "백화점":0,
            "아울렛몰":0,
            "대형마트":80,
            "은행":100,
            "병원":60,
            "종합병원":100,
            "공원":0,
            "혐오시설":0,
            "인프라총점":48.0,
            "초등학군":83.85,
            "중학군":46.52,
            "학군총점":53.986,
            "인구수":34.97,
            "인구증감":-16.93,
            "인구총점":19.4,
            "일자리":13.0,
            "소득수준":54.78,
            "일자리총점":25.534,
            "가치 총점":47.7465,
            "매매실거래년":20210930.0,
            "매매실거래가":25000.0,
            "전세실거래년":20210605.0,
            "전세실거래가":17000.0,
            "전세가율":68.0,
            "장기전세가율평균":71.65,
            "전세가율거품지수":3.65,
            "검색코드":113956,
            "세대수":154,
            "준공년월":"2019-05-17",
            "준공년차":4,
            "가까운역이름":"NA",
            "가까운역거리":"NA",
            "역세권여부":"NA",
            "30분이내주요거점역":"NA",
            "1시간이내주요거점역":"NA",
            "3km이내백화점수":0,
            "5km이내아울렛몰수":0,
            "1km이내대형먀트수":1,
            "500m이내은행수":5,
            "500m이내병원수":10,
            "5km이내대형병원수":2,
            "500m이내공원수":0,
            "3km이내혐오시설수":0,
            "초등학교학업성취도":83.85,
            "중학교학업성취도":75.4,
            "용적률":586,
            "건폐율":58,
            "Y":35.073351,
            "X":128.975914,
            "rank":32.0,
            "area_info":"26평(88.98), 26평(88.88), 26평(88.88), 26평(89.04), 27평(89.4)",
            "last_sales":"2021-09-30,25000.0,26평(88.98)"
        },
        {
            "index":631,
            "아파트명":"동원로얄듀크",
            "투자타입":"일반",
            "전용면적(m2)":"83.14",
            "전용면적(평)":"25평",
            "법정동주소":"부산시 사하구 장림동 875",
            "도로명주소":"부산시 사하구 하신중앙로 2",
            "세대수":100,
            "입주년차":40,
            "용적률점수":"--",
            "건폐율점수":"--",
            "세대당주차수":30,
            "난방방식":30,
            "공급면적":"--",
            "전용률":"--",
            "욕실수":100,
            "현관타입":100,
            "주거총점":70.5,
            "지역구공급총점":0.0,
            "역세권":"NA",
            "30분내 이동가능 거점":"NA",
            "1시간내 이동가능 거점":"NA",
            "교통총점":"NA",
            "백화점":0,
            "아울렛몰":0,
            "대형마트":0,
            "은행":0,
            "병원":30,
            "종합병원":80,
            "공원":80,
            "혐오시설":0,
            "인프라총점":21.4,
            "초등학군":85.53,
            "중학군":49.64,
            "학군총점":56.818,
            "인구수":34.97,
            "인구증감":-16.93,
            "인구총점":19.4,
            "일자리":13.0,
            "소득수준":54.78,
            "일자리총점":25.534,
            "가치 총점":47.4395,
            "매매실거래년":20211222.0,
            "매매실거래가":14250.0,
            "전세실거래년":20211222.0,
            "전세실거래가":12500.0,
            "전세가율":87.72,
            "장기전세가율평균":71.65,
            "전세가율거품지수":-16.07,
            "검색코드":10199,
            "세대수":1973,
            "준공년월":"2005-01-04",
            "준공년차":18,
            "가까운역이름":"NA",
            "가까운역거리":"NA",
            "역세권여부":"NA",
            "30분이내주요거점역":"NA",
            "1시간이내주요거점역":"NA",
            "3km이내백화점수":0,
            "5km이내아울렛몰수":0,
            "1km이내대형먀트수":0,
            "500m이내은행수":1,
            "500m이내병원수":6,
            "5km이내대형병원수":1,
            "500m이내공원수":1,
            "3km이내혐오시설수":0,
            "초등학교학업성취도":85.53,
            "중학교학업성취도":80.6,
            "용적률":282,
            "건폐율":16,
            "Y":35.078174,
            "X":128.964845,
            "rank":33.0,
            "area_info":"25평(83.14), 34평(114.9)",
            "last_sales":"2021-12-22,14250.0,25평(83.14)"
        },
        {
            "index":781,
            "아파트명":"하단SK뷰",
            "투자타입":"일반",
            "전용면적(m2)":"80.5",
            "전용면적(평)":"24평",
            "법정동주소":"부산시 사하구 하단동 1217-1",
            "도로명주소":"부산시 사하구 하신번영로 400",
            "세대수":100,
            "입주년차":40,
            "용적률점수":"--",
            "건폐율점수":"--",
            "세대당주차수":30,
            "난방방식":30,
            "공급면적":"--",
            "전용률":"--",
            "욕실수":100,
            "현관타입":100,
            "주거총점":70.5,
            "지역구공급총점":0.0,
            "역세권":"NA",
            "30분내 이동가능 거점":"NA",
            "1시간내 이동가능 거점":"NA",
            "교통총점":"NA",
            "백화점":0,
            "아울렛몰":0,
            "대형마트":0,
            "은행":0,
            "병원":10,
            "종합병원":80,
            "공원":0,
            "혐오시설":0,
            "인프라총점":17.0,
            "초등학군":87.65,
            "중학군":55.88,
            "학군총점":62.234,
            "인구수":34.97,
            "인구증감":-16.93,
            "인구총점":19.4,
            "일자리":13.0,
            "소득수준":54.78,
            "일자리총점":25.534,
            "가치 총점":47.0335,
            "매매실거래년":20211224.0,
            "매매실거래가":41000.0,
            "전세실거래년":20211130.0,
            "전세실거래가":19000.0,
            "전세가율":71.7,
            "장기전세가율평균":71.65,
            "전세가율거품지수":-0.05,
            "검색코드":9733,
            "세대수":1828,
            "준공년월":"2004-05-31",
            "준공년차":19,
            "가까운역이름":"NA",
            "가까운역거리":"NA",
            "역세권여부":"NA",
            "30분이내주요거점역":"NA",
            "1시간이내주요거점역":"NA",
            "3km이내백화점수":0,
            "5km이내아울렛몰수":0,
            "1km이내대형먀트수":0,
            "500m이내은행수":0,
            "500m이내병원수":2,
            "5km이내대형병원수":1,
            "500m이내공원수":0,
            "3km이내혐오시설수":0,
            "초등학교학업성취도":87.65,
            "중학교학업성취도":90.8,
            "용적률":303,
            "건폐율":17,
            "Y":35.118167,
            "X":128.961784,
            "rank":34.0,
            "area_info":"24평(80.5), 29평(96.04), 32평(106.64), 32평(106.64), 32평(108.86), 44평(146.15)",
            "last_sales":"2021-12-24,41000.0,29평(96.04)"
        },
        {
            "index":658,
            "아파트명":"신세대지큐빌",
            "투자타입":"일반",
            "전용면적(m2)":"67.15",
            "전용면적(평)":"20평",
            "법정동주소":"부산시 사하구 장림동 16",
            "도로명주소":"부산시 사하구 다대로277번길 85",
            "세대수":90,
            "입주년차":20,
            "용적률점수":"--",
            "건폐율점수":"--",
            "세대당주차수":0,
            "난방방식":30,
            "공급면적":"--",
            "전용률":"--",
            "욕실수":50,
            "현관타입":50,
            "주거총점":48.5,
            "지역구공급총점":0.0,
            "역세권":"NA",
            "30분내 이동가능 거점":"NA",
            "1시간내 이동가능 거점":"NA",
            "교통총점":"NA",
            "백화점":0,
            "아울렛몰":0,
            "대형마트":80,
            "은행":0,
            "병원":60,
            "종합병원":100,
            "공원":0,
            "혐오시설":0,
            "인프라총점":38.0,
            "초등학군":88.22,
            "중학군":49.64,
            "학군총점":57.356,
            "인구수":34.97,
            "인구증감":-16.93,
            "인구총점":19.4,
            "일자리":13.0,
            "소득수준":54.78,
            "일자리총점":25.534,
            "가치 총점":46.514,
            "매매실거래년":20220110.0,
            "매매실거래가":14000.0,
            "전세실거래년":20220105.0,
            "전세실거래가":8700.0,
            "전세가율":83.65,
            "장기전세가율평균":71.65,
            "전세가율거품지수":-12.0,
            "검색코드":13478,
            "세대수":990,
            "준공년월":"2003-04-24",
            "준공년차":20,
            "가까운역이름":"NA",
            "가까운역거리":"NA",
            "역세권여부":"NA",
            "30분이내주요거점역":"NA",
            "1시간이내주요거점역":"NA",
            "3km이내백화점수":0,
            "5km이내아울렛몰수":0,
            "1km이내대형먀트수":1,
            "500m이내은행수":1,
            "500m이내병원수":15,
            "5km이내대형병원수":3,
            "500m이내공원수":0,
            "3km이내혐오시설수":0,
            "초등학교학업성취도":88.22,
            "중학교학업성취도":80.6,
            "용적률":269,
            "건폐율":18,
            "Y":35.076906,
            "X":128.98131,
            "rank":35.0,
            "area_info":"20평(67.15), 23평(77.2)",
            "last_sales":"2022-01-10,14000.0,23평(77.2)"
        },
        {
            "index":81,
            "아파트명":"경성스마트W(도시형)",
            "투자타입":"일반",
            "전용면적(m2)":"62.67",
            "전용면적(평)":"18평",
            "법정동주소":"부산시 사하구 괴정동 258",
            "도로명주소":"부산시 사하구 낙동대로 180",
            "세대수":0,
            "입주년차":80,
            "용적률점수":"--",
            "건폐율점수":"--",
            "세대당주차수":0,
            "난방방식":30,
            "공급면적":"--",
            "전용률":"--",
            "욕실수":50,
            "현관타입":100,
            "주거총점":34.0,
            "지역구공급총점":0.0,
            "역세권":"NA",
            "30분내 이동가능 거점":"NA",
            "1시간내 이동가능 거점":"NA",
            "교통총점":"NA",
            "백화점":0,
            "아울렛몰":0,
            "대형마트":80,
            "은행":70,
            "병원":80,
            "종합병원":100,
            "공원":0,
            "혐오시설":0,
            "인프라총점":47.0,
            "초등학군":88.03,
            "중학군":57.06,
            "학군총점":63.254,
            "인구수":34.97,
            "인구증감":-16.93,
            "인구총점":19.4,
            "일자리":13.0,
            "소득수준":54.78,
            "일자리총점":25.534,
            "가치 총점":46.5135,
            "매매실거래년":20211126.0,
            "매매실거래가":22500.0,
            "전세실거래년":20180511.0,
            "전세실거래가":14500.0,
            "전세가율":94.16,
            "장기전세가율평균":71.65,
            "전세가율거품지수":-22.51,
            "검색코드":109021,
            "세대수":182,
            "준공년월":"2015-08-06",
            "준공년차":8,
            "가까운역이름":"NA",
            "가까운역거리":"NA",
            "역세권여부":"NA",
            "30분이내주요거점역":"NA",
            "1시간이내주요거점역":"NA",
            "3km이내백화점수":0,
            "5km이내아울렛몰수":0,
            "1km이내대형먀트수":1,
            "500m이내은행수":3,
            "500m이내병원수":54,
            "5km이내대형병원수":7,
            "500m이내공원수":0,
            "3km이내혐오시설수":0,
            "초등학교학업성취도":88.03,
            "중학교학업성취도":90.1,
            "용적률":562,
            "건폐율":74,
            "Y":35.101894,
            "X":128.996636,
            "rank":36.0,
            "area_info":"18평(62.67), 20평(67.97), 20평(67.97), 20평(67.52), 20평(68.24), 20평(68.57), 20평(68.24), 20평(68.84), 20평(69.07)",
            "last_sales":"2021-11-26,22500.0,20평(69.07)"
        },
        {
            "index":90,
            "아파트명":"경성스마트W2차",
            "투자타입":"일반",
            "전용면적(m2)":"75.51",
            "전용면적(평)":"22평",
            "법정동주소":"부산시 사하구 괴정동 263-1",
            "도로명주소":"부산시 사하구 낙동대로 182",
            "세대수":0,
            "입주년차":80,
            "용적률점수":"--",
            "건폐율점수":"--",
            "세대당주차수":0,
            "난방방식":30,
            "공급면적":"--",
            "전용률":"--",
            "욕실수":50,
            "현관타입":100,
            "주거총점":34.0,
            "지역구공급총점":0.0,
            "역세권":"NA",
            "30분내 이동가능 거점":"NA",
            "1시간내 이동가능 거점":"NA",
            "교통총점":"NA",
            "백화점":0,
            "아울렛몰":0,
            "대형마트":80,
            "은행":70,
            "병원":80,
            "종합병원":100,
            "공원":0,
            "혐오시설":0,
            "인프라총점":47.0,
            "초등학군":88.03,
            "중학군":57.06,
            "학군총점":63.254,
            "인구수":34.97,
            "인구증감":-16.93,
            "인구총점":19.4,
            "일자리":13.0,
            "소득수준":54.78,
            "일자리총점":25.534,
            "가치 총점":46.5135,
            "매매실거래년":20211224.0,
            "매매실거래가":33000.0,
            "전세실거래년":20190822.0,
            "전세실거래가":19000.0,
            "전세가율":68.35,
            "장기전세가율평균":71.65,
            "전세가율거품지수":3.3,
            "검색코드":111402,
            "세대수":123,
            "준공년월":"2017-08-14",
            "준공년차":6,
            "가까운역이름":"NA",
            "가까운역거리":"NA",
            "역세권여부":"NA",
            "30분이내주요거점역":"NA",
            "1시간이내주요거점역":"NA",
            "3km이내백화점수":0,
            "5km이내아울렛몰수":0,
            "1km이내대형먀트수":1,
            "500m이내은행수":3,
            "500m이내병원수":56,
            "5km이내대형병원수":7,
            "500m이내공원수":0,
            "3km이내혐오시설수":0,
            "초등학교학업성취도":88.03,
            "중학교학업성취도":90.1,
            "용적률":568,
            "건폐율":73,
            "Y":35.101795,
            "X":128.996141,
            "rank":36.0,
            "area_info":"22평(75.51), 23평(76.11), 24평(81.36), 25평(85.89), 28평(93.19), 30평(100.32)",
            "last_sales":"2021-12-24,33000.0,30평(100.32)"
        },
        {
            "index":424,
            "아파트명":"조성",
            "투자타입":"재건축",
            "전용면적(m2)":"61.45",
            "전용면적(평)":"18평",
            "법정동주소":"부산시 사하구 다대동 948-1",
            "도로명주소":"부산시 사하구 윤공단로17번길 103",
            "세대수":50,
            "입주년차":"--",
            "용적률점수":100,
            "건폐율점수":80,
            "세대당주차수":"--",
            "난방방식":"--",
            "공급면적":50,
            "전용률":80,
            "욕실수":"--",
            "현관타입":"--",
            "주거총점":77.5,
            "지역구공급총점":0.0,
            "역세권":"NA",
            "30분내 이동가능 거점":"NA",
            "1시간내 이동가능 거점":"NA",
            "교통총점":"NA",
            "백화점":0,
            "아울렛몰":0,
            "대형마트":0,
            "은행":20,
            "병원":60,
            "종합병원":0,
            "공원":100,
            "혐오시설":0,
            "인프라총점":11.0,
            "초등학군":87.17,
            "중학군":51.7,
            "학군총점":58.794,
            "인구수":34.97,
            "인구증감":-16.93,
            "인구총점":19.4,
            "일자리":13.0,
            "소득수준":54.78,
            "일자리총점":25.534,
            "가치 총점":46.2235,
            "매매실거래년":20220111.0,
            "매매실거래가":12250.0,
            "전세실거래년":20211218.0,
            "전세실거래가":4000.0,
            "전세가율":32.65,
            "장기전세가율평균":71.65,
            "전세가율거품지수":39.0,
            "검색코드":15516,
            "세대수":408,
            "준공년월":"1990-03-31",
            "준공년차":33,
            "가까운역이름":"NA",
            "가까운역거리":"NA",
            "역세권여부":"NA",
            "30분이내주요거점역":"NA",
            "1시간이내주요거점역":"NA",
            "3km이내백화점수":0,
            "5km이내아울렛몰수":0,
            "1km이내대형먀트수":0,
            "500m이내은행수":2,
            "500m이내병원수":25,
            "5km이내대형병원수":0,
            "500m이내공원수":3,
            "3km이내혐오시설수":0,
            "초등학교학업성취도":87.17,
            "중학교학업성취도":81.9,
            "용적률":125,
            "건폐율":25,
            "Y":35.056445,
            "X":128.966562,
            "rank":37.0,
            "area_info":"18평(61.45), 21평(72.51)",
            "last_sales":"2022-01-11,12250.0,18평(61.45)"
        },
        {
            "index":426,
            "아파트명":"경보이리스힐당리",
            "투자타입":"일반",
            "전용면적(m2)":"87.94",
            "전용면적(평)":"26평",
            "법정동주소":"부산시 사하구 당리동 577",
            "도로명주소":"부산시 사하구 승학로71번길 146",
            "세대수":0,
            "입주년차":80,
            "용적률점수":"--",
            "건폐율점수":"--",
            "세대당주차수":30,
            "난방방식":30,
            "공급면적":"--",
            "전용률":"--",
            "욕실수":100,
            "현관타입":100,
            "주거총점":43.5,
            "지역구공급총점":0.0,
            "역세권":"NA",
            "30분내 이동가능 거점":"NA",
            "1시간내 이동가능 거점":"NA",
            "교통총점":"NA",
            "백화점":0,
            "아울렛몰":0,
            "대형마트":80,
            "은행":70,
            "병원":0,
            "종합병원":100,
            "공원":80,
            "혐오시설":0,
            "인프라총점":41.4,
            "초등학군":89.48,
            "중학군":49.42,
            "학군총점":57.432,
            "인구수":34.97,
            "인구증감":-16.93,
            "인구총점":19.4,
            "일자리":13.0,
            "소득수준":54.78,
            "일자리총점":25.534,
            "가치 총점":46.143,
            "매매실거래년":20220109.0,
            "매매실거래가":23500.0,
            "전세실거래년":20220113.0,
            "전세실거래가":17500.0,
            "전세가율":74.47,
            "장기전세가율평균":71.65,
            "전세가율거품지수":-2.82,
            "검색코드":109020,
            "세대수":279,
            "준공년월":"2017-04-26",
            "준공년차":6,
            "가까운역이름":"NA",
            "가까운역거리":"NA",
            "역세권여부":"NA",
            "30분이내주요거점역":"NA",
            "1시간이내주요거점역":"NA",
            "3km이내백화점수":0,
            "5km이내아울렛몰수":0,
            "1km이내대형먀트수":1,
            "500m이내은행수":3,
            "500m이내병원수":1,
            "5km이내대형병원수":5,
            "500m이내공원수":1,
            "3km이내혐오시설수":0,
            "초등학교학업성취도":89.48,
            "중학교학업성취도":80.1,
            "용적률":239,
            "건폐율":54,
            "Y":35.108521,
            "X":128.980133,
            "rank":38.0,
            "area_info":"26평(87.94), 28평(94.49), 31평(103.84)",
            "last_sales":"2022-01-09,23500.0,26평(87.94)"
        },
        {
            "index":697,
            "아파트명":"장림윌더하임",
            "투자타입":"일반",
            "전용면적(m2)":"79.99",
            "전용면적(평)":"24평",
            "법정동주소":"부산시 사하구 장림동 599-27",
            "도로명주소":"부산시 사하구 장평로 119",
            "세대수":30,
            "입주년차":40,
            "용적률점수":"--",
            "건폐율점수":"--",
            "세대당주차수":30,
            "난방방식":30,
            "공급면적":"--",
            "전용률":"--",
            "욕실수":50,
            "현관타입":100,
            "주거총점":41.0,
            "지역구공급총점":0.0,
            "역세권":"NA",
            "30분내 이동가능 거점":"NA",
            "1시간내 이동가능 거점":"NA",
            "교통총점":"NA",
            "백화점":0,
            "아울렛몰":0,
            "대형마트":100,
            "은행":100,
            "병원":30,
            "종합병원":80,
            "공원":0,
            "혐오시설":0,
            "인프라총점":44.0,
            "초등학군":83.85,
            "중학군":49.64,
            "학군총점":56.482,
            "인구수":34.97,
            "인구증감":-16.93,
            "인구총점":19.4,
            "일자리":13.0,
            "소득수준":54.78,
            "일자리총점":25.534,
            "가치 총점":46.0705,
            "매매실거래년":20210730.0,
            "매매실거래가":20800.0,
            "전세실거래년":null,
            "전세실거래가":null,
            "전세가율":null,
            "장기전세가율평균":71.65,
            "전세가율거품지수":null,
            "검색코드":13962,
            "세대수":392,
            "준공년월":"2005-11-15",
            "준공년차":18,
            "가까운역이름":"NA",
            "가까운역거리":"NA",
            "역세권여부":"NA",
            "30분이내주요거점역":"NA",
            "1시간이내주요거점역":"NA",
            "3km이내백화점수":0,
            "5km이내아울렛몰수":0,
            "1km이내대형먀트수":2,
            "500m이내은행수":7,
            "500m이내병원수":6,
            "5km이내대형병원수":1,
            "500m이내공원수":0,
            "3km이내혐오시설수":0,
            "초등학교학업성취도":83.85,
            "중학교학업성취도":80.6,
            "용적률":240,
            "건폐율":15,
            "Y":35.076893,
            "X":128.971705,
            "rank":39.0,
            "area_info":"24평(79.99), 24평(81.58), 28평(94.06), 33평(109.39)",
            "last_sales":"2021-07-30,20800.0,33평(109.39)"
        },
        {
            "index":48,
            "아파트명":"부영벽산파라빌",
            "투자타입":"일반",
            "전용면적(m2)":"84.85",
            "전용면적(평)":"25평",
            "법정동주소":"부산시 사하구 감천동 567",
            "도로명주소":"부산시 사하구 감천로21번길 35",
            "세대수":50,
            "입주년차":20,
            "용적률점수":"--",
            "건폐율점수":"--",
            "세대당주차수":30,
            "난방방식":30,
            "공급면적":"--",
            "전용률":"--",
            "욕실수":100,
            "현관타입":100,
            "주거총점":49.0,
            "지역구공급총점":0.0,
            "역세권":"NA",
            "30분내 이동가능 거점":"NA",
            "1시간내 이동가능 거점":"NA",
            "교통총점":"NA",
            "백화점":0,
            "아울렛몰":0,
            "대형마트":80,
            "은행":0,
            "병원":60,
            "종합병원":100,
            "공원":0,
            "혐오시설":0,
            "인프라총점":38.0,
            "초등학군":90.95,
            "중학군":45.8,
            "학군총점":54.83,
            "인구수":34.97,
            "인구증감":-16.93,
            "인구총점":19.4,
            "일자리":13.0,
            "소득수준":54.78,
            "일자리총점":25.534,
            "가치 총점":46.0575,
            "매매실거래년":20211229.0,
            "매매실거래가":23800.0,
            "전세실거래년":20200525.0,
            "전세실거래가":13000.0,
            "전세가율":81.25,
            "장기전세가율평균":71.65,
            "전세가율거품지수":-9.6,
            "검색코드":9824,
            "세대수":634,
            "준공년월":"2002-12-18",
            "준공년차":21,
            "가까운역이름":"NA",
            "가까운역거리":"NA",
            "역세권여부":"NA",
            "30분이내주요거점역":"NA",
            "1시간이내주요거점역":"NA",
            "3km이내백화점수":0,
            "5km이내아울렛몰수":0,
            "1km이내대형먀트수":1,
            "500m이내은행수":1,
            "500m이내병원수":12,
            "5km이내대형병원수":7,
            "500m이내공원수":0,
            "3km이내혐오시설수":0,
            "초등학교학업성취도":90.95,
            "중학교학업성취도":75.0,
            "용적률":298,
            "건폐율":19,
            "Y":35.094041,
            "X":128.995817,
            "rank":40.0,
            "area_info":"25평(84.85), 25평(85.85), 34평(113.23), 46평(153.3)",
            "last_sales":"2021-12-29,23800.0,34평(113.23)"
        },
        {
            "index":609,
            "아파트명":"강남",
            "투자타입":"재건축",
            "전용면적(m2)":"92.79",
            "전용면적(평)":"28평",
            "법정동주소":"부산시 사하구 장림동 566-7",
            "도로명주소":"부산시 사하구 장평로41번길 61",
            "세대수":50,
            "입주년차":"--",
            "용적률점수":60,
            "건폐율점수":100,
            "세대당주차수":"--",
            "난방방식":"--",
            "공급면적":70,
            "전용률":80,
            "욕실수":"--",
            "현관타입":"--",
            "주거총점":66.5,
            "지역구공급총점":0.0,
            "역세권":"NA",
            "30분내 이동가능 거점":"NA",
            "1시간내 이동가능 거점":"NA",
            "교통총점":"NA",
            "백화점":0,
            "아울렛몰":0,
            "대형마트":0,
            "은행":70,
            "병원":0,
            "종합병원":80,
            "공원":0,
            "혐오시설":0,
            "인프라총점":23.0,
            "초등학군":83.85,
            "중학군":46.52,
            "학군총점":53.986,
            "인구수":34.97,
            "인구증감":-16.93,
            "인구총점":19.4,
            "일자리":13.0,
            "소득수준":54.78,
            "일자리총점":25.534,
            "가치 총점":45.9715,
            "매매실거래년":20211126.0,
            "매매실거래가":14800.0,
            "전세실거래년":20210622.0,
            "전세실거래가":11000.0,
            "전세가율":100.0,
            "장기전세가율평균":71.65,
            "전세가율거품지수":-28.35,
            "검색코드":6906,
            "세대수":447,
            "준공년월":"1992-06-30",
            "준공년차":31,
            "가까운역이름":"NA",
            "가까운역거리":"NA",
            "역세권여부":"NA",
            "30분이내주요거점역":"NA",
            "1시간이내주요거점역":"NA",
            "3km이내백화점수":0,
            "5km이내아울렛몰수":0,
            "1km이내대형먀트수":0,
            "500m이내은행수":4,
            "500m이내병원수":0,
            "5km이내대형병원수":1,
            "500m이내공원수":0,
            "3km이내혐오시설수":0,
            "초등학교학업성취도":83.85,
            "중학교학업성취도":75.4,
            "용적률":186,
            "건폐율":16,
            "Y":35.072267,
            "X":128.970795,
            "rank":41.0,
            "area_info":"28평(92.79), 30평(101.2), 32평(108.04)",
            "last_sales":"2021-11-26,14800.0,30평(101.2)"
        },
        {
            "index":601,
            "아파트명":"한신",
            "투자타입":"일반",
            "전용면적(m2)":"93.76",
            "전용면적(평)":"28평",
            "법정동주소":"부산시 사하구 신평동 425",
            "도로명주소":"부산시 사하구 비봉로 42",
            "세대수":90,
            "입주년차":0,
            "용적률점수":"--",
            "건폐율점수":"--",
            "세대당주차수":0,
            "난방방식":30,
            "공급면적":"--",
            "전용률":"--",
            "욕실수":50,
            "현관타입":100,
            "주거총점":49.5,
            "지역구공급총점":0.0,
            "역세권":"NA",
            "30분내 이동가능 거점":"NA",
            "1시간내 이동가능 거점":"NA",
            "교통총점":"NA",
            "백화점":0,
            "아울렛몰":0,
            "대형마트":80,
            "은행":0,
            "병원":10,
            "종합병원":100,
            "공원":0,
            "혐오시설":0,
            "인프라총점":33.0,
            "초등학군":100.0,
            "중학군":48.76,
            "학군총점":59.008,
            "인구수":34.97,
            "인구증감":-16.93,
            "인구총점":19.4,
            "일자리":13.0,
            "소득수준":54.78,
            "일자리총점":25.534,
            "가치 총점":45.277,
            "매매실거래년":20211208.0,
            "매매실거래가":22500.0,
            "전세실거래년":20210316.0,
            "전세실거래가":12000.0,
            "전세가율":92.31,
            "장기전세가율평균":71.65,
            "전세가율거품지수":-20.66,
            "검색코드":6880,
            "세대수":937,
            "준공년월":"1993-12-14",
            "준공년차":30,
            "가까운역이름":"NA",
            "가까운역거리":"NA",
            "역세권여부":"NA",
            "30분이내주요거점역":"NA",
            "1시간이내주요거점역":"NA",
            "3km이내백화점수":0,
            "5km이내아울렛몰수":0,
            "1km이내대형먀트수":1,
            "500m이내은행수":1,
            "500m이내병원수":3,
            "5km이내대형병원수":3,
            "500m이내공원수":0,
            "3km이내혐오시설수":0,
            "초등학교학업성취도":100.0,
            "중학교학업성취도":79.6,
            "용적률":341,
            "건폐율":16,
            "Y":35.097729,
            "X":128.966698,
            "rank":42.0,
            "area_info":"28평(93.76), 31평(104.15), 35평(118.85), 43평(144.2), 48평(159.61), 48평(159.56), 49평(163.02), 53평(175.24)",
            "last_sales":"2021-12-08,22500.0,48평(159.56)"
        },
        {
            "index":722,
            "아파트명":"지원시티파크(도시형)",
            "투자타입":"일반",
            "전용면적(m2)":"41.84",
            "전용면적(평)":"12평",
            "법정동주소":"부산시 사하구 장림동 333-2",
            "도로명주소":"부산시 사하구 장림번영로 50",
            "세대수":0,
            "입주년차":80,
            "용적률점수":"--",
            "건폐율점수":"--",
            "세대당주차수":0,
            "난방방식":30,
            "공급면적":"--",
            "전용률":"--",
            "욕실수":50,
            "현관타입":100,
            "주거총점":34.0,
            "지역구공급총점":0.0,
            "역세권":"NA",
            "30분내 이동가능 거점":"NA",
            "1시간내 이동가능 거점":"NA",
            "교통총점":"NA",
            "백화점":0,
            "아울렛몰":0,
            "대형마트":100,
            "은행":70,
            "병원":30,
            "종합병원":100,
            "공원":80,
            "혐오시설":0,
            "인프라총점":47.4,
            "초등학군":83.85,
            "중학군":49.64,
            "학군총점":56.482,
            "인구수":34.97,
            "인구증감":-16.93,
            "인구총점":19.4,
            "일자리":13.0,
            "소득수준":54.78,
            "일자리총점":25.534,
            "가치 총점":44.9805,
            "매매실거래년":20210510.0,
            "매매실거래가":14600.0,
            "전세실거래년":20190218.0,
            "전세실거래가":8000.0,
            "전세가율":62.99,
            "장기전세가율평균":71.65,
            "전세가율거품지수":8.66,
            "검색코드":111292,
            "세대수":284,
            "준공년월":"2015-06-29",
            "준공년차":8,
            "가까운역이름":"NA",
            "가까운역거리":"NA",
            "역세권여부":"NA",
            "30분이내주요거점역":"NA",
            "1시간이내주요거점역":"NA",
            "3km이내백화점수":0,
            "5km이내아울렛몰수":0,
            "1km이내대형먀트수":2,
            "500m이내은행수":3,
            "500m이내병원수":9,
            "5km이내대형병원수":2,
            "500m이내공원수":1,
            "3km이내혐오시설수":0,
            "초등학교학업성취도":83.85,
            "중학교학업성취도":80.6,
            "용적률":496,
            "건폐율":59,
            "Y":35.080353,
            "X":128.970836,
            "rank":43.0,
            "area_info":"12평(41.84), 14평(48.6), 14평(49.44), 17평(56.25), 17평(59.13), 18평(61.13)",
            "last_sales":"2021-05-10,14600.0,18평(61.13)"
        },
        {
            "index":35,
            "아파트명":"남성한빛가든",
            "투자타입":"일반",
            "전용면적(m2)":"81.87",
            "전용면적(평)":"24평",
            "법정동주소":"부산시 사하구 감천동 181-1",
            "도로명주소":"부산시 사하구 감천로 175",
            "세대수":30,
            "입주년차":0,
            "용적률점수":"--",
            "건폐율점수":"--",
            "세대당주차수":0,
            "난방방식":30,
            "공급면적":"--",
            "전용률":"--",
            "욕실수":50,
            "현관타입":100,
            "주거총점":28.5,
            "지역구공급총점":0.0,
            "역세권":"NA",
            "30분내 이동가능 거점":"NA",
            "1시간내 이동가능 거점":"NA",
            "교통총점":"NA",
            "백화점":100,
            "아울렛몰":0,
            "대형마트":0,
            "은행":0,
            "병원":0,
            "종합병원":100,
            "공원":80,
            "혐오시설":-50,
            "인프라총점":51.4,
            "초등학군":91.01,
            "중학군":48.02,
            "학군총점":56.618,
            "인구수":34.97,
            "인구증감":-16.93,
            "인구총점":19.4,
            "일자리":13.0,
            "소득수준":54.78,
            "일자리총점":25.534,
            "가치 총점":44.6895,
            "매매실거래년":20211222.0,
            "매매실거래가":10000.0,
            "전세실거래년":20211129.0,
            "전세실거래가":11800.0,
            "전세가율":118.0,
            "장기전세가율평균":71.65,
            "전세가율거품지수":-46.35,
            "검색코드":6095,
            "세대수":307,
            "준공년월":"1995-10-20",
            "준공년차":28,
            "가까운역이름":"NA",
            "가까운역거리":"NA",
            "역세권여부":"NA",
            "30분이내주요거점역":"NA",
            "1시간이내주요거점역":"NA",
            "3km이내백화점수":1,
            "5km이내아울렛몰수":0,
            "1km이내대형먀트수":0,
            "500m이내은행수":0,
            "500m이내병원수":0,
            "5km이내대형병원수":7,
            "500m이내공원수":1,
            "3km이내혐오시설수":1,
            "초등학교학업성취도":91.01,
            "중학교학업성취도":76.7,
            "용적률":398,
            "건폐율":31,
            "Y":35.084295,
            "X":129.010217,
            "rank":44.0,
            "area_info":"24평(81.87), 24평(82.42), 33평(109.92)",
            "last_sales":"2021-12-22,10000.0,24평(81.87)"
        },
        {
            "index":213,
            "아파트명":"새괴정협진태양",
            "투자타입":"재건축",
            "전용면적(m2)":"49.58",
            "전용면적(평)":"14평",
            "법정동주소":"부산시 사하구 괴정동 607",
            "도로명주소":"부산시 사하구 사하로141번나길 11-5",
            "세대수":0,
            "입주년차":"--",
            "용적률점수":100,
            "건폐율점수":20,
            "세대당주차수":"--",
            "난방방식":"--",
            "공급면적":50,
            "전용률":80,
            "욕실수":"--",
            "현관타입":"--",
            "주거총점":50.5,
            "지역구공급총점":0.0,
            "역세권":"NA",
            "30분내 이동가능 거점":"NA",
            "1시간내 이동가능 거점":"NA",
            "교통총점":"NA",
            "백화점":0,
            "아울렛몰":0,
            "대형마트":80,
            "은행":0,
            "병원":10,
            "종합병원":100,
            "공원":0,
            "혐오시설":0,
            "인프라총점":33.0,
            "초등학군":90.95,
            "중학군":45.8,
            "학군총점":54.83,
            "인구수":34.97,
            "인구증감":-16.93,
            "인구총점":19.4,
            "일자리":13.0,
            "소득수준":54.78,
            "일자리총점":25.534,
            "가치 총점":44.5825,
            "매매실거래년":20210624.0,
            "매매실거래가":22800.0,
            "전세실거래년":null,
            "전세실거래가":null,
            "전세가율":null,
            "장기전세가율평균":71.65,
            "전세가율거품지수":null,
            "검색코드":6343,
            "세대수":120,
            "준공년월":"1985-09-16",
            "준공년차":38,
            "가까운역이름":"NA",
            "가까운역거리":"NA",
            "역세권여부":"NA",
            "30분이내주요거점역":"NA",
            "1시간이내주요거점역":"NA",
            "3km이내백화점수":0,
            "5km이내아울렛몰수":0,
            "1km이내대형먀트수":1,
            "500m이내은행수":1,
            "500m이내병원수":2,
            "5km이내대형병원수":7,
            "500m이내공원수":0,
            "3km이내혐오시설수":0,
            "초등학교학업성취도":90.95,
            "중학교학업성취도":75.0,
            "용적률":140,
            "건폐율":43,
            "Y":35.093647,
            "X":128.991041,
            "rank":45.0,
            "area_info":"14평(49.58), 15평(51.16), 16평(55.32), 17평(56.8), 19평(64.85), 19평(64.11), 20평(66.43), 22평(73.46), 22평(74.29)",
            "last_sales":"2021-06-24,22800.0,22평(73.46)"
        },
        {
            "index":289,
            "아파트명":"흥아거북",
            "투자타입":"재건축",
            "전용면적(m2)":"72.31",
            "전용면적(평)":"21평",
            "법정동주소":"부산시 사하구 괴정동 457",
            "도로명주소":"부산시 사하구 오작로8번길 50",
            "세대수":0,
            "입주년차":"--",
            "용적률점수":80,
            "건폐율점수":20,
            "세대당주차수":"--",
            "난방방식":"--",
            "공급면적":50,
            "전용률":80,
            "욕실수":"--",
            "현관타입":"--",
            "주거총점":42.5,
            "지역구공급총점":0.0,
            "역세권":"NA",
            "30분내 이동가능 거점":"NA",
            "1시간내 이동가능 거점":"NA",
            "교통총점":"NA",
            "백화점":0,
            "아울렛몰":0,
            "대형마트":80,
            "은행":20,
            "병원":60,
            "종합병원":100,
            "공원":0,
            "혐오시설":0,
            "인프라총점":40.0,
            "초등학군":90.95,
            "중학군":45.8,
            "학군총점":54.83,
            "인구수":34.97,
            "인구증감":-16.93,
            "인구총점":19.4,
            "일자리":13.0,
            "소득수준":54.78,
            "일자리총점":25.534,
            "가치 총점":44.5825,
            "매매실거래년":20210618.0,
            "매매실거래가":11400.0,
            "전세실거래년":null,
            "전세실거래가":null,
            "전세가율":null,
            "장기전세가율평균":71.65,
            "전세가율거품지수":null,
            "검색코드":24653,
            "세대수":100,
            "준공년월":"1985-05-17",
            "준공년차":38,
            "가까운역이름":"NA",
            "가까운역거리":"NA",
            "역세권여부":"NA",
            "30분이내주요거점역":"NA",
            "1시간이내주요거점역":"NA",
            "3km이내백화점수":0,
            "5km이내아울렛몰수":0,
            "1km이내대형먀트수":1,
            "500m이내은행수":2,
            "500m이내병원수":14,
            "5km이내대형병원수":7,
            "500m이내공원수":0,
            "3km이내혐오시설수":0,
            "초등학교학업성취도":90.95,
            "중학교학업성취도":75.0,
            "용적률":167,
            "건폐율":45,
            "Y":35.095386,
            "X":128.99557,
            "rank":45.0,
            "area_info":"21평(72.31), 22평(73.46), 22평(75.46), 23평(76.89), 26평(87.54), 26평(88.98), 28평(93.47)",
            "last_sales":"2021-06-18,11400.0,26평(88.98)"
        },
        {
            "index":625,
            "아파트명":"동원3차",
            "투자타입":"일반",
            "전용면적(m2)":"80.38",
            "전용면적(평)":"24평",
            "법정동주소":"부산시 사하구 장림동 185-1",
            "도로명주소":"부산시 사하구 다대로227번길 37",
            "세대수":50,
            "입주년차":20,
            "용적률점수":"--",
            "건폐율점수":"--",
            "세대당주차수":0,
            "난방방식":30,
            "공급면적":"--",
            "전용률":"--",
            "욕실수":50,
            "현관타입":100,
            "주거총점":39.5,
            "지역구공급총점":0.0,
            "역세권":"NA",
            "30분내 이동가능 거점":"NA",
            "1시간내 이동가능 거점":"NA",
            "교통총점":"NA",
            "백화점":0,
            "아울렛몰":0,
            "대형마트":100,
            "은행":0,
            "병원":60,
            "종합병원":100,
            "공원":0,
            "혐오시설":0,
            "인프라총점":41.0,
            "초등학군":88.22,
            "중학군":49.64,
            "학군총점":57.356,
            "인구수":34.97,
            "인구증감":-16.93,
            "인구총점":19.4,
            "일자리":13.0,
            "소득수준":54.78,
            "일자리총점":25.534,
            "가치 총점":44.564,
            "매매실거래년":20211120.0,
            "매매실거래가":20500.0,
            "전세실거래년":null,
            "전세실거래가":null,
            "전세가율":null,
            "장기전세가율평균":71.65,
            "전세가율거품지수":null,
            "검색코드":10983,
            "세대수":402,
            "준공년월":"1999-10-20",
            "준공년차":24,
            "가까운역이름":"NA",
            "가까운역거리":"NA",
            "역세권여부":"NA",
            "30분이내주요거점역":"NA",
            "1시간이내주요거점역":"NA",
            "3km이내백화점수":0,
            "5km이내아울렛몰수":0,
            "1km이내대형먀트수":2,
            "500m이내은행수":1,
            "500m이내병원수":15,
            "5km이내대형병원수":3,
            "500m이내공원수":0,
            "3km이내혐오시설수":0,
            "초등학교학업성취도":88.22,
            "중학교학업성취도":80.6,
            "용적률":315,
            "건폐율":17,
            "Y":35.081037,
            "X":128.978827,
            "rank":46.0,
            "area_info":"24평(80.38), 24평(80.38), 26평(87.99), 28평(92.67), 30평(102.33), 32평(107.73)",
            "last_sales":"2021-11-20,20500.0,32평(107.73)"
        },
        {
            "index":717,
            "아파트명":"장림협진태양",
            "투자타입":"재건축",
            "전용면적(m2)":"60.74",
            "전용면적(평)":"18평",
            "법정동주소":"부산시 사하구 장림동 65",
            "도로명주소":"부산시 사하구 두송로 32",
            "세대수":0,
            "입주년차":"--",
            "용적률점수":80,
            "건폐율점수":20,
            "세대당주차수":"--",
            "난방방식":"--",
            "공급면적":50,
            "전용률":80,
            "욕실수":"--",
            "현관타입":"--",
            "주거총점":42.5,
            "지역구공급총점":0.0,
            "역세권":"NA",
            "30분내 이동가능 거점":"NA",
            "1시간내 이동가능 거점":"NA",
            "교통총점":"NA",
            "백화점":0,
            "아울렛몰":0,
            "대형마트":80,
            "은행":0,
            "병원":60,
            "종합병원":100,
            "공원":0,
            "혐오시설":0,
            "인프라총점":38.0,
            "초등학군":88.22,
            "중학군":49.64,
            "학군총점":57.356,
            "인구수":34.97,
            "인구증감":-16.93,
            "인구총점":19.4,
            "일자리":13.0,
            "소득수준":54.78,
            "일자리총점":25.534,
            "가치 총점":44.414,
            "매매실거래년":20211216.0,
            "매매실거래가":9000.0,
            "전세실거래년":20210930.0,
            "전세실거래가":6300.0,
            "전세가율":70.0,
            "장기전세가율평균":71.65,
            "전세가율거품지수":1.65,
            "검색코드":7083,
            "세대수":148,
            "준공년월":"1989-05-02",
            "준공년차":34,
            "가까운역이름":"NA",
            "가까운역거리":"NA",
            "역세권여부":"NA",
            "30분이내주요거점역":"NA",
            "1시간이내주요거점역":"NA",
            "3km이내백화점수":0,
            "5km이내아울렛몰수":0,
            "1km이내대형먀트수":1,
            "500m이내은행수":1,
            "500m이내병원수":16,
            "5km이내대형병원수":3,
            "500m이내공원수":0,
            "3km이내혐오시설수":0,
            "초등학교학업성취도":88.22,
            "중학교학업성취도":80.6,
            "용적률":165,
            "건폐율":41,
            "Y":35.078487,
            "X":128.979794,
            "rank":47.0,
            "area_info":"18평(60.74), 23평(76.41), 24평(79.39), 29평(96.71), 30평(100.03)",
            "last_sales":"2021-12-16,9000.0,18평(60.74)"
        },
        {
            "index":689,
            "아파트명":"장림역사하베스티움",
            "투자타입":"일반",
            "전용면적(m2)":"63.13",
            "전용면적(평)":"19평",
            "법정동주소":"부산시 사하구 장림동 340-8",
            "도로명주소":"부산시 사하구 장림번영로 96",
            "세대수":0,
            "입주년차":80,
            "용적률점수":"--",
            "건폐율점수":"--",
            "세대당주차수":30,
            "난방방식":30,
            "공급면적":"--",
            "전용률":"--",
            "욕실수":50,
            "현관타입":100,
            "주거총점":38.5,
            "지역구공급총점":0.0,
            "역세권":"NA",
            "30분내 이동가능 거점":"NA",
            "1시간내 이동가능 거점":"NA",
            "교통총점":"NA",
            "백화점":0,
            "아울렛몰":0,
            "대형마트":100,
            "은행":0,
            "병원":60,
            "종합병원":100,
            "공원":0,
            "혐오시설":0,
            "인프라총점":41.0,
            "초등학군":88.22,
            "중학군":49.64,
            "학군총점":57.356,
            "인구수":34.97,
            "인구증감":-16.93,
            "인구총점":19.4,
            "일자리":13.0,
            "소득수준":54.78,
            "일자리총점":25.534,
            "가치 총점":44.214,
            "매매실거래년":20220107.0,
            "매매실거래가":18800.0,
            "전세실거래년":20210730.0,
            "전세실거래가":15000.0,
            "전세가율":79.79,
            "장기전세가율평균":71.65,
            "전세가율거품지수":-8.14,
            "검색코드":110584,
            "세대수":202,
            "준공년월":"2017-12-15",
            "준공년차":6,
            "가까운역이름":"NA",
            "가까운역거리":"NA",
            "역세권여부":"NA",
            "30분이내주요거점역":"NA",
            "1시간이내주요거점역":"NA",
            "3km이내백화점수":0,
            "5km이내아울렛몰수":0,
            "1km이내대형먀트수":2,
            "500m이내은행수":1,
            "500m이내병원수":15,
            "5km이내대형병원수":3,
            "500m이내공원수":0,
            "3km이내혐오시설수":0,
            "초등학교학업성취도":88.22,
            "중학교학업성취도":80.6,
            "용적률":387,
            "건폐율":33,
            "Y":35.080244,
            "X":128.975682,
            "rank":48.0,
            "area_info":"19평(63.13), 21평(71.55), 21평(72.38), 24평(81.17)",
            "last_sales":"2022-01-07,18800.0,19평(63.13)"
        },
        {
            "index":624,
            "아파트명":"나산리버빌",
            "투자타입":"일반",
            "전용면적(m2)":"105.92",
            "전용면적(평)":"32평",
            "법정동주소":"부산시 사하구 장림동 321-28",
            "도로명주소":"부산시 사하구 장림번영로 53",
            "세대수":0,
            "입주년차":40,
            "용적률점수":"--",
            "건폐율점수":"--",
            "세대당주차수":0,
            "난방방식":30,
            "공급면적":"--",
            "전용률":"--",
            "욕실수":100,
            "현관타입":100,
            "주거총점":31.0,
            "지역구공급총점":0.0,
            "역세권":"NA",
            "30분내 이동가능 거점":"NA",
            "1시간내 이동가능 거점":"NA",
            "교통총점":"NA",
            "백화점":0,
            "아울렛몰":0,
            "대형마트":100,
            "은행":70,
            "병원":30,
            "종합병원":100,
            "공원":80,
            "혐오시설":0,
            "인프라총점":47.4,
            "초등학군":88.22,
            "중학군":49.64,
            "학군총점":57.356,
            "인구수":34.97,
            "인구증감":-16.93,
            "인구총점":19.4,
            "일자리":13.0,
            "소득수준":54.78,
            "일자리총점":25.534,
            "가치 총점":44.149,
            "매매실거래년":20211218.0,
            "매매실거래가":23700.0,
            "전세실거래년":20171103.0,
            "전세실거래가":8000.0,
            "전세가율":33.76,
            "장기전세가율평균":71.65,
            "전세가율거품지수":37.89,
            "검색코드":100616,
            "세대수":128,
            "준공년월":"2008-03-10",
            "준공년차":15,
            "가까운역이름":"NA",
            "가까운역거리":"NA",
            "역세권여부":"NA",
            "30분이내주요거점역":"NA",
            "1시간이내주요거점역":"NA",
            "3km이내백화점수":0,
            "5km이내아울렛몰수":0,
            "1km이내대형먀트수":2,
            "500m이내은행수":3,
            "500m이내병원수":9,
            "5km이내대형병원수":2,
            "500m이내공원수":1,
            "3km이내혐오시설수":0,
            "초등학교학업성취도":88.22,
            "중학교학업성취도":80.6,
            "용적률":433,
            "건폐율":45,
            "Y":35.081062,
            "X":128.971239,
            "rank":49.0,
            "area_info":"32평(105.92)",
            "last_sales":"2021-12-18,23700.0,32평(105.92)"
        },
        {
            "index":803,
            "아파트명":"하단청구",
            "투자타입":"일반",
            "전용면적(m2)":"78.73",
            "전용면적(평)":"23평",
            "법정동주소":"부산시 사하구 하단동 717-1",
            "도로명주소":"부산시 사하구 낙동대로520번길 14",
            "세대수":50,
            "입주년차":20,
            "용적률점수":"--",
            "건폐율점수":"--",
            "세대당주차수":0,
            "난방방식":30,
            "공급면적":"--",
            "전용률":"--",
            "욕실수":50,
            "현관타입":100,
            "주거총점":39.5,
            "지역구공급총점":0.0,
            "역세권":"NA",
            "30분내 이동가능 거점":"NA",
            "1시간내 이동가능 거점":"NA",
            "교통총점":"NA",
            "백화점":0,
            "아울렛몰":0,
            "대형마트":0,
            "은행":70,
            "병원":60,
            "종합병원":100,
            "공원":80,
            "혐오시설":0,
            "인프라총점":35.4,
            "초등학군":89.48,
            "중학군":57.48,
            "학군총점":63.88,
            "인구수":34.97,
            "인구증감":-16.93,
            "인구총점":19.4,
            "일자리":13.0,
            "소득수준":54.78,
            "일자리총점":25.534,
            "가치 총점":43.955,
            "매매실거래년":20211217.0,
            "매매실거래가":39500.0,
            "전세실거래년":20210826.0,
            "전세실거래가":16000.0,
            "전세가율":80.0,
            "장기전세가율평균":71.65,
            "전세가율거품지수":-8.35,
            "검색코드":7102,
            "세대수":448,
            "준공년월":"1999-02-13",
            "준공년차":24,
            "가까운역이름":"NA",
            "가까운역거리":"NA",
            "역세권여부":"NA",
            "30분이내주요거점역":"NA",
            "1시간이내주요거점역":"NA",
            "3km이내백화점수":0,
            "5km이내아울렛몰수":0,
            "1km이내대형먀트수":0,
            "500m이내은행수":3,
            "500m이내병원수":19,
            "5km이내대형병원수":3,
            "500m이내공원수":1,
            "3km이내혐오시설수":0,
            "초등학교학업성취도":89.48,
            "중학교학업성취도":93.0,
            "용적률":338,
            "건폐율":19,
            "Y":35.11052,
            "X":128.96741,
            "rank":50.0,
            "area_info":"23평(78.73), 31평(105.43), 45평(151.97), 60평(198.85)",
            "last_sales":"2021-12-17,39500.0,45평(151.97)"
        },
        {
            "index":498,
            "아파트명":"부영벽산블루밍",
            "투자타입":"일반",
            "전용면적(m2)":"80.21",
            "전용면적(평)":"24평",
            "법정동주소":"부산시 사하구 당리동 66",
            "도로명주소":"부산시 사하구 승학로71번길 60",
            "세대수":0,
            "입주년차":60,
            "용적률점수":"--",
            "건폐율점수":"--",
            "세대당주차수":30,
            "난방방식":30,
            "공급면적":"--",
            "전용률":"--",
            "욕실수":100,
            "현관타입":50,
            "주거총점":34.5,
            "지역구공급총점":0.0,
            "역세권":"NA",
            "30분내 이동가능 거점":"NA",
            "1시간내 이동가능 거점":"NA",
            "교통총점":"NA",
            "백화점":0,
            "아울렛몰":0,
            "대형마트":80,
            "은행":20,
            "병원":60,
            "종합병원":100,
            "공원":100,
            "혐오시설":0,
            "인프라총점":43.0,
            "초등학군":89.48,
            "중학군":49.42,
            "학군총점":57.432,
            "인구수":34.97,
            "인구증감":-16.93,
            "인구총점":19.4,
            "일자리":13.0,
            "소득수준":54.78,
            "일자리총점":25.534,
            "가치 총점":43.633,
            "매매실거래년":20211011.0,
            "매매실거래가":31000.0,
            "전세실거래년":20211017.0,
            "전세실거래가":17000.0,
            "전세가율":68.0,
            "장기전세가율평균":71.65,
            "전세가율거품지수":3.65,
            "검색코드":102929,
            "세대수":298,
            "준공년월":"2011-01-19",
            "준공년차":12,
            "가까운역이름":"NA",
            "가까운역거리":"NA",
            "역세권여부":"NA",
            "30분이내주요거점역":"NA",
            "1시간이내주요거점역":"NA",
            "3km이내백화점수":0,
            "5km이내아울렛몰수":0,
            "1km이내대형먀트수":1,
            "500m이내은행수":2,
            "500m이내병원수":13,
            "5km이내대형병원수":5,
            "500m이내공원수":2,
            "3km이내혐오시설수":0,
            "초등학교학업성취도":89.48,
            "중학교학업성취도":80.1,
            "용적률":224,
            "건폐율":18,
            "Y":35.106121,
            "X":128.977975,
            "rank":51.0,
            "area_info":"24평(80.21), 34평(112.83), 34평(112.81), 34평(112.81), 34평(112.83)",
            "last_sales":"2021-10-11,31000.0,34평(112.83)"
        },
        {
            "index":429,
            "아파트명":"당리동원베네스트1차",
            "투자타입":"일반",
            "전용면적(m2)":"75.94",
            "전용면적(평)":"22평",
            "법정동주소":"부산시 사하구 당리동 16-7",
            "도로명주소":"부산시 사하구 제석로 160",
            "세대수":50,
            "입주년차":40,
            "용적률점수":"--",
            "건폐율점수":"--",
            "세대당주차수":30,
            "난방방식":30,
            "공급면적":"--",
            "전용률":"--",
            "욕실수":100,
            "현관타입":100,
            "주거총점":53.0,
            "지역구공급총점":0.0,
            "역세권":"NA",
            "30분내 이동가능 거점":"NA",
            "1시간내 이동가능 거점":"NA",
            "교통총점":"NA",
            "백화점":0,
            "아울렛몰":0,
            "대형마트":0,
            "은행":70,
            "병원":0,
            "종합병원":100,
            "공원":0,
            "혐오시설":0,
            "인프라총점":27.0,
            "초등학군":89.48,
            "중학군":49.0,
            "학군총점":57.096,
            "인구수":34.97,
            "인구증감":-16.93,
            "인구총점":19.4,
            "일자리":13.0,
            "소득수준":54.78,
            "일자리총점":25.534,
            "가치 총점":43.624,
            "매매실거래년":20211220.0,
            "매매실거래가":17500.0,
            "전세실거래년":20210727.0,
            "전세실거래가":15000.0,
            "전세가율":83.33,
            "장기전세가율평균":71.65,
            "전세가율거품지수":-11.68,
            "검색코드":10986,
            "세대수":499,
            "준공년월":"2005-02-05",
            "준공년차":18,
            "가까운역이름":"NA",
            "가까운역거리":"NA",
            "역세권여부":"NA",
            "30분이내주요거점역":"NA",
            "1시간이내주요거점역":"NA",
            "3km이내백화점수":0,
            "5km이내아울렛몰수":0,
            "1km이내대형먀트수":0,
            "500m이내은행수":3,
            "500m이내병원수":0,
            "5km이내대형병원수":6,
            "500m이내공원수":0,
            "3km이내혐오시설수":0,
            "초등학교학업성취도":89.48,
            "중학교학업성취도":78.8,
            "용적률":214,
            "건폐율":20,
            "Y":35.110161,
            "X":128.98444,
            "rank":52.0,
            "area_info":"22평(75.94), 28평(94.46), 31평(103.39), 44평(148.46)",
            "last_sales":"2021-12-20,17500.0,28평(94.46)"
        },
        {
            "index":115,
            "아파트명":"괴정신동아파밀리에",
            "투자타입":"일반",
            "전용면적(m2)":"77.93",
            "전용면적(평)":"23평",
            "법정동주소":"부산시 사하구 괴정동 1283",
            "도로명주소":"부산시 사하구 사하로142번길 38",
            "세대수":0,
            "입주년차":100,
            "용적률점수":"--",
            "건폐율점수":"--",
            "세대당주차수":0,
            "난방방식":30,
            "공급면적":"--",
            "전용률":"--",
            "욕실수":100,
            "현관타입":100,
            "주거총점":43.0,
            "지역구공급총점":0.0,
            "역세권":"NA",
            "30분내 이동가능 거점":"NA",
            "1시간내 이동가능 거점":"NA",
            "교통총점":"NA",
            "백화점":0,
            "아울렛몰":0,
            "대형마트":80,
            "은행":20,
            "병원":30,
            "종합병원":100,
            "공원":0,
            "혐오시설":0,
            "인프라총점":37.0,
            "초등학군":90.95,
            "중학군":45.8,
            "학군총점":54.83,
            "인구수":34.97,
            "인구증감":-16.93,
            "인구총점":19.4,
            "일자리":13.0,
            "소득수준":54.78,
            "일자리총점":25.534,
            "가치 총점":43.5575,
            "매매실거래년":20210818.0,
            "매매실거래가":51750.0,
            "전세실거래년":20211005.0,
            "전세실거래가":27000.0,
            "전세가율":91.53,
            "장기전세가율평균":71.65,
            "전세가율거품지수":-19.88,
            "검색코드":109827,
            "세대수":150,
            "준공년월":"2020-06-02",
            "준공년차":3,
            "가까운역이름":"NA",
            "가까운역거리":"NA",
            "역세권여부":"NA",
            "30분이내주요거점역":"NA",
            "1시간이내주요거점역":"NA",
            "3km이내백화점수":0,
            "5km이내아울렛몰수":0,
            "1km이내대형먀트수":1,
            "500m이내은행수":2,
            "500m이내병원수":9,
            "5km이내대형병원수":7,
            "500m이내공원수":0,
            "3km이내혐오시설수":0,
            "초등학교학업성취도":90.95,
            "중학교학업성취도":75.0,
            "용적률":198,
            "건폐율":19,
            "Y":35.094691,
            "X":128.994975,
            "rank":53.0,
            "area_info":"23평(77.93), 28평(93.84), 32평(108.78)",
            "last_sales":"2021-08-18,51750.0,32평(108.78)"
        },
        {
            "index":734,
            "아파트명":"가락타운1단지",
            "투자타입":"재건축",
            "전용면적(m2)":"89.71",
            "전용면적(평)":"27평",
            "법정동주소":"부산시 사하구 하단동 1161-2",
            "도로명주소":"부산시 사하구 하신번영로 365",
            "세대수":100,
            "입주년차":"--",
            "용적률점수":0,
            "건폐율점수":100,
            "세대당주차수":"--",
            "난방방식":"--",
            "공급면적":70,
            "전용률":80,
            "욕실수":"--",
            "현관타입":"--",
            "주거총점":57.5,
            "지역구공급총점":0.0,
            "역세권":"NA",
            "30분내 이동가능 거점":"NA",
            "1시간내 이동가능 거점":"NA",
            "교통총점":"NA",
            "백화점":0,
            "아울렛몰":0,
            "대형마트":0,
            "은행":0,
            "병원":10,
            "종합병원":80,
            "공원":80,
            "혐오시설":0,
            "인프라총점":19.4,
            "초등학군":89.19,
            "중학군":55.88,
            "학군총점":62.542,
            "인구수":34.97,
            "인구증감":-16.93,
            "인구총점":19.4,
            "일자리":13.0,
            "소득수준":54.78,
            "일자리총점":25.534,
            "가치 총점":43.5205,
            "매매실거래년":20211105.0,
            "매매실거래가":41000.0,
            "전세실거래년":20210624.0,
            "전세실거래가":20000.0,
            "전세가율":60.61,
            "장기전세가율평균":71.65,
            "전세가율거품지수":11.04,
            "검색코드":9826,
            "세대수":1746,
            "준공년월":"1992-09-14",
            "준공년차":31,
            "가까운역이름":"NA",
            "가까운역거리":"NA",
            "역세권여부":"NA",
            "30분이내주요거점역":"NA",
            "1시간이내주요거점역":"NA",
            "3km이내백화점수":0,
            "5km이내아울렛몰수":0,
            "1km이내대형먀트수":0,
            "500m이내은행수":0,
            "500m이내병원수":3,
            "5km이내대형병원수":1,
            "500m이내공원수":1,
            "3km이내혐오시설수":0,
            "초등학교학업성취도":89.19,
            "중학교학업성취도":90.8,
            "용적률":243,
            "건폐율":18,
            "Y":35.112726,
            "X":128.959087,
            "rank":54.0,
            "area_info":"27평(89.71), 31평(104.11), 31평(104.16)",
            "last_sales":"2021-11-05,41000.0,31평(104.16)"
        },
        {
            "index":96,
            "아파트명":"괴정K스타파크",
            "투자타입":"일반",
            "전용면적(m2)":"78.95",
            "전용면적(평)":"23평",
            "법정동주소":"부산시 사하구 괴정동 1278",
            "도로명주소":"부산시 사하구 사리로70번길 24",
            "세대수":0,
            "입주년차":80,
            "용적률점수":"--",
            "건폐율점수":"--",
            "세대당주차수":0,
            "난방방식":30,
            "공급면적":"--",
            "전용률":"--",
            "욕실수":100,
            "현관타입":100,
            "주거총점":39.0,
            "지역구공급총점":0.0,
            "역세권":"NA",
            "30분내 이동가능 거점":"NA",
            "1시간내 이동가능 거점":"NA",
            "교통총점":"NA",
            "백화점":0,
            "아울렛몰":0,
            "대형마트":80,
            "은행":0,
            "병원":30,
            "종합병원":100,
            "공원":0,
            "혐오시설":0,
            "인프라총점":35.0,
            "초등학군":88.03,
            "중학군":57.06,
            "학군총점":63.254,
            "인구수":34.97,
            "인구증감":-16.93,
            "인구총점":19.4,
            "일자리":13.0,
            "소득수준":54.78,
            "일자리총점":25.534,
            "가치 총점":43.4635,
            "매매실거래년":20211230.0,
            "매매실거래가":23200.0,
            "전세실거래년":20210605.0,
            "전세실거래가":18000.0,
            "전세가율":77.59,
            "장기전세가율평균":71.65,
            "전세가율거품지수":-5.94,
            "검색코드":105008,
            "세대수":248,
            "준공년월":"2015-01-13",
            "준공년차":8,
            "가까운역이름":"NA",
            "가까운역거리":"NA",
            "역세권여부":"NA",
            "30분이내주요거점역":"NA",
            "1시간이내주요거점역":"NA",
            "3km이내백화점수":0,
            "5km이내아울렛몰수":0,
            "1km이내대형먀트수":1,
            "500m이내은행수":0,
            "500m이내병원수":6,
            "5km이내대형병원수":8,
            "500m이내공원수":0,
            "3km이내혐오시설수":0,
            "초등학교학업성취도":88.03,
            "중학교학업성취도":90.1,
            "용적률":193,
            "건폐율":22,
            "Y":35.105258,
            "X":129.00079,
            "rank":55.0,
            "area_info":"23평(78.95), 24평(80.36), 26평(89.05), 27평(89.3), 29평(97.49), 34평(112.41)",
            "last_sales":"2021-12-30,23200.0,23평(78.95)"
        },
        {
            "index":379,
            "아파트명":"다대포현대",
            "투자타입":"일반",
            "전용면적(m2)":"92.24",
            "전용면적(평)":"27평",
            "법정동주소":"부산시 사하구 다대동 120-1",
            "도로명주소":"부산시 사하구 다대로 473",
            "세대수":100,
            "입주년차":0,
            "용적률점수":"--",
            "건폐율점수":"--",
            "세대당주차수":0,
            "난방방식":80,
            "공급면적":"--",
            "전용률":"--",
            "욕실수":100,
            "현관타입":10,
            "주거총점":54.0,
            "지역구공급총점":0.0,
            "역세권":"NA",
            "30분내 이동가능 거점":"NA",
            "1시간내 이동가능 거점":"NA",
            "교통총점":"NA",
            "백화점":0,
            "아울렛몰":0,
            "대형마트":0,
            "은행":20,
            "병원":60,
            "종합병원":80,
            "공원":100,
            "혐오시설":0,
            "인프라총점":27.0,
            "초등학군":86.33,
            "중학군":46.02,
            "학군총점":54.082,
            "인구수":34.97,
            "인구증감":-16.93,
            "인구총점":19.4,
            "일자리":13.0,
            "소득수준":54.78,
            "일자리총점":25.534,
            "가치 총점":43.2205,
            "매매실거래년":20211220.0,
            "매매실거래가":55000.0,
            "전세실거래년":20141223.0,
            "전세실거래가":8000.0,
            "전세가율":42.78,
            "장기전세가율평균":71.65,
            "전세가율거품지수":28.87,
            "검색코드":6489,
            "세대수":2181,
            "준공년월":"1993-09-09",
            "준공년차":30,
            "가까운역이름":"NA",
            "가까운역거리":"NA",
            "역세권여부":"NA",
            "30분이내주요거점역":"NA",
            "1시간이내주요거점역":"NA",
            "3km이내백화점수":0,
            "5km이내아울렛몰수":0,
            "1km이내대형먀트수":0,
            "500m이내은행수":2,
            "500m이내병원수":18,
            "5km이내대형병원수":1,
            "500m이내공원수":2,
            "3km이내혐오시설수":0,
            "초등학교학업성취도":86.33,
            "중학교학업성취도":75.5,
            "용적률":257,
            "건폐율":13,
            "Y":35.061255,
            "X":128.978327,
            "rank":56.0,
            "area_info":"27평(92.24), 29평(97.99), 29평(98.22), 30평(100.11), 32평(106.48), 42평(142.14), 52평(175.1), 52평(175.15), 68평(227.99)",
            "last_sales":"2021-12-20,55000.0,68평(227.99)"
        },
        {
            "index":406,
            "아파트명":"삼환",
            "투자타입":"일반",
            "전용면적(m2)":"80.01",
            "전용면적(평)":"24평",
            "법정동주소":"부산시 사하구 다대동 120-10",
            "도로명주소":"부산시 사하구 다대로429번길 20",
            "세대수":100,
            "입주년차":0,
            "용적률점수":"--",
            "건폐율점수":"--",
            "세대당주차수":30,
            "난방방식":80,
            "공급면적":"--",
            "전용률":"--",
            "욕실수":50,
            "현관타입":10,
            "주거총점":53.5,
            "지역구공급총점":0.0,
            "역세권":"NA",
            "30분내 이동가능 거점":"NA",
            "1시간내 이동가능 거점":"NA",
            "교통총점":"NA",
            "백화점":0,
            "아울렛몰":0,
            "대형마트":0,
            "은행":20,
            "병원":60,
            "종합병원":80,
            "공원":100,
            "혐오시설":0,
            "인프라총점":27.0,
            "초등학군":89.02,
            "중학군":46.02,
            "학군총점":54.62,
            "인구수":34.97,
            "인구증감":-16.93,
            "인구총점":19.4,
            "일자리":13.0,
            "소득수준":54.78,
            "일자리총점":25.534,
            "가치 총점":43.18,
            "매매실거래년":20211228.0,
            "매매실거래가":20000.0,
            "전세실거래년":20220113.0,
            "전세실거래가":12000.0,
            "전세가율":60.0,
            "장기전세가율평균":71.65,
            "전세가율거품지수":11.65,
            "검색코드":6448,
            "세대수":1669,
            "준공년월":"1996-09-13",
            "준공년차":27,
            "가까운역이름":"NA",
            "가까운역거리":"NA",
            "역세권여부":"NA",
            "30분이내주요거점역":"NA",
            "1시간이내주요거점역":"NA",
            "3km이내백화점수":0,
            "5km이내아울렛몰수":0,
            "1km이내대형먀트수":0,
            "500m이내은행수":2,
            "500m이내병원수":20,
            "5km이내대형병원수":1,
            "500m이내공원수":4,
            "3km이내혐오시설수":0,
            "초등학교학업성취도":89.02,
            "중학교학업성취도":75.5,
            "용적률":0,
            "건폐율":0,
            "Y":35.062215,
            "X":128.981036,
            "rank":57.0,
            "area_info":"24평(80.01), 32평(106.77), 44평(146.85), 67평(224.22)",
            "last_sales":"2021-12-28,20000.0,24평(80.01)"
        },
        {
            "index":728,
            "아파트명":"향나타워",
            "투자타입":"일반",
            "전용면적(m2)":"82.45",
            "전용면적(평)":"24평",
            "법정동주소":"부산시 사하구 장림동 321-25",
            "도로명주소":"부산시 사하구 장림로196번길 21",
            "세대수":0,
            "입주년차":20,
            "용적률점수":"--",
            "건폐율점수":"--",
            "세대당주차수":0,
            "난방방식":30,
            "공급면적":"--",
            "전용률":"--",
            "욕실수":100,
            "현관타입":100,
            "주거총점":27.0,
            "지역구공급총점":0.0,
            "역세권":"NA",
            "30분내 이동가능 거점":"NA",
            "1시간내 이동가능 거점":"NA",
            "교통총점":"NA",
            "백화점":0,
            "아울렛몰":0,
            "대형마트":100,
            "은행":70,
            "병원":30,
            "종합병원":100,
            "공원":100,
            "혐오시설":0,
            "인프라총점":48.0,
            "초등학군":88.22,
            "중학군":49.64,
            "학군총점":57.356,
            "인구수":34.97,
            "인구증감":-16.93,
            "인구총점":19.4,
            "일자리":13.0,
            "소득수준":54.78,
            "일자리총점":25.534,
            "가치 총점":42.989,
            "매매실거래년":"18000101",
            "매매실거래가":null,
            "전세실거래년":null,
            "전세실거래가":null,
            "전세가율":null,
            "장기전세가율평균":71.65,
            "전세가율거품지수":null,
            "검색코드":24725,
            "세대수":128,
            "준공년월":"2003-06-19",
            "준공년차":20,
            "가까운역이름":"NA",
            "가까운역거리":"NA",
            "역세권여부":"NA",
            "30분이내주요거점역":"NA",
            "1시간이내주요거점역":"NA",
            "3km이내백화점수":0,
            "5km이내아울렛몰수":0,
            "1km이내대형먀트수":2,
            "500m이내은행수":3,
            "500m이내병원수":9,
            "5km이내대형병원수":2,
            "500m이내공원수":2,
            "3km이내혐오시설수":0,
            "초등학교학업성취도":88.22,
            "중학교학업성취도":80.6,
            "용적률":229,
            "건폐율":58,
            "Y":35.081281,
            "X":128.97088,
            "rank":58.0,
            "area_info":"24평(82.45)",
            "last_sales":"1800-01-01,nan,24평(82.45)"
        },
        {
            "index":252,
            "아파트명":"일동지에닌",
            "투자타입":"일반",
            "전용면적(m2)":"83.28",
            "전용면적(평)":"25평",
            "법정동주소":"부산시 사하구 괴정동 571-8",
            "도로명주소":"부산시 사하구 낙동대로 301",
            "세대수":0,
            "입주년차":40,
            "용적률점수":"--",
            "건폐율점수":"--",
            "세대당주차수":30,
            "난방방식":30,
            "공급면적":"--",
            "전용률":"--",
            "욕실수":100,
            "현관타입":100,
            "주거총점":35.5,
            "지역구공급총점":0.0,
            "역세권":"NA",
            "30분내 이동가능 거점":"NA",
            "1시간내 이동가능 거점":"NA",
            "교통총점":"NA",
            "백화점":0,
            "아울렛몰":0,
            "대형마트":100,
            "은행":0,
            "병원":30,
            "종합병원":100,
            "공원":80,
            "혐오시설":0,
            "인프라총점":40.4,
            "초등학군":91.23,
            "중학군":49.0,
            "학군총점":57.446,
            "인구수":34.97,
            "인구증감":-16.93,
            "인구총점":19.4,
            "일자리":13.0,
            "소득수준":54.78,
            "일자리총점":25.534,
            "가치 총점":42.9465,
            "매매실거래년":20210602.0,
            "매매실거래가":35500.0,
            "전세실거래년":20211220.0,
            "전세실거래가":23000.0,
            "전세가율":64.79,
            "장기전세가율평균":71.65,
            "전세가율거품지수":6.86,
            "검색코드":17410,
            "세대수":211,
            "준공년월":"2004-08-10",
            "준공년차":19,
            "가까운역이름":"NA",
            "가까운역거리":"NA",
            "역세권여부":"NA",
            "30분이내주요거점역":"NA",
            "1시간이내주요거점역":"NA",
            "3km이내백화점수":0,
            "5km이내아울렛몰수":0,
            "1km이내대형먀트수":2,
            "500m이내은행수":0,
            "500m이내병원수":7,
            "5km이내대형병원수":5,
            "500m이내공원수":1,
            "3km이내혐오시설수":0,
            "초등학교학업성취도":91.23,
            "중학교학업성취도":78.8,
            "용적률":624,
            "건폐율":55,
            "Y":35.09926,
            "X":128.98421,
            "rank":59.0,
            "area_info":"25평(83.28), 29평(97.9), 30평(102.03), 38평(126.12)",
            "last_sales":"2021-06-02,35500.0,25평(83.28)"
        },
        {
            "index":437,
            "아파트명":"당리반도보라맨션",
            "투자타입":"재건축",
            "전용면적(m2)":"102.67",
            "전용면적(평)":"31평",
            "법정동주소":"부산시 사하구 당리동 180",
            "도로명주소":"부산시 사하구 제석로79번길 11",
            "세대수":30,
            "입주년차":"--",
            "용적률점수":0,
            "건폐율점수":80,
            "세대당주차수":"--",
            "난방방식":"--",
            "공급면적":90,
            "전용률":80,
            "욕실수":"--",
            "현관타입":"--",
            "주거총점":33.5,
            "지역구공급총점":0.0,
            "역세권":"NA",
            "30분내 이동가능 거점":"NA",
            "1시간내 이동가능 거점":"NA",
            "교통총점":"NA",
            "백화점":0,
            "아울렛몰":0,
            "대형마트":80,
            "은행":0,
            "병원":30,
            "종합병원":100,
            "공원":100,
            "혐오시설":0,
            "인프라총점":38.0,
            "초등학군":89.48,
            "중학군":57.48,
            "학군총점":63.88,
            "인구수":34.97,
            "인구증감":-16.93,
            "인구총점":19.4,
            "일자리":13.0,
            "소득수준":54.78,
            "일자리총점":25.534,
            "가치 총점":42.895,
            "매매실거래년":20211020.0,
            "매매실거래가":24000.0,
            "전세실거래년":20211109.0,
            "전세실거래가":23000.0,
            "전세가율":95.83,
            "장기전세가율평균":71.65,
            "전세가율거품지수":-24.18,
            "검색코드":6560,
            "세대수":384,
            "준공년월":"1992-07-25",
            "준공년차":31,
            "가까운역이름":"NA",
            "가까운역거리":"NA",
            "역세권여부":"NA",
            "30분이내주요거점역":"NA",
            "1시간이내주요거점역":"NA",
            "3km이내백화점수":0,
            "5km이내아울렛몰수":0,
            "1km이내대형먀트수":1,
            "500m이내은행수":0,
            "500m이내병원수":5,
            "5km이내대형병원수":4,
            "500m이내공원수":2,
            "3km이내혐오시설수":0,
            "초등학교학업성취도":89.48,
            "중학교학업성취도":93.0,
            "용적률":242,
            "건폐율":29,
            "Y":35.108408,
            "X":128.976061,
            "rank":60.0,
            "area_info":"31평(102.67), 50평(166.23), 63평(209.39), 71평(237.02)",
            "last_sales":"2021-10-20,24000.0,31평(102.67)"
        },
        {
            "index":156,
            "아파트명":"동조리젠시타워",
            "투자타입":"일반",
            "전용면적(m2)":"69.31",
            "전용면적(평)":"20평",
            "법정동주소":"부산시 사하구 괴정동 956",
            "도로명주소":"부산시 사하구 사하로 178",
            "세대수":0,
            "입주년차":20,
            "용적률점수":"--",
            "건폐율점수":"--",
            "세대당주차수":0,
            "난방방식":30,
            "공급면적":"--",
            "전용률":"--",
            "욕실수":100,
            "현관타입":100,
            "주거총점":27.0,
            "지역구공급총점":0.0,
            "역세권":"NA",
            "30분내 이동가능 거점":"NA",
            "1시간내 이동가능 거점":"NA",
            "교통총점":"NA",
            "백화점":0,
            "아울렛몰":0,
            "대형마트":80,
            "은행":70,
            "병원":100,
            "종합병원":100,
            "공원":0,
            "혐오시설":0,
            "인프라총점":49.0,
            "초등학군":91.23,
            "중학군":45.8,
            "학군총점":54.886,
            "인구수":34.97,
            "인구증감":-16.93,
            "인구총점":19.4,
            "일자리":13.0,
            "소득수준":54.78,
            "일자리총점":25.534,
            "가치 총점":42.7715,
            "매매실거래년":20210605.0,
            "매매실거래가":26000.0,
            "전세실거래년":null,
            "전세실거래가":null,
            "전세가율":null,
            "장기전세가율평균":71.65,
            "전세가율거품지수":null,
            "검색코드":17588,
            "세대수":130,
            "준공년월":"2003-12-11",
            "준공년차":20,
            "가까운역이름":"NA",
            "가까운역거리":"NA",
            "역세권여부":"NA",
            "30분이내주요거점역":"NA",
            "1시간이내주요거점역":"NA",
            "3km이내백화점수":0,
            "5km이내아울렛몰수":0,
            "1km이내대형먀트수":1,
            "500m이내은행수":4,
            "500m이내병원수":63,
            "5km이내대형병원수":7,
            "500m이내공원수":0,
            "3km이내혐오시설수":0,
            "초등학교학업성취도":91.23,
            "중학교학업성취도":75.0,
            "용적률":756,
            "건폐율":73,
            "Y":35.097704,
            "X":128.994271,
            "rank":61.0,
            "area_info":"20평(69.31), 25평(85.65), 27평(91.18), 27평(91.15), 27평(91.33), 27평(91.58), 27평(92.52), 27평(92.54), 28평(93.43), 28평(93.57)",
            "last_sales":"2021-06-05,26000.0,28평(93.57)"
        },
        {
            "index":597,
            "아파트명":"한솔베스파트",
            "투자타입":"일반",
            "전용면적(m2)":"80.59",
            "전용면적(평)":"24평",
            "법정동주소":"부산시 사하구 신평동 84-9",
            "도로명주소":"부산시 사하구 신산로 187",
            "세대수":0,
            "입주년차":20,
            "용적률점수":"--",
            "건폐율점수":"--",
            "세대당주차수":30,
            "난방방식":30,
            "공급면적":"--",
            "전용률":"--",
            "욕실수":50,
            "현관타입":100,
            "주거총점":26.5,
            "지역구공급총점":0.0,
            "역세권":"NA",
            "30분내 이동가능 거점":"NA",
            "1시간내 이동가능 거점":"NA",
            "교통총점":"NA",
            "백화점":0,
            "아울렛몰":0,
            "대형마트":100,
            "은행":70,
            "병원":60,
            "종합병원":100,
            "공원":0,
            "혐오시설":0,
            "인프라총점":48.0,
            "초등학군":84.27,
            "중학군":49.54,
            "학군총점":56.486,
            "인구수":34.97,
            "인구증감":-16.93,
            "인구총점":19.4,
            "일자리":13.0,
            "소득수준":54.78,
            "일자리총점":25.534,
            "가치 총점":42.5965,
            "매매실거래년":20211003.0,
            "매매실거래가":17500.0,
            "전세실거래년":20200609.0,
            "전세실거래가":11000.0,
            "전세가율":62.86,
            "장기전세가율평균":71.65,
            "전세가율거품지수":8.79,
            "검색코드":13326,
            "세대수":176,
            "준공년월":"2001-03-27",
            "준공년차":22,
            "가까운역이름":"NA",
            "가까운역거리":"NA",
            "역세권여부":"NA",
            "30분이내주요거점역":"NA",
            "1시간이내주요거점역":"NA",
            "3km이내백화점수":0,
            "5km이내아울렛몰수":0,
            "1km이내대형먀트수":2,
            "500m이내은행수":4,
            "500m이내병원수":11,
            "5km이내대형병원수":3,
            "500m이내공원수":0,
            "3km이내혐오시설수":0,
            "초등학교학업성취도":84.27,
            "중학교학업성취도":80.1,
            "용적률":0,
            "건폐율":0,
            "Y":35.090135,
            "X":128.975707,
            "rank":62.0,
            "area_info":"24평(80.59), 34평(113.57), 34평(113.23), 34평(113.51)",
            "last_sales":"2021-10-03,17500.0,24평(80.59)"
        },
        {
            "index":433,
            "아파트명":"당리동원베네스트2차",
            "투자타입":"일반",
            "전용면적(m2)":"105.77",
            "전용면적(평)":"31평",
            "법정동주소":"부산시 사하구 당리동 16-12",
            "도로명주소":"부산시 사하구 제석로 171",
            "세대수":50,
            "입주년차":40,
            "용적률점수":"--",
            "건폐율점수":"--",
            "세대당주차수":60,
            "난방방식":30,
            "공급면적":"--",
            "전용률":"--",
            "욕실수":100,
            "현관타입":100,
            "주거총점":57.5,
            "지역구공급총점":0.0,
            "역세권":"NA",
            "30분내 이동가능 거점":"NA",
            "1시간내 이동가능 거점":"NA",
            "교통총점":"NA",
            "백화점":0,
            "아울렛몰":0,
            "대형마트":0,
            "은행":0,
            "병원":0,
            "종합병원":100,
            "공원":0,
            "혐오시설":0,
            "인프라총점":20.0,
            "초등학군":89.48,
            "중학군":49.0,
            "학군총점":57.096,
            "인구수":34.97,
            "인구증감":-16.93,
            "인구총점":19.4,
            "일자리":13.0,
            "소득수준":54.78,
            "일자리총점":25.534,
            "가치 총점":42.399,
            "매매실거래년":20211211.0,
            "매매실거래가":36750.0,
            "전세실거래년":20210106.0,
            "전세실거래가":20000.0,
            "전세가율":92.59,
            "장기전세가율평균":71.65,
            "전세가율거품지수":-20.94,
            "검색코드":13600,
            "세대수":432,
            "준공년월":"2006-01-18",
            "준공년차":17,
            "가까운역이름":"NA",
            "가까운역거리":"NA",
            "역세권여부":"NA",
            "30분이내주요거점역":"NA",
            "1시간이내주요거점역":"NA",
            "3km이내백화점수":0,
            "5km이내아울렛몰수":0,
            "1km이내대형먀트수":0,
            "500m이내은행수":0,
            "500m이내병원수":0,
            "5km이내대형병원수":6,
            "500m이내공원수":0,
            "3km이내혐오시설수":0,
            "초등학교학업성취도":89.48,
            "중학교학업성취도":78.8,
            "용적률":256,
            "건폐율":18,
            "Y":35.111546,
            "X":128.9837,
            "rank":63.0,
            "area_info":"31평(105.77), 37평(125.1), 45평(149.38), 54평(180.11)",
            "last_sales":"2021-12-11,36750.0,54평(180.11)"
        },
        {
            "index":584,
            "아파트명":"신평현대",
            "투자타입":"일반",
            "전용면적(m2)":"73.51",
            "전용면적(평)":"22평",
            "법정동주소":"부산시 사하구 신평동 400",
            "도로명주소":"부산시 사하구 하신중앙로 170",
            "세대수":90,
            "입주년차":0,
            "용적률점수":"--",
            "건폐율점수":"--",
            "세대당주차수":0,
            "난방방식":30,
            "공급면적":"--",
            "전용률":"--",
            "욕실수":50,
            "현관타입":100,
            "주거총점":49.5,
            "지역구공급총점":0.0,
            "역세권":"NA",
            "30분내 이동가능 거점":"NA",
            "1시간내 이동가능 거점":"NA",
            "교통총점":"NA",
            "백화점":0,
            "아울렛몰":0,
            "대형마트":0,
            "은행":20,
            "병원":10,
            "종합병원":100,
            "공원":80,
            "혐오시설":0,
            "인프라총점":25.4,
            "초등학군":100.0,
            "중학군":48.76,
            "학군총점":59.008,
            "인구수":34.97,
            "인구증감":-16.93,
            "인구총점":19.4,
            "일자리":13.0,
            "소득수준":54.78,
            "일자리총점":25.534,
            "가치 총점":42.237,
            "매매실거래년":20211103.0,
            "매매실거래가":27600.0,
            "전세실거래년":20200514.0,
            "전세실거래가":13000.0,
            "전세가율":68.06,
            "장기전세가율평균":71.65,
            "전세가율거품지수":3.59,
            "검색코드":6833,
            "세대수":992,
            "준공년월":"1994-12-17",
            "준공년차":29,
            "가까운역이름":"NA",
            "가까운역거리":"NA",
            "역세권여부":"NA",
            "30분이내주요거점역":"NA",
            "1시간이내주요거점역":"NA",
            "3km이내백화점수":0,
            "5km이내아울렛몰수":0,
            "1km이내대형먀트수":0,
            "500m이내은행수":2,
            "500m이내병원수":4,
            "5km이내대형병원수":3,
            "500m이내공원수":1,
            "3km이내혐오시설수":0,
            "초등학교학업성취도":100.0,
            "중학교학업성취도":79.6,
            "용적률":0,
            "건폐율":0,
            "Y":35.094727,
            "X":128.964415,
            "rank":64.0,
            "area_info":"22평(73.51), 23평(78.02), 29평(96.04), 30평(100.97), 31평(104.3)",
            "last_sales":"2021-11-03,27600.0,31평(104.3)"
        },
        {
            "index":152,
            "아파트명":"국제",
            "투자타입":"재건축",
            "전용면적(m2)":"97.84",
            "전용면적(평)":"29평",
            "법정동주소":"부산시 사하구 괴정동 491-9",
            "도로명주소":"부산시 사하구 사하로141번길 20",
            "세대수":0,
            "입주년차":"--",
            "용적률점수":60,
            "건폐율점수":20,
            "세대당주차수":"--",
            "난방방식":"--",
            "공급면적":70,
            "전용률":80,
            "욕실수":"--",
            "현관타입":"--",
            "주거총점":35.5,
            "지역구공급총점":0.0,
            "역세권":"NA",
            "30분내 이동가능 거점":"NA",
            "1시간내 이동가능 거점":"NA",
            "교통총점":"NA",
            "백화점":0,
            "아울렛몰":0,
            "대형마트":80,
            "은행":20,
            "병원":60,
            "종합병원":100,
            "공원":0,
            "혐오시설":0,
            "인프라총점":40.0,
            "초등학군":90.95,
            "중학군":45.8,
            "학군총점":54.83,
            "인구수":34.97,
            "인구증감":-16.93,
            "인구총점":19.4,
            "일자리":13.0,
            "소득수준":54.78,
            "일자리총점":25.534,
            "가치 총점":42.1325,
            "매매실거래년":20201029.0,
            "매매실거래가":29000.0,
            "전세실거래년":20200622.0,
            "전세실거래가":15000.0,
            "전세가율":52.63,
            "장기전세가율평균":71.65,
            "전세가율거품지수":19.02,
            "검색코드":6153,
            "세대수":176,
            "준공년월":"1985-06-05",
            "준공년차":38,
            "가까운역이름":"NA",
            "가까운역거리":"NA",
            "역세권여부":"NA",
            "30분이내주요거점역":"NA",
            "1시간이내주요거점역":"NA",
            "3km이내백화점수":0,
            "5km이내아울렛몰수":0,
            "1km이내대형먀트수":1,
            "500m이내은행수":2,
            "500m이내병원수":15,
            "5km이내대형병원수":7,
            "500m이내공원수":0,
            "3km이내혐오시설수":0,
            "초등학교학업성취도":90.95,
            "중학교학업성취도":75.0,
            "용적률":192,
            "건폐율":43,
            "Y":35.095083,
            "X":128.991815,
            "rank":65.0,
            "area_info":"29평(97.84), 31평(105.75)",
            "last_sales":"2020-10-29,29000.0,31평(105.75)"
        },
        {
            "index":78,
            "아파트명":"IDS아델하임(도시형)",
            "투자타입":"일반",
            "전용면적(m2)":"36.1",
            "전용면적(평)":"10평",
            "법정동주소":"부산시 사하구 괴정동 955-4",
            "도로명주소":"부산시 사하구 사하로 182",
            "세대수":0,
            "입주년차":80,
            "용적률점수":"--",
            "건폐율점수":"--",
            "세대당주차수":0,
            "난방방식":30,
            "공급면적":"--",
            "전용률":"--",
            "욕실수":50,
            "현관타입":10,
            "주거총점":25.0,
            "지역구공급총점":0.0,
            "역세권":"NA",
            "30분내 이동가능 거점":"NA",
            "1시간내 이동가능 거점":"NA",
            "교통총점":"NA",
            "백화점":0,
            "아울렛몰":0,
            "대형마트":80,
            "은행":70,
            "병원":100,
            "종합병원":100,
            "공원":0,
            "혐오시설":0,
            "인프라총점":49.0,
            "초등학군":91.23,
            "중학군":45.8,
            "학군총점":54.886,
            "인구수":34.97,
            "인구증감":-16.93,
            "인구총점":19.4,
            "일자리":13.0,
            "소득수준":54.78,
            "일자리총점":25.534,
            "가치 총점":42.0715,
            "매매실거래년":20220112.0,
            "매매실거래가":19000.0,
            "전세실거래년":20180212.0,
            "전세실거래가":8000.0,
            "전세가율":94.12,
            "장기전세가율평균":71.65,
            "전세가율거품지수":-22.47,
            "검색코드":110237,
            "세대수":264,
            "준공년월":"2017-05-02",
            "준공년차":6,
            "가까운역이름":"NA",
            "가까운역거리":"NA",
            "역세권여부":"NA",
            "30분이내주요거점역":"NA",
            "1시간이내주요거점역":"NA",
            "3km이내백화점수":0,
            "5km이내아울렛몰수":0,
            "1km이내대형먀트수":1,
            "500m이내은행수":4,
            "500m이내병원수":63,
            "5km이내대형병원수":7,
            "500m이내공원수":0,
            "3km이내혐오시설수":0,
            "초등학교학업성취도":91.23,
            "중학교학업성취도":75.0,
            "용적률":826,
            "건폐율":60,
            "Y":35.098034,
            "X":128.994398,
            "rank":66.0,
            "area_info":"10평(36.1), 16평(55.68), 20평(68.74)",
            "last_sales":"2022-01-12,19000.0,20평(68.74)"
        },
        {
            "index":351,
            "아파트명":"다대롯데캐슬몰운대",
            "투자타입":"일반",
            "전용면적(m2)":"81.59",
            "전용면적(평)":"24평",
            "법정동주소":"부산시 사하구 다대동 1624",
            "도로명주소":"부산시 사하구 다대낙조2길 100",
            "세대수":100,
            "입주년차":40,
            "용적률점수":"--",
            "건폐율점수":"--",
            "세대당주차수":60,
            "난방방식":30,
            "공급면적":"--",
            "전용률":"--",
            "욕실수":100,
            "현관타입":100,
            "주거총점":75.0,
            "지역구공급총점":0.0,
            "역세권":"NA",
            "30분내 이동가능 거점":"NA",
            "1시간내 이동가능 거점":"NA",
            "교통총점":"NA",
            "백화점":0,
            "아울렛몰":0,
            "대형마트":0,
            "은행":0,
            "병원":10,
            "종합병원":0,
            "공원":100,
            "혐오시설":0,
            "인프라총점":4.0,
            "초등학군":85.13,
            "중학군":49.54,
            "학군총점":56.658,
            "인구수":34.97,
            "인구증감":-16.93,
            "인구총점":19.4,
            "일자리":13.0,
            "소득수준":54.78,
            "일자리총점":25.534,
            "가치 총점":42.0145,
            "매매실거래년":20211229.0,
            "매매실거래가":40000.0,
            "전세실거래년":20220101.0,
            "전세실거래가":20000.0,
            "전세가율":85.11,
            "장기전세가율평균":71.65,
            "전세가율거품지수":-13.46,
            "검색코드":22423,
            "세대수":3462,
            "준공년월":"2007-11-26",
            "준공년차":16,
            "가까운역이름":"NA",
            "가까운역거리":"NA",
            "역세권여부":"NA",
            "30분이내주요거점역":"NA",
            "1시간이내주요거점역":"NA",
            "3km이내백화점수":0,
            "5km이내아울렛몰수":0,
            "1km이내대형먀트수":0,
            "500m이내은행수":0,
            "500m이내병원수":2,
            "5km이내대형병원수":0,
            "500m이내공원수":3,
            "3km이내혐오시설수":0,
            "초등학교학업성취도":85.13,
            "중학교학업성취도":81.1,
            "용적률":199,
            "건폐율":14,
            "Y":35.056016,
            "X":128.963926,
            "rank":67.0,
            "area_info":"24평(81.59), 33평(109.15), 33평(111.19), 41평(137.0), 42평(140.5), 49평(164.99), 63평(210.32)",
            "last_sales":"2021-12-29,40000.0,41평(137.0)"
        },
        {
            "index":589,
            "아파트명":"신평협성엠파이어",
            "투자타입":"일반",
            "전용면적(m2)":"84.27",
            "전용면적(평)":"25평",
            "법정동주소":"부산시 사하구 신평동 11-6",
            "도로명주소":"부산시 사하구",
            "세대수":0,
            "입주년차":60,
            "용적률점수":"--",
            "건폐율점수":"--",
            "세대당주차수":30,
            "난방방식":30,
            "공급면적":"--",
            "전용률":"--",
            "욕실수":100,
            "현관타입":100,
            "주거총점":39.5,
            "지역구공급총점":0.0,
            "역세권":"NA",
            "30분내 이동가능 거점":"NA",
            "1시간내 이동가능 거점":"NA",
            "교통총점":"NA",
            "백화점":0,
            "아울렛몰":0,
            "대형마트":80,
            "은행":0,
            "병원":10,
            "종합병원":100,
            "공원":0,
            "혐오시설":0,
            "인프라총점":33.0,
            "초등학군":84.27,
            "중학군":49.42,
            "학군총점":56.39,
            "인구수":34.97,
            "인구증감":-16.93,
            "인구총점":19.4,
            "일자리":13.0,
            "소득수준":54.78,
            "일자리총점":25.534,
            "가치 총점":41.1225,
            "매매실거래년":20211105.0,
            "매매실거래가":28000.0,
            "전세실거래년":20210712.0,
            "전세실거래가":16800.0,
            "전세가율":89.84,
            "장기전세가율평균":71.65,
            "전세가율거품지수":-18.19,
            "검색코드":103172,
            "세대수":256,
            "준공년월":"2012-03-19",
            "준공년차":11,
            "가까운역이름":"NA",
            "가까운역거리":"NA",
            "역세권여부":"NA",
            "30분이내주요거점역":"NA",
            "1시간이내주요거점역":"NA",
            "3km이내백화점수":0,
            "5km이내아울렛몰수":0,
            "1km이내대형먀트수":1,
            "500m이내은행수":0,
            "500m이내병원수":4,
            "5km이내대형병원수":4,
            "500m이내공원수":0,
            "3km이내혐오시설수":0,
            "초등학교학업성취도":84.27,
            "중학교학업성취도":80.1,
            "용적률":199,
            "건폐율":20,
            "Y":35.095726,
            "X":128.97705,
            "rank":68.0,
            "area_info":"25평(84.27), 26평(88.92), 30평(101.4), 32평(107.6), 45평(149.72)",
            "last_sales":"2021-11-05,28000.0,32평(107.6)"
        },
        {
            "index":441,
            "아파트명":"당리삼창",
            "투자타입":"일반",
            "전용면적(m2)":"80.62",
            "전용면적(평)":"24평",
            "법정동주소":"부산시 사하구 당리동 313-9",
            "도로명주소":"부산시 사하구 제석로 33",
            "세대수":0,
            "입주년차":20,
            "용적률점수":"--",
            "건폐율점수":"--",
            "세대당주차수":30,
            "난방방식":30,
            "공급면적":"--",
            "전용률":"--",
            "욕실수":50,
            "현관타입":10,
            "주거총점":17.5,
            "지역구공급총점":0.0,
            "역세권":"NA",
            "30분내 이동가능 거점":"NA",
            "1시간내 이동가능 거점":"NA",
            "교통총점":"NA",
            "백화점":0,
            "아울렛몰":0,
            "대형마트":80,
            "은행":20,
            "병원":100,
            "종합병원":100,
            "공원":100,
            "혐오시설":0,
            "인프라총점":47.0,
            "초등학군":89.48,
            "중학군":57.48,
            "학군총점":63.88,
            "인구수":34.97,
            "인구증감":-16.93,
            "인구총점":19.4,
            "일자리":13.0,
            "소득수준":54.78,
            "일자리총점":25.534,
            "가치 총점":40.895,
            "매매실거래년":20211227.0,
            "매매실거래가":42000.0,
            "전세실거래년":20210511.0,
            "전세실거래가":17000.0,
            "전세가율":66.67,
            "장기전세가율평균":71.65,
            "전세가율거품지수":4.98,
            "검색코드":6543,
            "세대수":138,
            "준공년월":"2003-10-31",
            "준공년차":20,
            "가까운역이름":"NA",
            "가까운역거리":"NA",
            "역세권여부":"NA",
            "30분이내주요거점역":"NA",
            "1시간이내주요거점역":"NA",
            "3km이내백화점수":0,
            "5km이내아울렛몰수":0,
            "1km이내대형먀트수":1,
            "500m이내은행수":2,
            "500m이내병원수":66,
            "5km이내대형병원수":4,
            "500m이내공원수":2,
            "3km이내혐오시설수":0,
            "초등학교학업성취도":89.48,
            "중학교학업성취도":93.0,
            "용적률":384,
            "건폐율":38,
            "Y":35.10473,
            "X":128.97261,
            "rank":69.0,
            "area_info":"24평(80.62), 31평(103.67), 32평(106.08), 41평(138.2)",
            "last_sales":"2021-12-27,42000.0,41평(138.2)"
        },
        {
            "index":714,
            "아파트명":"장림협성르네상스타운",
            "투자타입":"일반",
            "전용면적(m2)":"61.72",
            "전용면적(평)":"18평",
            "법정동주소":"부산시 사하구 장림동 585-1",
            "도로명주소":"부산시 사하구 장평로 87",
            "세대수":50,
            "입주년차":40,
            "용적률점수":"--",
            "건폐율점수":"--",
            "세대당주차수":30,
            "난방방식":30,
            "공급면적":"--",
            "전용률":"--",
            "욕실수":50,
            "현관타입":100,
            "주거총점":48.0,
            "지역구공급총점":0.0,
            "역세권":"NA",
            "30분내 이동가능 거점":"NA",
            "1시간내 이동가능 거점":"NA",
            "교통총점":"NA",
            "백화점":0,
            "아울렛몰":0,
            "대형마트":0,
            "은행":70,
            "병원":30,
            "종합병원":80,
            "공원":0,
            "혐오시설":0,
            "인프라총점":26.0,
            "초등학군":83.85,
            "중학군":46.52,
            "학군총점":53.986,
            "인구수":34.97,
            "인구증감":-16.93,
            "인구총점":19.4,
            "일자리":13.0,
            "소득수준":54.78,
            "일자리총점":25.534,
            "가치 총점":40.6965,
            "매매실거래년":20211119.0,
            "매매실거래가":28000.0,
            "전세실거래년":20210716.0,
            "전세실거래가":12500.0,
            "전세가율":92.59,
            "장기전세가율평균":71.65,
            "전세가율거품지수":-20.94,
            "검색코드":24684,
            "세대수":650,
            "준공년월":"2007-05-11",
            "준공년차":16,
            "가까운역이름":"NA",
            "가까운역거리":"NA",
            "역세권여부":"NA",
            "30분이내주요거점역":"NA",
            "1시간이내주요거점역":"NA",
            "3km이내백화점수":0,
            "5km이내아울렛몰수":0,
            "1km이내대형먀트수":0,
            "500m이내은행수":4,
            "500m이내병원수":6,
            "5km이내대형병원수":1,
            "500m이내공원수":0,
            "3km이내혐오시설수":0,
            "초등학교학업성취도":83.85,
            "중학교학업성취도":75.4,
            "용적률":229,
            "건폐율":17,
            "Y":35.074387,
            "X":128.971785,
            "rank":70.0,
            "area_info":"18평(61.72), 26평(88.96), 33평(111.31)",
            "last_sales":"2021-11-19,28000.0,33평(111.31)"
        },
        {
            "index":314,
            "아파트명":"구평자유1차",
            "투자타입":"일반",
            "전용면적(m2)":"65.39",
            "전용면적(평)":"19평",
            "법정동주소":"부산시 사하구 구평동 17",
            "도로명주소":"부산시 사하구 을숙도대로709번길 31",
            "세대수":50,
            "입주년차":20,
            "용적률점수":"--",
            "건폐율점수":"--",
            "세대당주차수":30,
            "난방방식":30,
            "공급면적":"--",
            "전용률":"--",
            "욕실수":50,
            "현관타입":10,
            "주거총점":35.0,
            "지역구공급총점":0.0,
            "역세권":"NA",
            "30분내 이동가능 거점":"NA",
            "1시간내 이동가능 거점":"NA",
            "교통총점":"NA",
            "백화점":0,
            "아울렛몰":0,
            "대형마트":80,
            "은행":0,
            "병원":0,
            "종합병원":100,
            "공원":100,
            "혐오시설":0,
            "인프라총점":35.0,
            "초등학군":88.58,
            "중학군":49.54,
            "학군총점":57.348,
            "인구수":34.97,
            "인구증감":-16.93,
            "인구총점":19.4,
            "일자리":13.0,
            "소득수준":54.78,
            "일자리총점":25.534,
            "가치 총점":40.587,
            "매매실거래년":20211231.0,
            "매매실거래가":7000.0,
            "전세실거래년":20200914.0,
            "전세실거래가":8500.0,
            "전세가율":121.43,
            "장기전세가율평균":71.65,
            "전세가율거품지수":-49.78,
            "검색코드":6418,
            "세대수":584,
            "준공년월":"1999-03-05",
            "준공년차":24,
            "가까운역이름":"NA",
            "가까운역거리":"NA",
            "역세권여부":"NA",
            "30분이내주요거점역":"NA",
            "1시간이내주요거점역":"NA",
            "3km이내백화점수":0,
            "5km이내아울렛몰수":0,
            "1km이내대형먀트수":1,
            "500m이내은행수":0,
            "500m이내병원수":0,
            "5km이내대형병원수":5,
            "500m이내공원수":2,
            "3km이내혐오시설수":0,
            "초등학교학업성취도":88.58,
            "중학교학업성취도":80.1,
            "용적률":206,
            "건폐율":18,
            "Y":35.088095,
            "X":128.985414,
            "rank":71.0,
            "area_info":"19평(65.39), 23평(78.47), 33평(110.69)",
            "last_sales":"2021-12-31,7000.0,19평(65.39)"
        },
        {
            "index":16,
            "아파트명":"감천유림1차",
            "투자타입":"일반",
            "전용면적(m2)":"80.62",
            "전용면적(평)":"24평",
            "법정동주소":"부산시 사하구 감천동 808",
            "도로명주소":"부산시 사하구 감천로 24",
            "세대수":50,
            "입주년차":0,
            "용적률점수":"--",
            "건폐율점수":"--",
            "세대당주차수":0,
            "난방방식":30,
            "공급면적":"--",
            "전용률":"--",
            "욕실수":50,
            "현관타입":100,
            "주거총점":35.5,
            "지역구공급총점":0.0,
            "역세권":"NA",
            "30분내 이동가능 거점":"NA",
            "1시간내 이동가능 거점":"NA",
            "교통총점":"NA",
            "백화점":0,
            "아울렛몰":0,
            "대형마트":80,
            "은행":0,
            "병원":30,
            "종합병원":100,
            "공원":0,
            "혐오시설":0,
            "인프라총점":35.0,
            "초등학군":90.95,
            "중학군":45.8,
            "학군총점":54.83,
            "인구수":34.97,
            "인구증감":-16.93,
            "인구총점":19.4,
            "일자리":13.0,
            "소득수준":54.78,
            "일자리총점":25.534,
            "가치 총점":40.1325,
            "매매실거래년":20211105.0,
            "매매실거래가":15900.0,
            "전세실거래년":20201219.0,
            "전세실거래가":13000.0,
            "전세가율":81.76,
            "장기전세가율평균":71.65,
            "전세가율거품지수":-10.11,
            "검색코드":6130,
            "세대수":477,
            "준공년월":"1997-11-14",
            "준공년차":26,
            "가까운역이름":"NA",
            "가까운역거리":"NA",
            "역세권여부":"NA",
            "30분이내주요거점역":"NA",
            "1시간이내주요거점역":"NA",
            "3km이내백화점수":0,
            "5km이내아울렛몰수":0,
            "1km이내대형먀트수":1,
            "500m이내은행수":0,
            "500m이내병원수":7,
            "5km이내대형병원수":7,
            "500m이내공원수":0,
            "3km이내혐오시설수":0,
            "초등학교학업성취도":90.95,
            "중학교학업성취도":75.0,
            "용적률":278,
            "건폐율":15,
            "Y":35.090433,
            "X":128.995005,
            "rank":72.0,
            "area_info":"24평(80.62), 32평(107.22), 43평(144.18)",
            "last_sales":"2021-11-05,15900.0,24평(80.62)"
        },
        {
            "index":330,
            "아파트명":"국제그린",
            "투자타입":"일반",
            "전용면적(m2)":"63.17",
            "전용면적(평)":"19평",
            "법정동주소":"부산시 사하구 다대동 94-2",
            "도로명주소":"부산시 사하구 다대로381번길 75",
            "세대수":90,
            "입주년차":0,
            "용적률점수":"--",
            "건폐율점수":"--",
            "세대당주차수":0,
            "난방방식":30,
            "공급면적":"--",
            "전용률":"--",
            "욕실수":50,
            "현관타입":10,
            "주거총점":40.5,
            "지역구공급총점":0.0,
            "역세권":"NA",
            "30분내 이동가능 거점":"NA",
            "1시간내 이동가능 거점":"NA",
            "교통총점":"NA",
            "백화점":0,
            "아울렛몰":0,
            "대형마트":0,
            "은행":0,
            "병원":60,
            "종합병원":100,
            "공원":100,
            "혐오시설":0,
            "인프라총점":29.0,
            "초등학군":85.82,
            "중학군":49.88,
            "학군총점":57.068,
            "인구수":34.97,
            "인구증감":-16.93,
            "인구총점":19.4,
            "일자리":13.0,
            "소득수준":54.78,
            "일자리총점":25.534,
            "가치 총점":40.042,
            "매매실거래년":20220104.0,
            "매매실거래가":8800.0,
            "전세실거래년":20211208.0,
            "전세실거래가":6000.0,
            "전세가율":68.18,
            "장기전세가율평균":71.65,
            "전세가율거품지수":3.47,
            "검색코드":6429,
            "세대수":996,
            "준공년월":"1995-05-01",
            "준공년차":28,
            "가까운역이름":"NA",
            "가까운역거리":"NA",
            "역세권여부":"NA",
            "30분이내주요거점역":"NA",
            "1시간이내주요거점역":"NA",
            "3km이내백화점수":0,
            "5km이내아울렛몰수":0,
            "1km이내대형먀트수":0,
            "500m이내은행수":1,
            "500m이내병원수":15,
            "5km이내대형병원수":2,
            "500m이내공원수":8,
            "3km이내혐오시설수":0,
            "초등학교학업성취도":85.82,
            "중학교학업성취도":80.6,
            "용적률":185,
            "건폐율":16,
            "Y":35.066274,
            "X":128.98411,
            "rank":73.0,
            "area_info":"19평(63.17)",
            "last_sales":"2022-01-04,8800.0,19평(63.17)"
        },
        {
            "index":807,
            "아파트명":"한신혜성",
            "투자타입":"일반",
            "전용면적(m2)":"76.45",
            "전용면적(평)":"23평",
            "법정동주소":"부산시 사하구 하단동 277-2",
            "도로명주소":"부산시 사하구 동매로 120",
            "세대수":50,
            "입주년차":0,
            "용적률점수":"--",
            "건폐율점수":"--",
            "세대당주차수":0,
            "난방방식":30,
            "공급면적":"--",
            "전용률":"--",
            "욕실수":50,
            "현관타입":10,
            "주거총점":26.5,
            "지역구공급총점":0.0,
            "역세권":"NA",
            "30분내 이동가능 거점":"NA",
            "1시간내 이동가능 거점":"NA",
            "교통총점":"NA",
            "백화점":0,
            "아울렛몰":0,
            "대형마트":80,
            "은행":0,
            "병원":80,
            "종합병원":100,
            "공원":0,
            "혐오시설":0,
            "인프라총점":40.0,
            "초등학군":88.02,
            "중학군":49.42,
            "학군총점":57.14,
            "인구수":34.97,
            "인구증감":-16.93,
            "인구총점":19.4,
            "일자리":13.0,
            "소득수준":54.78,
            "일자리총점":25.534,
            "가치 총점":39.56,
            "매매실거래년":20220109.0,
            "매매실거래가":23000.0,
            "전세실거래년":20211019.0,
            "전세실거래가":10000.0,
            "전세가율":68.97,
            "장기전세가율평균":71.65,
            "전세가율거품지수":2.68,
            "검색코드":7137,
            "세대수":533,
            "준공년월":"1996-05-07",
            "준공년차":27,
            "가까운역이름":"NA",
            "가까운역거리":"NA",
            "역세권여부":"NA",
            "30분이내주요거점역":"NA",
            "1시간이내주요거점역":"NA",
            "3km이내백화점수":0,
            "5km이내아울렛몰수":0,
            "1km이내대형먀트수":1,
            "500m이내은행수":1,
            "500m이내병원수":47,
            "5km이내대형병원수":4,
            "500m이내공원수":0,
            "3km이내혐오시설수":0,
            "초등학교학업성취도":88.02,
            "중학교학업성취도":80.1,
            "용적률":0,
            "건폐율":0,
            "Y":35.101416,
            "X":128.971085,
            "rank":74.0,
            "area_info":"23평(76.45), 32평(107.66), 51평(170.31)",
            "last_sales":"2022-01-09,23000.0,32평(107.66)"
        },
        {
            "index":365,
            "아파트명":"다대영동비치타워",
            "투자타입":"일반",
            "전용면적(m2)":"98.5",
            "전용면적(평)":"29평",
            "법정동주소":"부산시 사하구 다대동 820-1",
            "도로명주소":"부산시 사하구 다대동로 30",
            "세대수":0,
            "입주년차":40,
            "용적률점수":"--",
            "건폐율점수":"--",
            "세대당주차수":60,
            "난방방식":30,
            "공급면적":"--",
            "전용률":"--",
            "욕실수":100,
            "현관타입":100,
            "주거총점":40.0,
            "지역구공급총점":0.0,
            "역세권":"NA",
            "30분내 이동가능 거점":"NA",
            "1시간내 이동가능 거점":"NA",
            "교통총점":"NA",
            "백화점":0,
            "아울렛몰":0,
            "대형마트":0,
            "은행":20,
            "병원":60,
            "종합병원":80,
            "공원":100,
            "혐오시설":0,
            "인프라총점":27.0,
            "초등학군":86.33,
            "중학군":51.7,
            "학군총점":58.626,
            "인구수":34.97,
            "인구증감":-16.93,
            "인구총점":19.4,
            "일자리":13.0,
            "소득수준":54.78,
            "일자리총점":25.534,
            "가치 총점":39.4565,
            "매매실거래년":20211127.0,
            "매매실거래가":27200.0,
            "전세실거래년":20211215.0,
            "전세실거래가":20000.0,
            "전세가율":84.03,
            "장기전세가율평균":71.65,
            "전세가율거품지수":-12.38,
            "검색코드":10989,
            "세대수":280,
            "준공년월":"2005-10-21",
            "준공년차":18,
            "가까운역이름":"NA",
            "가까운역거리":"NA",
            "역세권여부":"NA",
            "30분이내주요거점역":"NA",
            "1시간이내주요거점역":"NA",
            "3km이내백화점수":0,
            "5km이내아울렛몰수":0,
            "1km이내대형먀트수":0,
            "500m이내은행수":2,
            "500m이내병원수":23,
            "5km이내대형병원수":1,
            "500m이내공원수":3,
            "3km이내혐오시설수":0,
            "초등학교학업성취도":86.33,
            "중학교학업성취도":81.9,
            "용적률":717,
            "건폐율":59,
            "Y":35.056187,
            "X":128.971854,
            "rank":75.0,
            "area_info":"29평(98.5), 32평(108.41), 32평(108.55)",
            "last_sales":"2021-11-27,27200.0,32평(108.55)"
        },
        {
            "index":660,
            "아파트명":"신우림",
            "투자타입":"일반",
            "전용면적(m2)":"103.96",
            "전용면적(평)":"31평",
            "법정동주소":"부산시 사하구 장림동 84-1",
            "도로명주소":"부산시 사하구 다대로227번길 15",
            "세대수":0,
            "입주년차":20,
            "용적률점수":"--",
            "건폐율점수":"--",
            "세대당주차수":0,
            "난방방식":30,
            "공급면적":"--",
            "전용률":"--",
            "욕실수":50,
            "현관타입":100,
            "주거총점":22.0,
            "지역구공급총점":0.0,
            "역세권":"NA",
            "30분내 이동가능 거점":"NA",
            "1시간내 이동가능 거점":"NA",
            "교통총점":"NA",
            "백화점":0,
            "아울렛몰":0,
            "대형마트":100,
            "은행":0,
            "병원":60,
            "종합병원":100,
            "공원":80,
            "혐오시설":0,
            "인프라총점":43.4,
            "초등학군":88.22,
            "중학군":49.64,
            "학군총점":57.356,
            "인구수":34.97,
            "인구증감":-16.93,
            "인구총점":19.4,
            "일자리":13.0,
            "소득수준":54.78,
            "일자리총점":25.534,
            "가치 총점":39.399,
            "매매실거래년":20220105.0,
            "매매실거래가":16200.0,
            "전세실거래년":20210222.0,
            "전세실거래가":10000.0,
            "전세가율":63.29,
            "장기전세가율평균":71.65,
            "전세가율거품지수":8.36,
            "검색코드":9759,
            "세대수":298,
            "준공년월":"2001-12-08",
            "준공년차":22,
            "가까운역이름":"NA",
            "가까운역거리":"NA",
            "역세권여부":"NA",
            "30분이내주요거점역":"NA",
            "1시간이내주요거점역":"NA",
            "3km이내백화점수":0,
            "5km이내아울렛몰수":0,
            "1km이내대형먀트수":2,
            "500m이내은행수":1,
            "500m이내병원수":10,
            "5km이내대형병원수":3,
            "500m이내공원수":1,
            "3km이내혐오시설수":0,
            "초등학교학업성취도":88.22,
            "중학교학업성취도":80.6,
            "용적률":188,
            "건폐율":18,
            "Y":35.082798,
            "X":128.979539,
            "rank":76.0,
            "area_info":"31평(103.96), 31평(104.01), 33평(110.62), 47평(155.65)",
            "last_sales":"2022-01-05,16200.0,33평(110.62)"
        },
        {
            "index":742,
            "아파트명":"가락타운3단지",
            "투자타입":"재건축",
            "전용면적(m2)":"102.91",
            "전용면적(평)":"31평",
            "법정동주소":"부산시 사하구 하단동 1176",
            "도로명주소":"부산시 사하구 하신중앙로 265",
            "세대수":100,
            "입주년차":"--",
            "용적률점수":0,
            "건폐율점수":0,
            "세대당주차수":"--",
            "난방방식":"--",
            "공급면적":90,
            "전용률":80,
            "욕실수":"--",
            "현관타입":"--",
            "주거총점":38.5,
            "지역구공급총점":0.0,
            "역세권":"NA",
            "30분내 이동가능 거점":"NA",
            "1시간내 이동가능 거점":"NA",
            "교통총점":"NA",
            "백화점":0,
            "아울렛몰":0,
            "대형마트":0,
            "은행":70,
            "병원":30,
            "종합병원":80,
            "공원":100,
            "혐오시설":0,
            "인프라총점":29.0,
            "초등학군":88.95,
            "중학군":48.76,
            "학군총점":56.798,
            "인구수":34.97,
            "인구증감":-16.93,
            "인구총점":19.4,
            "일자리":13.0,
            "소득수준":54.78,
            "일자리총점":25.534,
            "가치 총점":39.2745,
            "매매실거래년":20220109.0,
            "매매실거래가":35500.0,
            "전세실거래년":20220107.0,
            "전세실거래가":23500.0,
            "전세가율":66.2,
            "장기전세가율평균":71.65,
            "전세가율거품지수":5.45,
            "검색코드":9828,
            "세대수":2132,
            "준공년월":"1992-09-14",
            "준공년차":31,
            "가까운역이름":"NA",
            "가까운역거리":"NA",
            "역세권여부":"NA",
            "30분이내주요거점역":"NA",
            "1시간이내주요거점역":"NA",
            "3km이내백화점수":0,
            "5km이내아울렛몰수":0,
            "1km이내대형먀트수":0,
            "500m이내은행수":3,
            "500m이내병원수":8,
            "5km이내대형병원수":1,
            "500m이내공원수":2,
            "3km이내혐오시설수":0,
            "초등학교학업성취도":88.95,
            "중학교학업성취도":79.6,
            "용적률":0,
            "건폐율":0,
            "Y":35.101831,
            "X":128.959848,
            "rank":77.0,
            "area_info":"31평(102.91), 31평(102.96)",
            "last_sales":"2022-01-09,35500.0,31평(102.91)"
        },
        {
            "index":577,
            "아파트명":"신평삼한사랑채",
            "투자타입":"일반",
            "전용면적(m2)":"111.33",
            "전용면적(평)":"33평",
            "법정동주소":"부산시 사하구 신평동 668",
            "도로명주소":"부산시 사하구 신산북로 5",
            "세대수":0,
            "입주년차":80,
            "용적률점수":"--",
            "건폐율점수":"--",
            "세대당주차수":30,
            "난방방식":30,
            "공급면적":"--",
            "전용률":"--",
            "욕실수":100,
            "현관타입":100,
            "주거총점":43.5,
            "지역구공급총점":0.0,
            "역세권":"NA",
            "30분내 이동가능 거점":"NA",
            "1시간내 이동가능 거점":"NA",
            "교통총점":"NA",
            "백화점":0,
            "아울렛몰":0,
            "대형마트":0,
            "은행":20,
            "병원":10,
            "종합병원":100,
            "공원":0,
            "혐오시설":0,
            "인프라총점":23.0,
            "초등학군":100.0,
            "중학군":48.76,
            "학군총점":59.008,
            "인구수":34.97,
            "인구증감":-16.93,
            "인구총점":19.4,
            "일자리":13.0,
            "소득수준":54.78,
            "일자리총점":25.534,
            "가치 총점":39.177,
            "매매실거래년":20220110.0,
            "매매실거래가":30800.0,
            "전세실거래년":20211231.0,
            "전세실거래가":18900.0,
            "전세가율":61.36,
            "장기전세가율평균":71.65,
            "전세가율거품지수":10.29,
            "검색코드":109575,
            "세대수":298,
            "준공년월":"2016-10-14",
            "준공년차":7,
            "가까운역이름":"NA",
            "가까운역거리":"NA",
            "역세권여부":"NA",
            "30분이내주요거점역":"NA",
            "1시간이내주요거점역":"NA",
            "3km이내백화점수":0,
            "5km이내아울렛몰수":0,
            "1km이내대형먀트수":0,
            "500m이내은행수":2,
            "500m이내병원수":4,
            "5km이내대형병원수":3,
            "500m이내공원수":0,
            "3km이내혐오시설수":0,
            "초등학교학업성취도":100.0,
            "중학교학업성취도":79.6,
            "용적률":253,
            "건폐율":13,
            "Y":35.093336,
            "X":128.965962,
            "rank":78.0,
            "area_info":"33평(111.33)",
            "last_sales":"2022-01-10,30800.0,33평(111.33)"
        },
        {
            "index":226,
            "아파트명":"신괴정화신",
            "투자타입":"재건축",
            "전용면적(m2)":"66.58",
            "전용면적(평)":"20평",
            "법정동주소":"부산시 사하구 괴정동 398-23",
            "도로명주소":"부산시 사하구 오작로 68",
            "세대수":0,
            "입주년차":"--",
            "용적률점수":0,
            "건폐율점수":100,
            "세대당주차수":"--",
            "난방방식":"--",
            "공급면적":50,
            "전용률":80,
            "욕실수":"--",
            "현관타입":"--",
            "주거총점":26.5,
            "지역구공급총점":0.0,
            "역세권":"NA",
            "30분내 이동가능 거점":"NA",
            "1시간내 이동가능 거점":"NA",
            "교통총점":"NA",
            "백화점":0,
            "아울렛몰":0,
            "대형마트":80,
            "은행":0,
            "병원":30,
            "종합병원":100,
            "공원":0,
            "혐오시설":0,
            "인프라총점":35.0,
            "초등학군":88.21,
            "중학군":57.06,
            "학군총점":63.29,
            "인구수":34.97,
            "인구증감":-16.93,
            "인구총점":19.4,
            "일자리":13.0,
            "소득수준":54.78,
            "일자리총점":25.534,
            "가치 총점":39.0975,
            "매매실거래년":20211111.0,
            "매매실거래가":12800.0,
            "전세실거래년":20210623.0,
            "전세실거래가":11500.0,
            "전세가율":89.84,
            "장기전세가율평균":71.65,
            "전세가율거품지수":-18.19,
            "검색코드":6187,
            "세대수":270,
            "준공년월":"1990-03-31",
            "준공년차":33,
            "가까운역이름":"NA",
            "가까운역거리":"NA",
            "역세권여부":"NA",
            "30분이내주요거점역":"NA",
            "1시간이내주요거점역":"NA",
            "3km이내백화점수":0,
            "5km이내아울렛몰수":0,
            "1km이내대형먀트수":1,
            "500m이내은행수":0,
            "500m이내병원수":9,
            "5km이내대형병원수":7,
            "500m이내공원수":0,
            "3km이내혐오시설수":0,
            "초등학교학업성취도":88.21,
            "중학교학업성취도":90.1,
            "용적률":228,
            "건폐율":17,
            "Y":35.09913,
            "X":128.9999,
            "rank":79.0,
            "area_info":"20평(66.58), 25평(85.88), 29평(98.52), 30평(99.55), 37평(125.32), 46평(153.8), 51평(171.01)",
            "last_sales":"2021-11-11,12800.0,20평(66.58)"
        },
        {
            "index":528,
            "아파트명":"혜성",
            "투자타입":"일반",
            "전용면적(m2)":"76.59",
            "전용면적(평)":"23평",
            "법정동주소":"부산시 사하구 당리동 17-2",
            "도로명주소":"부산시 사하구 제석로 127",
            "세대수":50,
            "입주년차":0,
            "용적률점수":"--",
            "건폐율점수":"--",
            "세대당주차수":30,
            "난방방식":30,
            "공급면적":"--",
            "전용률":"--",
            "욕실수":50,
            "현관타입":10,
            "주거총점":31.0,
            "지역구공급총점":0.0,
            "역세권":"NA",
            "30분내 이동가능 거점":"NA",
            "1시간내 이동가능 거점":"NA",
            "교통총점":"NA",
            "백화점":0,
            "아울렛몰":0,
            "대형마트":80,
            "은행":0,
            "병원":0,
            "종합병원":100,
            "공원":80,
            "혐오시설":0,
            "인프라총점":34.4,
            "초등학군":89.48,
            "중학군":49.42,
            "학군총점":57.432,
            "인구수":34.97,
            "인구증감":-16.93,
            "인구총점":19.4,
            "일자리":13.0,
            "소득수준":54.78,
            "일자리총점":25.534,
            "가치 총점":38.968,
            "매매실거래년":20211224.0,
            "매매실거래가":17800.0,
            "전세실거래년":20211220.0,
            "전세실거래가":13200.0,
            "전세가율":110.0,
            "장기전세가율평균":71.65,
            "전세가율거품지수":-38.35,
            "검색코드":6702,
            "세대수":423,
            "준공년월":"1996-01-30",
            "준공년차":27,
            "가까운역이름":"NA",
            "가까운역거리":"NA",
            "역세권여부":"NA",
            "30분이내주요거점역":"NA",
            "1시간이내주요거점역":"NA",
            "3km이내백화점수":0,
            "5km이내아울렛몰수":0,
            "1km이내대형먀트수":1,
            "500m이내은행수":0,
            "500m이내병원수":0,
            "5km이내대형병원수":5,
            "500m이내공원수":1,
            "3km이내혐오시설수":0,
            "초등학교학업성취도":89.48,
            "중학교학업성취도":80.1,
            "용적률":307,
            "건폐율":19,
            "Y":35.109937,
            "X":128.979808,
            "rank":80.0,
            "area_info":"23평(76.59), 32평(107.85)",
            "last_sales":"2021-12-24,17800.0,32평(107.85)"
        },
        {
            "index":797,
            "아파트명":"하단삼창",
            "투자타입":"일반",
            "전용면적(m2)":"79.53",
            "전용면적(평)":"24평",
            "법정동주소":"부산시 사하구 하단동 277",
            "도로명주소":"부산시 사하구 괴정로 76",
            "세대수":0,
            "입주년차":20,
            "용적률점수":"--",
            "건폐율점수":"--",
            "세대당주차수":0,
            "난방방식":30,
            "공급면적":"--",
            "전용률":"--",
            "욕실수":50,
            "현관타입":100,
            "주거총점":22.0,
            "지역구공급총점":0.0,
            "역세권":"NA",
            "30분내 이동가능 거점":"NA",
            "1시간내 이동가능 거점":"NA",
            "교통총점":"NA",
            "백화점":0,
            "아울렛몰":0,
            "대형마트":80,
            "은행":20,
            "병원":80,
            "종합병원":100,
            "공원":0,
            "혐오시설":0,
            "인프라총점":42.0,
            "초등학군":88.02,
            "중학군":49.42,
            "학군총점":57.14,
            "인구수":34.97,
            "인구증감":-16.93,
            "인구총점":19.4,
            "일자리":13.0,
            "소득수준":54.78,
            "일자리총점":25.534,
            "가치 총점":38.785,
            "매매실거래년":20210903.0,
            "매매실거래가":33500.0,
            "전세실거래년":20210331.0,
            "전세실거래가":16000.0,
            "전세가율":86.49,
            "장기전세가율평균":71.65,
            "전세가율거품지수":-14.84,
            "검색코드":7156,
            "세대수":162,
            "준공년월":"2001-06-25",
            "준공년차":22,
            "가까운역이름":"NA",
            "가까운역거리":"NA",
            "역세권여부":"NA",
            "30분이내주요거점역":"NA",
            "1시간이내주요거점역":"NA",
            "3km이내백화점수":0,
            "5km이내아울렛몰수":0,
            "1km이내대형먀트수":1,
            "500m이내은행수":2,
            "500m이내병원수":53,
            "5km이내대형병원수":4,
            "500m이내공원수":0,
            "3km이내혐오시설수":0,
            "초등학교학업성취도":88.02,
            "중학교학업성취도":80.1,
            "용적률":0,
            "건폐율":0,
            "Y":35.101735,
            "X":128.97178,
            "rank":81.0,
            "area_info":"24평(79.53), 32평(106.52), 41평(138.76)",
            "last_sales":"2021-09-03,33500.0,41평(138.76)"
        },
        {
            "index":13,
            "아파트명":"감천오펠리움",
            "투자타입":"일반",
            "전용면적(m2)":"82.79",
            "전용면적(평)":"25평",
            "법정동주소":"부산시 사하구 감천동 868",
            "도로명주소":"부산시 사하구 감천로105번길 53",
            "세대수":0,
            "입주년차":80,
            "용적률점수":"--",
            "건폐율점수":"--",
            "세대당주차수":0,
            "난방방식":30,
            "공급면적":"--",
            "전용률":"--",
            "욕실수":100,
            "현관타입":100,
            "주거총점":39.0,
            "지역구공급총점":0.0,
            "역세권":"NA",
            "30분내 이동가능 거점":"NA",
            "1시간내 이동가능 거점":"NA",
            "교통총점":"NA",
            "백화점":0,
            "아울렛몰":0,
            "대형마트":0,
            "은행":0,
            "병원":60,
            "종합병원":100,
            "공원":80,
            "혐오시설":0,
            "인프라총점":28.4,
            "초등학군":85.57,
            "중학군":46.66,
            "학군총점":54.442,
            "인구수":34.97,
            "인구증감":-16.93,
            "인구총점":19.4,
            "일자리":13.0,
            "소득수준":54.78,
            "일자리총점":25.534,
            "가치 총점":38.6205,
            "매매실거래년":20211123.0,
            "매매실거래가":17300.0,
            "전세실거래년":20211020.0,
            "전세실거래가":11500.0,
            "전세가율":66.47,
            "장기전세가율평균":71.65,
            "전세가율거품지수":5.18,
            "검색코드":111193,
            "세대수":145,
            "준공년월":"2018-07-18",
            "준공년차":5,
            "가까운역이름":"NA",
            "가까운역거리":"NA",
            "역세권여부":"NA",
            "30분이내주요거점역":"NA",
            "1시간이내주요거점역":"NA",
            "3km이내백화점수":0,
            "5km이내아울렛몰수":0,
            "1km이내대형먀트수":0,
            "500m이내은행수":1,
            "500m이내병원수":10,
            "5km이내대형병원수":7,
            "500m이내공원수":1,
            "3km이내혐오시설수":0,
            "초등학교학업성취도":85.57,
            "중학교학업성취도":76.5,
            "용적률":0,
            "건폐율":0,
            "Y":35.090862,
            "X":129.003137,
            "rank":82.0,
            "area_info":"25평(82.79), 25평(83.1), 31평(105.16)",
            "last_sales":"2021-11-23,17300.0,25평(82.79)"
        },
        {
            "index":154,
            "아파트명":"동아파크맨션",
            "투자타입":"재건축",
            "전용면적(m2)":"96.84",
            "전용면적(평)":"29평",
            "법정동주소":"부산시 사하구 괴정동 350-72",
            "도로명주소":"부산시 사하구 오작로 138",
            "세대수":0,
            "입주년차":"--",
            "용적률점수":0,
            "건폐율점수":0,
            "세대당주차수":"--",
            "난방방식":"--",
            "공급면적":70,
            "전용률":80,
            "욕실수":"--",
            "현관타입":"--",
            "주거총점":7.5,
            "지역구공급총점":0.0,
            "역세권":"NA",
            "30분내 이동가능 거점":"NA",
            "1시간내 이동가능 거점":"NA",
            "교통총점":"NA",
            "백화점":100,
            "아울렛몰":0,
            "대형마트":0,
            "은행":0,
            "병원":0,
            "종합병원":100,
            "공원":0,
            "혐오시설":0,
            "인프라총점":50.0,
            "초등학군":88.21,
            "중학군":57.06,
            "학군총점":63.29,
            "인구수":34.97,
            "인구증감":-16.93,
            "인구총점":19.4,
            "일자리":13.0,
            "소득수준":54.78,
            "일자리총점":25.534,
            "가치 총점":38.4475,
            "매매실거래년":20211231.0,
            "매매실거래가":15100.0,
            "전세실거래년":null,
            "전세실거래가":null,
            "전세가율":null,
            "장기전세가율평균":71.65,
            "전세가율거품지수":null,
            "검색코드":6306,
            "세대수":119,
            "준공년월":"1992-06-12",
            "준공년차":31,
            "가까운역이름":"NA",
            "가까운역거리":"NA",
            "역세권여부":"NA",
            "30분이내주요거점역":"NA",
            "1시간이내주요거점역":"NA",
            "3km이내백화점수":1,
            "5km이내아울렛몰수":0,
            "1km이내대형먀트수":0,
            "500m이내은행수":0,
            "500m이내병원수":1,
            "5km이내대형병원수":8,
            "500m이내공원수":0,
            "3km이내혐오시설수":0,
            "초등학교학업성취도":88.21,
            "중학교학업성취도":90.1,
            "용적률":522,
            "건폐율":83,
            "Y":35.103204,
            "X":129.00501,
            "rank":83.0,
            "area_info":"29평(96.84), 30평(102.3)",
            "last_sales":"2021-12-31,15100.0,30평(102.3)"
        },
        {
            "index":124,
            "아파트명":"괴정자유2차",
            "투자타입":"일반",
            "전용면적(m2)":"99.92",
            "전용면적(평)":"30평",
            "법정동주소":"부산시 사하구 괴정동 1064-1",
            "도로명주소":"부산시 사하구 승학로233번길 50",
            "세대수":0,
            "입주년차":0,
            "용적률점수":"--",
            "건폐율점수":"--",
            "세대당주차수":0,
            "난방방식":30,
            "공급면적":"--",
            "전용률":"--",
            "욕실수":100,
            "현관타입":100,
            "주거총점":23.0,
            "지역구공급총점":0.0,
            "역세권":"NA",
            "30분내 이동가능 거점":"NA",
            "1시간내 이동가능 거점":"NA",
            "교통총점":"NA",
            "백화점":0,
            "아울렛몰":0,
            "대형마트":80,
            "은행":0,
            "병원":80,
            "종합병원":100,
            "공원":0,
            "혐오시설":0,
            "인프라총점":40.0,
            "초등학군":91.23,
            "중학군":49.0,
            "학군총점":57.446,
            "인구수":34.97,
            "인구증감":-16.93,
            "인구총점":19.4,
            "일자리":13.0,
            "소득수준":54.78,
            "일자리총점":25.534,
            "가치 총점":38.4115,
            "매매실거래년":20210814.0,
            "매매실거래가":25700.0,
            "전세실거래년":null,
            "전세실거래가":null,
            "전세가율":null,
            "장기전세가율평균":71.65,
            "전세가율거품지수":null,
            "검색코드":6238,
            "세대수":235,
            "준공년월":"1997-02-01",
            "준공년차":26,
            "가까운역이름":"NA",
            "가까운역거리":"NA",
            "역세권여부":"NA",
            "30분이내주요거점역":"NA",
            "1시간이내주요거점역":"NA",
            "3km이내백화점수":0,
            "5km이내아울렛몰수":0,
            "1km이내대형먀트수":1,
            "500m이내은행수":1,
            "500m이내병원수":35,
            "5km이내대형병원수":6,
            "500m이내공원수":0,
            "3km이내혐오시설수":0,
            "초등학교학업성취도":91.23,
            "중학교학업성취도":78.8,
            "용적률":252,
            "건폐율":33,
            "Y":35.103657,
            "X":128.990482,
            "rank":84.0,
            "area_info":"30평(99.92), 30평(100.38), 44평(148.43), 58평(191.93)",
            "last_sales":"2021-08-14,25700.0,58평(191.93)"
        },
        {
            "index":102,
            "아파트명":"괴정경동메르빌",
            "투자타입":"일반",
            "전용면적(m2)":"112.78",
            "전용면적(평)":"34평",
            "법정동주소":"부산시 사하구 괴정동 619-16",
            "도로명주소":"부산시 사하구 괴정로244번길 57",
            "세대수":0,
            "입주년차":40,
            "용적률점수":"--",
            "건폐율점수":"--",
            "세대당주차수":30,
            "난방방식":30,
            "공급면적":"--",
            "전용률":"--",
            "욕실수":100,
            "현관타입":100,
            "주거총점":35.5,
            "지역구공급총점":0.0,
            "역세권":"NA",
            "30분내 이동가능 거점":"NA",
            "1시간내 이동가능 거점":"NA",
            "교통총점":"NA",
            "백화점":0,
            "아울렛몰":0,
            "대형마트":80,
            "은행":0,
            "병원":0,
            "종합병원":100,
            "공원":0,
            "혐오시설":0,
            "인프라총점":32.0,
            "초등학군":79.33,
            "중학군":45.8,
            "학군총점":52.506,
            "인구수":34.97,
            "인구증감":-16.93,
            "인구총점":19.4,
            "일자리":13.0,
            "소득수준":54.78,
            "일자리총점":25.534,
            "가치 총점":38.3515,
            "매매실거래년":20211126.0,
            "매매실거래가":23000.0,
            "전세실거래년":20210702.0,
            "전세실거래가":18000.0,
            "전세가율":78.26,
            "장기전세가율평균":71.65,
            "전세가율거품지수":-6.61,
            "검색코드":25445,
            "세대수":163,
            "준공년월":"2006-12-04",
            "준공년차":17,
            "가까운역이름":"NA",
            "가까운역거리":"NA",
            "역세권여부":"NA",
            "30분이내주요거점역":"NA",
            "1시간이내주요거점역":"NA",
            "3km이내백화점수":0,
            "5km이내아울렛몰수":0,
            "1km이내대형먀트수":1,
            "500m이내은행수":0,
            "500m이내병원수":1,
            "5km이내대형병원수":6,
            "500m이내공원수":0,
            "3km이내혐오시설수":0,
            "초등학교학업성취도":79.33,
            "중학교학업성취도":75.0,
            "용적률":199,
            "건폐율":15,
            "Y":35.094065,
            "X":128.987339,
            "rank":85.0,
            "area_info":"34평(112.78), 34평(113.91)",
            "last_sales":"2021-11-26,23000.0,34평(112.78)"
        },
        {
            "index":19,
            "아파트명":"감천유림2차",
            "투자타입":"일반",
            "전용면적(m2)":"79.48",
            "전용면적(평)":"24평",
            "법정동주소":"부산시 사하구 감천동 789",
            "도로명주소":"부산시 사하구 사하로 80",
            "세대수":50,
            "입주년차":20,
            "용적률점수":"--",
            "건폐율점수":"--",
            "세대당주차수":30,
            "난방방식":30,
            "공급면적":"--",
            "전용률":"--",
            "욕실수":50,
            "현관타입":100,
            "주거총점":44.0,
            "지역구공급총점":0.0,
            "역세권":"NA",
            "30분내 이동가능 거점":"NA",
            "1시간내 이동가능 거점":"NA",
            "교통총점":"NA",
            "백화점":0,
            "아울렛몰":0,
            "대형마트":0,
            "은행":0,
            "병원":30,
            "종합병원":100,
            "공원":0,
            "혐오시설":0,
            "인프라총점":23.0,
            "초등학군":90.95,
            "중학군":45.8,
            "학군총점":54.83,
            "인구수":34.97,
            "인구증감":-16.93,
            "인구총점":19.4,
            "일자리":13.0,
            "소득수준":54.78,
            "일자리총점":25.534,
            "가치 총점":38.3075,
            "매매실거래년":20211224.0,
            "매매실거래가":15900.0,
            "전세실거래년":20200629.0,
            "전세실거래가":12000.0,
            "전세가율":75.47,
            "장기전세가율평균":71.65,
            "전세가율거품지수":-3.82,
            "검색코드":6131,
            "세대수":498,
            "준공년월":"1999-08-16",
            "준공년차":24,
            "가까운역이름":"NA",
            "가까운역거리":"NA",
            "역세권여부":"NA",
            "30분이내주요거점역":"NA",
            "1시간이내주요거점역":"NA",
            "3km이내백화점수":0,
            "5km이내아울렛몰수":0,
            "1km이내대형먀트수":0,
            "500m이내은행수":0,
            "500m이내병원수":6,
            "5km이내대형병원수":7,
            "500m이내공원수":0,
            "3km이내혐오시설수":0,
            "초등학교학업성취도":90.95,
            "중학교학업성취도":75.0,
            "용적률":315,
            "건폐율":20,
            "Y":35.089258,
            "X":128.995309,
            "rank":86.0,
            "area_info":"24평(79.48), 24평(79.39), 24평(79.35), 28평(94.25), 32평(106.59), 38평(125.97), 38평(127.08), 41평(136.68), 44평(145.91), 53평(176.19)",
            "last_sales":"2021-12-24,15900.0,24평(79.48)"
        },
        {
            "index":128,
            "아파트명":"괴정참누리",
            "투자타입":"일반",
            "전용면적(m2)":"110.18",
            "전용면적(평)":"33평",
            "법정동주소":"부산시 사하구 괴정동 207-52",
            "도로명주소":"부산시 사하구",
            "세대수":0,
            "입주년차":60,
            "용적률점수":"--",
            "건폐율점수":"--",
            "세대당주차수":30,
            "난방방식":30,
            "공급면적":"--",
            "전용률":"--",
            "욕실수":100,
            "현관타입":100,
            "주거총점":39.5,
            "지역구공급총점":0.0,
            "역세권":"NA",
            "30분내 이동가능 거점":"NA",
            "1시간내 이동가능 거점":"NA",
            "교통총점":"NA",
            "백화점":0,
            "아울렛몰":0,
            "대형마트":0,
            "은행":0,
            "병원":10,
            "종합병원":100,
            "공원":0,
            "혐오시설":0,
            "인프라총점":21.0,
            "초등학군":88.03,
            "중학군":57.06,
            "학군총점":63.254,
            "인구수":34.97,
            "인구증감":-16.93,
            "인구총점":19.4,
            "일자리":13.0,
            "소득수준":54.78,
            "일자리총점":25.534,
            "가치 총점":38.0385,
            "매매실거래년":20210513.0,
            "매매실거래가":23960.0,
            "전세실거래년":20220111.0,
            "전세실거래가":19000.0,
            "전세가율":79.3,
            "장기전세가율평균":71.65,
            "전세가율거품지수":-7.65,
            "검색코드":104056,
            "세대수":165,
            "준공년월":"2012-06-18",
            "준공년차":11,
            "가까운역이름":"NA",
            "가까운역거리":"NA",
            "역세권여부":"NA",
            "30분이내주요거점역":"NA",
            "1시간이내주요거점역":"NA",
            "3km이내백화점수":0,
            "5km이내아울렛몰수":0,
            "1km이내대형먀트수":0,
            "500m이내은행수":0,
            "500m이내병원수":3,
            "5km이내대형병원수":9,
            "500m이내공원수":0,
            "3km이내혐오시설수":0,
            "초등학교학업성취도":88.03,
            "중학교학업성취도":90.1,
            "용적률":175,
            "건폐율":19,
            "Y":35.105815,
            "X":129.00219,
            "rank":87.0,
            "area_info":"33평(110.18)",
            "last_sales":"2021-05-13,23960.0,33평(110.18)"
        },
        {
            "index":543,
            "아파트명":"신익강변타운",
            "투자타입":"재건축",
            "전용면적(m2)":"90.16",
            "전용면적(평)":"27평",
            "법정동주소":"부산시 사하구 신평동 408",
            "도로명주소":"부산시 사하구 하신중앙로 180",
            "세대수":90,
            "입주년차":"--",
            "용적률점수":0,
            "건폐율점수":0,
            "세대당주차수":"--",
            "난방방식":"--",
            "공급면적":70,
            "전용률":80,
            "욕실수":"--",
            "현관타입":"--",
            "주거총점":34.5,
            "지역구공급총점":0.0,
            "역세권":"NA",
            "30분내 이동가능 거점":"NA",
            "1시간내 이동가능 거점":"NA",
            "교통총점":"NA",
            "백화점":0,
            "아울렛몰":0,
            "대형마트":0,
            "은행":20,
            "병원":30,
            "종합병원":100,
            "공원":80,
            "혐오시설":0,
            "인프라총점":27.4,
            "초등학군":100.0,
            "중학군":48.76,
            "학군총점":59.008,
            "인구수":34.97,
            "인구증감":-16.93,
            "인구총점":19.4,
            "일자리":13.0,
            "소득수준":54.78,
            "일자리총점":25.534,
            "가치 총점":37.787,
            "매매실거래년":20210626.0,
            "매매실거래가":32000.0,
            "전세실거래년":20210501.0,
            "전세실거래가":12500.0,
            "전세가율":88.65,
            "장기전세가율평균":71.65,
            "전세가율거품지수":-17.0,
            "검색코드":6844,
            "세대수":937,
            "준공년월":"1992-03-25",
            "준공년차":31,
            "가까운역이름":"NA",
            "가까운역거리":"NA",
            "역세권여부":"NA",
            "30분이내주요거점역":"NA",
            "1시간이내주요거점역":"NA",
            "3km이내백화점수":0,
            "5km이내아울렛몰수":0,
            "1km이내대형먀트수":0,
            "500m이내은행수":2,
            "500m이내병원수":6,
            "5km이내대형병원수":2,
            "500m이내공원수":1,
            "3km이내혐오시설수":0,
            "초등학교학업성취도":100.0,
            "중학교학업성취도":79.6,
            "용적률":0,
            "건폐율":0,
            "Y":35.096418,
            "X":128.963781,
            "rank":88.0,
            "area_info":"27평(90.16), 28평(94.05), 29평(97.67), 30평(101.21), 31평(102.63), 31평(102.61), 31평(103.42), 31평(103.18), 32평(109.09), 35평(116.14), 39평(129.77), 40평(132.98), 41평(136.81), 42평(141.92), 47평(157.67), 51평(170.71)",
            "last_sales":"2021-06-26,32000.0,51평(170.71)"
        },
        {
            "index":445,
            "아파트명":"당리신익",
            "투자타입":"재건축",
            "전용면적(m2)":"99.46",
            "전용면적(평)":"30평",
            "법정동주소":"부산시 사하구 당리동 407",
            "도로명주소":"부산시 사하구 승학로 123-4",
            "세대수":30,
            "입주년차":"--",
            "용적률점수":0,
            "건폐율점수":0,
            "세대당주차수":"--",
            "난방방식":"--",
            "공급면적":90,
            "전용률":80,
            "욕실수":"--",
            "현관타입":"--",
            "주거총점":17.5,
            "지역구공급총점":0.0,
            "역세권":"NA",
            "30분내 이동가능 거점":"NA",
            "1시간내 이동가능 거점":"NA",
            "교통총점":"NA",
            "백화점":0,
            "아울렛몰":0,
            "대형마트":80,
            "은행":20,
            "병원":60,
            "종합병원":100,
            "공원":100,
            "혐오시설":0,
            "인프라총점":43.0,
            "초등학군":88.89,
            "중학군":49.42,
            "학군총점":57.314,
            "인구수":34.97,
            "인구증감":-16.93,
            "인구총점":19.4,
            "일자리":13.0,
            "소득수준":54.78,
            "일자리총점":25.534,
            "가치 총점":37.6535,
            "매매실거래년":20211026.0,
            "매매실거래가":33000.0,
            "전세실거래년":20210823.0,
            "전세실거래가":14000.0,
            "전세가율":75.68,
            "장기전세가율평균":71.65,
            "전세가율거품지수":-4.03,
            "검색코드":6552,
            "세대수":300,
            "준공년월":"1992-01-24",
            "준공년차":31,
            "가까운역이름":"NA",
            "가까운역거리":"NA",
            "역세권여부":"NA",
            "30분이내주요거점역":"NA",
            "1시간이내주요거점역":"NA",
            "3km이내백화점수":0,
            "5km이내아울렛몰수":0,
            "1km이내대형먀트수":1,
            "500m이내은행수":2,
            "500m이내병원수":17,
            "5km이내대형병원수":5,
            "500m이내공원수":2,
            "3km이내혐오시설수":0,
            "초등학교학업성취도":88.89,
            "중학교학업성취도":80.1,
            "용적률":0,
            "건폐율":0,
            "Y":35.104329,
            "X":128.978765,
            "rank":89.0,
            "area_info":"30평(99.46), 31평(103.49), 41평(135.89), 41평(137.02), 42평(140.25), 44평(147.16), 47평(156.4), 47평(156.38), 47평(158.23), 50평(167.32), 59평(197.39), 59평(197.17), 63평(209.84), 82평(272.91)",
            "last_sales":"2021-10-26,33000.0,63평(209.84)"
        },
        {
            "index":664,
            "아파트명":"장림대동맨션",
            "투자타입":"일반",
            "전용면적(m2)":"87.56",
            "전용면적(평)":"26평",
            "법정동주소":"부산시 사하구 장림동 307",
            "도로명주소":"부산시 사하구 다대로 289",
            "세대수":0,
            "입주년차":0,
            "용적률점수":"--",
            "건폐율점수":"--",
            "세대당주차수":0,
            "난방방식":30,
            "공급면적":"--",
            "전용률":"--",
            "욕실수":100,
            "현관타입":100,
            "주거총점":23.0,
            "지역구공급총점":0.0,
            "역세권":"NA",
            "30분내 이동가능 거점":"NA",
            "1시간내 이동가능 거점":"NA",
            "교통총점":"NA",
            "백화점":0,
            "아울렛몰":0,
            "대형마트":80,
            "은행":0,
            "병원":60,
            "종합병원":100,
            "공원":0,
            "혐오시설":0,
            "인프라총점":38.0,
            "초등학군":88.22,
            "중학군":49.64,
            "학군총점":57.356,
            "인구수":34.97,
            "인구증감":-16.93,
            "인구총점":19.4,
            "일자리":13.0,
            "소득수준":54.78,
            "일자리총점":25.534,
            "가치 총점":37.589,
            "매매실거래년":20211231.0,
            "매매실거래가":17800.0,
            "전세실거래년":20191026.0,
            "전세실거래가":10000.0,
            "전세가율":71.43,
            "장기전세가율평균":71.65,
            "전세가율거품지수":0.22,
            "검색코드":10407,
            "세대수":101,
            "준공년월":"1993-10-06",
            "준공년차":30,
            "가까운역이름":"NA",
            "가까운역거리":"NA",
            "역세권여부":"NA",
            "30분이내주요거점역":"NA",
            "1시간이내주요거점역":"NA",
            "3km이내백화점수":0,
            "5km이내아울렛몰수":0,
            "1km이내대형먀트수":1,
            "500m이내은행수":1,
            "500m이내병원수":21,
            "5km이내대형병원수":2,
            "500m이내공원수":0,
            "3km이내혐오시설수":0,
            "초등학교학업성취도":88.22,
            "중학교학업성취도":80.6,
            "용적률":394,
            "건폐율":45,
            "Y":35.076784,
            "X":128.977427,
            "rank":90.0,
            "area_info":"26평(87.56), 28평(95.52), 29평(97.62), 31평(102.95)",
            "last_sales":"2021-12-31,17800.0,29평(97.62)"
        },
        {
            "index":800,
            "아파트명":"하단지오피아",
            "투자타입":"일반",
            "전용면적(m2)":"77.34",
            "전용면적(평)":"23평",
            "법정동주소":"부산시 사하구 하단동 520-1",
            "도로명주소":"부산시 사하구 낙동남로1357번길 46",
            "세대수":0,
            "입주년차":40,
            "용적률점수":"--",
            "건폐율점수":"--",
            "세대당주차수":0,
            "난방방식":30,
            "공급면적":"--",
            "전용률":"--",
            "욕실수":50,
            "현관타입":100,
            "주거총점":26.0,
            "지역구공급총점":0.0,
            "역세권":"NA",
            "30분내 이동가능 거점":"NA",
            "1시간내 이동가능 거점":"NA",
            "교통총점":"NA",
            "백화점":0,
            "아울렛몰":0,
            "대형마트":0,
            "은행":70,
            "병원":60,
            "종합병원":80,
            "공원":80,
            "혐오시설":0,
            "인프라총점":31.4,
            "초등학군":89.19,
            "중학군":55.88,
            "학군총점":62.542,
            "인구수":34.97,
            "인구증감":-16.93,
            "인구총점":19.4,
            "일자리":13.0,
            "소득수준":54.78,
            "일자리총점":25.534,
            "가치 총점":37.2955,
            "매매실거래년":20211012.0,
            "매매실거래가":24500.0,
            "전세실거래년":20211113.0,
            "전세실거래가":12000.0,
            "전세가율":48.98,
            "장기전세가율평균":71.65,
            "전세가율거품지수":22.67,
            "검색코드":24992,
            "세대수":114,
            "준공년월":"2006-11-24",
            "준공년차":17,
            "가까운역이름":"NA",
            "가까운역거리":"NA",
            "역세권여부":"NA",
            "30분이내주요거점역":"NA",
            "1시간이내주요거점역":"NA",
            "3km이내백화점수":0,
            "5km이내아울렛몰수":0,
            "1km이내대형먀트수":0,
            "500m이내은행수":3,
            "500m이내병원수":17,
            "5km이내대형병원수":1,
            "500m이내공원수":1,
            "3km이내혐오시설수":0,
            "초등학교학업성취도":89.19,
            "중학교학업성취도":90.8,
            "용적률":376,
            "건폐율":56,
            "Y":35.10836,
            "X":128.96055,
            "rank":91.0,
            "area_info":"23평(77.34), 26평(88.39), 42평(139.09)",
            "last_sales":"2021-10-12,24500.0,23평(77.34)"
        },
        {
            "index":368,
            "아파트명":"다대자유",
            "투자타입":"일반",
            "전용면적(m2)":"76.77",
            "전용면적(평)":"23평",
            "법정동주소":"부산시 사하구 다대동 382-3",
            "도로명주소":"부산시 사하구 다대로 617",
            "세대수":90,
            "입주년차":0,
            "용적률점수":"--",
            "건폐율점수":"--",
            "세대당주차수":0,
            "난방방식":30,
            "공급면적":"--",
            "전용률":"--",
            "욕실수":50,
            "현관타입":10,
            "주거총점":40.5,
            "지역구공급총점":0.0,
            "역세권":"NA",
            "30분내 이동가능 거점":"NA",
            "1시간내 이동가능 거점":"NA",
            "교통총점":"NA",
            "백화점":0,
            "아울렛몰":0,
            "대형마트":0,
            "은행":0,
            "병원":30,
            "종합병원":80,
            "공원":80,
            "혐오시설":0,
            "인프라총점":21.4,
            "초등학군":83.33,
            "중학군":51.7,
            "학군총점":58.026,
            "인구수":34.97,
            "인구증감":-16.93,
            "인구총점":19.4,
            "일자리":13.0,
            "소득수준":54.78,
            "일자리총점":25.534,
            "가치 총점":37.2415,
            "매매실거래년":20211127.0,
            "매매실거래가":25500.0,
            "전세실거래년":20210703.0,
            "전세실거래가":12500.0,
            "전세가율":49.02,
            "장기전세가율평균":71.65,
            "전세가율거품지수":22.63,
            "검색코드":6460,
            "세대수":987,
            "준공년월":"1993-10-05",
            "준공년차":30,
            "가까운역이름":"NA",
            "가까운역거리":"NA",
            "역세권여부":"NA",
            "30분이내주요거점역":"NA",
            "1시간이내주요거점역":"NA",
            "3km이내백화점수":0,
            "5km이내아울렛몰수":0,
            "1km이내대형먀트수":0,
            "500m이내은행수":0,
            "500m이내병원수":8,
            "5km이내대형병원수":1,
            "500m이내공원수":1,
            "3km이내혐오시설수":0,
            "초등학교학업성취도":83.33,
            "중학교학업성취도":81.9,
            "용적률":339,
            "건폐율":26,
            "Y":35.052083,
            "X":128.9722,
            "rank":92.0,
            "area_info":"23평(76.77), 31평(102.63), 42평(141.69), 50평(166.6)",
            "last_sales":"2021-11-27,25500.0,23평(76.77)"
        },
        {
            "index":668,
            "아파트명":"장림로얄베스토피아",
            "투자타입":"일반",
            "전용면적(m2)":"78.99",
            "전용면적(평)":"23평",
            "법정동주소":"부산시 사하구 장림동 185-29",
            "도로명주소":"부산시 사하구 다대로227번길 45",
            "세대수":0,
            "입주년차":0,
            "용적률점수":"--",
            "건폐율점수":"--",
            "세대당주차수":0,
            "난방방식":30,
            "공급면적":"--",
            "전용률":"--",
            "욕실수":50,
            "현관타입":100,
            "주거총점":18.0,
            "지역구공급총점":0.0,
            "역세권":"NA",
            "30분내 이동가능 거점":"NA",
            "1시간내 이동가능 거점":"NA",
            "교통총점":"NA",
            "백화점":0,
            "아울렛몰":0,
            "대형마트":100,
            "은행":0,
            "병원":60,
            "종합병원":100,
            "공원":0,
            "혐오시설":0,
            "인프라총점":41.0,
            "초등학군":88.22,
            "중학군":49.64,
            "학군총점":57.356,
            "인구수":34.97,
            "인구증감":-16.93,
            "인구총점":19.4,
            "일자리":13.0,
            "소득수준":54.78,
            "일자리총점":25.534,
            "가치 총점":37.039,
            "매매실거래년":20211203.0,
            "매매실거래가":13000.0,
            "전세실거래년":20200506.0,
            "전세실거래가":13000.0,
            "전세가율":114.04,
            "장기전세가율평균":71.65,
            "전세가율거품지수":-42.39,
            "검색코드":6915,
            "세대수":187,
            "준공년월":"1993-07-28",
            "준공년차":30,
            "가까운역이름":"NA",
            "가까운역거리":"NA",
            "역세권여부":"NA",
            "30분이내주요거점역":"NA",
            "1시간이내주요거점역":"NA",
            "3km이내백화점수":0,
            "5km이내아울렛몰수":0,
            "1km이내대형먀트수":2,
            "500m이내은행수":1,
            "500m이내병원수":15,
            "5km이내대형병원수":3,
            "500m이내공원수":0,
            "3km이내혐오시설수":0,
            "초등학교학업성취도":88.22,
            "중학교학업성취도":80.6,
            "용적률":251,
            "건폐율":34,
            "Y":35.080217,
            "X":128.978784,
            "rank":93.0,
            "area_info":"23평(78.99), 30평(100.55), 31평(103.47), 31평(103.95), 31평(104.37), 41평(138.53)",
            "last_sales":"2021-12-03,13000.0,31평(103.47)"
        },
        {
            "index":414,
            "아파트명":"우신",
            "투자타입":"재건축",
            "전용면적(m2)":"44.69",
            "전용면적(평)":"13평",
            "법정동주소":"부산시 사하구 다대동 960",
            "도로명주소":"부산시 사하구 윤공단로17번길 29",
            "세대수":0,
            "입주년차":"--",
            "용적률점수":100,
            "건폐율점수":40,
            "세대당주차수":"--",
            "난방방식":"--",
            "공급면적":50,
            "전용률":80,
            "욕실수":"--",
            "현관타입":"--",
            "주거총점":54.5,
            "지역구공급총점":0.0,
            "역세권":"NA",
            "30분내 이동가능 거점":"NA",
            "1시간내 이동가능 거점":"NA",
            "교통총점":"NA",
            "백화점":0,
            "아울렛몰":0,
            "대형마트":0,
            "은행":0,
            "병원":60,
            "종합병원":0,
            "공원":100,
            "혐오시설":0,
            "인프라총점":9.0,
            "초등학군":87.17,
            "중학군":49.54,
            "학군총점":57.066,
            "인구수":34.97,
            "인구증감":-16.93,
            "인구총점":19.4,
            "일자리":13.0,
            "소득수준":54.78,
            "일자리총점":25.534,
            "가치 총점":36.9415,
            "매매실거래년":"18000101",
            "매매실거래가":null,
            "전세실거래년":null,
            "전세실거래가":null,
            "전세가율":null,
            "장기전세가율평균":71.65,
            "전세가율거품지수":null,
            "검색코드":14974,
            "세대수":237,
            "준공년월":"1986-12-12",
            "준공년차":37,
            "가까운역이름":"NA",
            "가까운역거리":"NA",
            "역세권여부":"NA",
            "30분이내주요거점역":"NA",
            "1시간이내주요거점역":"NA",
            "3km이내백화점수":0,
            "5km이내아울렛몰수":0,
            "1km이내대형먀트수":0,
            "500m이내은행수":1,
            "500m이내병원수":17,
            "5km이내대형병원수":0,
            "500m이내공원수":4,
            "3km이내혐오시설수":0,
            "초등학교학업성취도":87.17,
            "중학교학업성취도":81.1,
            "용적률":91,
            "건폐율":39,
            "Y":35.053471,
            "X":128.967689,
            "rank":94.0,
            "area_info":"13평(44.69), 13평(45.85), 15평(51.66), 16평(52.92), 15평(52.02), 16평(53.28), 17평(57.24), 17평(57.78), 18평(62.46), 18평(62.1)",
            "last_sales":"1800-01-01,nan,13평(44.69)"
        },
        {
            "index":410,
            "아파트명":"삼환2차",
            "투자타입":"일반",
            "전용면적(m2)":"105.9",
            "전용면적(평)":"32평",
            "법정동주소":"부산시 사하구 다대동 94",
            "도로명주소":"부산시 사하구 다대로381번길 41",
            "세대수":0,
            "입주년차":20,
            "용적률점수":"--",
            "건폐율점수":"--",
            "세대당주차수":30,
            "난방방식":30,
            "공급면적":"--",
            "전용률":"--",
            "욕실수":100,
            "현관타입":100,
            "주거총점":31.5,
            "지역구공급총점":0.0,
            "역세권":"NA",
            "30분내 이동가능 거점":"NA",
            "1시간내 이동가능 거점":"NA",
            "교통총점":"NA",
            "백화점":0,
            "아울렛몰":0,
            "대형마트":0,
            "은행":0,
            "병원":60,
            "종합병원":100,
            "공원":100,
            "혐오시설":0,
            "인프라총점":29.0,
            "초등학군":85.82,
            "중학군":49.88,
            "학군총점":57.068,
            "인구수":34.97,
            "인구증감":-16.93,
            "인구총점":19.4,
            "일자리":13.0,
            "소득수준":54.78,
            "일자리총점":25.534,
            "가치 총점":36.892,
            "매매실거래년":20211026.0,
            "매매실거래가":23000.0,
            "전세실거래년":20211130.0,
            "전세실거래가":16000.0,
            "전세가율":69.57,
            "장기전세가율평균":71.65,
            "전세가율거품지수":2.08,
            "검색코드":6540,
            "세대수":268,
            "준공년월":"1999-09-21",
            "준공년차":24,
            "가까운역이름":"NA",
            "가까운역거리":"NA",
            "역세권여부":"NA",
            "30분이내주요거점역":"NA",
            "1시간이내주요거점역":"NA",
            "3km이내백화점수":0,
            "5km이내아울렛몰수":0,
            "1km이내대형먀트수":0,
            "500m이내은행수":0,
            "500m이내병원수":15,
            "5km이내대형병원수":2,
            "500m이내공원수":8,
            "3km이내혐오시설수":0,
            "초등학교학업성취도":85.82,
            "중학교학업성취도":80.6,
            "용적률":67,
            "건폐율":4,
            "Y":35.067929,
            "X":128.982365,
            "rank":95.0,
            "area_info":"32평(105.9)",
            "last_sales":"2021-10-26,23000.0,32평(105.9)"
        },
        {
            "index":678,
            "아파트명":"장림신도",
            "투자타입":"일반",
            "전용면적(m2)":"100.05",
            "전용면적(평)":"30평",
            "법정동주소":"부산시 사하구 장림동 60-34",
            "도로명주소":"부산시 사하구 두송로 57",
            "세대수":0,
            "입주년차":0,
            "용적률점수":"--",
            "건폐율점수":"--",
            "세대당주차수":0,
            "난방방식":30,
            "공급면적":"--",
            "전용률":"--",
            "욕실수":50,
            "현관타입":100,
            "주거총점":18.0,
            "지역구공급총점":0.0,
            "역세권":"NA",
            "30분내 이동가능 거점":"NA",
            "1시간내 이동가능 거점":"NA",
            "교통총점":"NA",
            "백화점":0,
            "아울렛몰":0,
            "대형마트":80,
            "은행":0,
            "병원":60,
            "종합병원":100,
            "공원":80,
            "혐오시설":0,
            "인프라총점":40.4,
            "초등학군":88.22,
            "중학군":49.64,
            "학군총점":57.356,
            "인구수":34.97,
            "인구증감":-16.93,
            "인구총점":19.4,
            "일자리":13.0,
            "소득수준":54.78,
            "일자리총점":25.534,
            "가치 총점":36.799,
            "매매실거래년":20220107.0,
            "매매실거래가":10000.0,
            "전세실거래년":20210203.0,
            "전세실거래가":8000.0,
            "전세가율":89.89,
            "장기전세가율평균":71.65,
            "전세가율거품지수":-18.24,
            "검색코드":7078,
            "세대수":119,
            "준공년월":"1993-04-30",
            "준공년차":30,
            "가까운역이름":"NA",
            "가까운역거리":"NA",
            "역세권여부":"NA",
            "30분이내주요거점역":"NA",
            "1시간이내주요거점역":"NA",
            "3km이내백화점수":0,
            "5km이내아울렛몰수":0,
            "1km이내대형먀트수":1,
            "500m이내은행수":0,
            "500m이내병원수":16,
            "5km이내대형병원수":3,
            "500m이내공원수":1,
            "3km이내혐오시설수":0,
            "초등학교학업성취도":88.22,
            "중학교학업성취도":80.6,
            "용적률":244,
            "건폐율":22,
            "Y":35.07906,
            "X":128.98249,
            "rank":96.0,
            "area_info":"30평(100.05), 30평(101.79), 31평(103.56), 32평(106.67), 32평(107.33), 33평(110.18)",
            "last_sales":"2022-01-07,10000.0,31평(103.56)"
        },
        {
            "index":129,
            "아파트명":"괴정한신",
            "투자타입":"일반",
            "전용면적(m2)":"79.53",
            "전용면적(평)":"24평",
            "법정동주소":"부산시 사하구 괴정동 795-14",
            "도로명주소":"부산시 사하구 승학로 221",
            "세대수":0,
            "입주년차":0,
            "용적률점수":"--",
            "건폐율점수":"--",
            "세대당주차수":0,
            "난방방식":30,
            "공급면적":"--",
            "전용률":"--",
            "욕실수":50,
            "현관타입":100,
            "주거총점":18.0,
            "지역구공급총점":0.0,
            "역세권":"NA",
            "30분내 이동가능 거점":"NA",
            "1시간내 이동가능 거점":"NA",
            "교통총점":"NA",
            "백화점":0,
            "아울렛몰":0,
            "대형마트":80,
            "은행":0,
            "병원":80,
            "종합병원":100,
            "공원":0,
            "혐오시설":0,
            "인프라총점":40.0,
            "초등학군":91.23,
            "중학군":49.0,
            "학군총점":57.446,
            "인구수":34.97,
            "인구증감":-16.93,
            "인구총점":19.4,
            "일자리":13.0,
            "소득수준":54.78,
            "일자리총점":25.534,
            "가치 총점":36.6615,
            "매매실거래년":20210823.0,
            "매매실거래가":18000.0,
            "전세실거래년":20210602.0,
            "전세실거래가":16000.0,
            "전세가율":88.89,
            "장기전세가율평균":71.65,
            "전세가율거품지수":-17.24,
            "검색코드":6253,
            "세대수":225,
            "준공년월":"1997-11-14",
            "준공년차":26,
            "가까운역이름":"NA",
            "가까운역거리":"NA",
            "역세권여부":"NA",
            "30분이내주요거점역":"NA",
            "1시간이내주요거점역":"NA",
            "3km이내백화점수":0,
            "5km이내아울렛몰수":0,
            "1km이내대형먀트수":1,
            "500m이내은행수":0,
            "500m이내병원수":43,
            "5km이내대형병원수":6,
            "500m이내공원수":0,
            "3km이내혐오시설수":0,
            "초등학교학업성취도":91.23,
            "중학교학업성취도":78.8,
            "용적률":0,
            "건폐율":0,
            "Y":35.10144,
            "X":128.98846,
            "rank":97.0,
            "area_info":"24평(79.53), 32평(106.68), 51평(170.65)",
            "last_sales":"2021-08-23,18000.0,24평(79.53)"
        },
        {
            "index":233,
            "아파트명":"신익타운",
            "투자타입":"재건축",
            "전용면적(m2)":"79.27",
            "전용면적(평)":"23평",
            "법정동주소":"부산시 사하구 괴정동 398-22",
            "도로명주소":"부산시 사하구 오작로 46",
            "세대수":0,
            "입주년차":"--",
            "용적률점수":0,
            "건폐율점수":0,
            "세대당주차수":"--",
            "난방방식":"--",
            "공급면적":50,
            "전용률":60,
            "욕실수":"--",
            "현관타입":"--",
            "주거총점":5.5,
            "지역구공급총점":0.0,
            "역세권":"NA",
            "30분내 이동가능 거점":"NA",
            "1시간내 이동가능 거점":"NA",
            "교통총점":"NA",
            "백화점":0,
            "아울렛몰":0,
            "대형마트":80,
            "은행":70,
            "병원":80,
            "종합병원":100,
            "공원":0,
            "혐오시설":0,
            "인프라총점":47.0,
            "초등학군":88.21,
            "중학군":57.06,
            "학군총점":63.29,
            "인구수":34.97,
            "인구증감":-16.93,
            "인구총점":19.4,
            "일자리":13.0,
            "소득수준":54.78,
            "일자리총점":25.534,
            "가치 총점":36.5475,
            "매매실거래년":20211112.0,
            "매매실거래가":12500.0,
            "전세실거래년":20141204.0,
            "전세실거래가":10000.0,
            "전세가율":80.0,
            "장기전세가율평균":71.65,
            "전세가율거품지수":-8.35,
            "검색코드":6225,
            "세대수":228,
            "준공년월":"1992-03-28",
            "준공년차":31,
            "가까운역이름":"NA",
            "가까운역거리":"NA",
            "역세권여부":"NA",
            "30분이내주요거점역":"NA",
            "1시간이내주요거점역":"NA",
            "3km이내백화점수":0,
            "5km이내아울렛몰수":0,
            "1km이내대형먀트수":1,
            "500m이내은행수":3,
            "500m이내병원수":33,
            "5km이내대형병원수":7,
            "500m이내공원수":0,
            "3km이내혐오시설수":0,
            "초등학교학업성취도":88.21,
            "중학교학업성취도":90.1,
            "용적률":300,
            "건폐율":72,
            "Y":35.098641,
            "X":128.998692,
            "rank":98.0,
            "area_info":"23평(79.27), 24평(80.26), 28평(92.64), 30평(99.39), 30평(99.99), 38평(127.85), 44평(147.3), 48평(160.75)",
            "last_sales":"2021-11-12,12500.0,23평(79.27)"
        },
        {
            "index":327,
            "아파트명":"화신",
            "투자타입":"일반",
            "전용면적(m2)":"104.97",
            "전용면적(평)":"31평",
            "법정동주소":"부산시 사하구 구평동 41-7",
            "도로명주소":"부산시 사하구 사하로 47",
            "세대수":50,
            "입주년차":0,
            "용적률점수":"--",
            "건폐율점수":"--",
            "세대당주차수":0,
            "난방방식":30,
            "공급면적":"--",
            "전용률":"--",
            "욕실수":100,
            "현관타입":100,
            "주거총점":40.5,
            "지역구공급총점":0.0,
            "역세권":"NA",
            "30분내 이동가능 거점":"NA",
            "1시간내 이동가능 거점":"NA",
            "교통총점":"NA",
            "백화점":0,
            "아울렛몰":0,
            "대형마트":0,
            "은행":0,
            "병원":0,
            "종합병원":100,
            "공원":0,
            "혐오시설":0,
            "인프라총점":20.0,
            "초등학군":88.58,
            "중학군":49.54,
            "학군총점":57.348,
            "인구수":34.97,
            "인구증감":-16.93,
            "인구총점":19.4,
            "일자리":13.0,
            "소득수준":54.78,
            "일자리총점":25.534,
            "가치 총점":36.512,
            "매매실거래년":20211122.0,
            "매매실거래가":13500.0,
            "전세실거래년":20210927.0,
            "전세실거래가":12000.0,
            "전세가율":88.89,
            "장기전세가율평균":71.65,
            "전세가율거품지수":-17.24,
            "검색코드":6421,
            "세대수":496,
            "준공년월":"1993-05-14",
            "준공년차":30,
            "가까운역이름":"NA",
            "가까운역거리":"NA",
            "역세권여부":"NA",
            "30분이내주요거점역":"NA",
            "1시간이내주요거점역":"NA",
            "3km이내백화점수":0,
            "5km이내아울렛몰수":0,
            "1km이내대형먀트수":0,
            "500m이내은행수":0,
            "500m이내병원수":0,
            "5km이내대형병원수":7,
            "500m이내공원수":0,
            "3km이내혐오시설수":0,
            "초등학교학업성취도":88.58,
            "중학교학업성취도":80.1,
            "용적률":373,
            "건폐율":21,
            "Y":35.086137,
            "X":128.992387,
            "rank":99.0,
            "area_info":"31평(104.97), 49평(164.71), 59평(195.75)",
            "last_sales":"2021-11-22,13500.0,31평(104.97)"
        },
        {
            "index":508,
            "아파트명":"신동아(33-4)",
            "투자타입":"일반",
            "전용면적(m2)":"75.81",
            "전용면적(평)":"22평",
            "법정동주소":"부산시 사하구 당리동 33-4",
            "도로명주소":"부산시 사하구 제석로95번길 22-3",
            "세대수":0,
            "입주년차":0,
            "용적률점수":"--",
            "건폐율점수":"--",
            "세대당주차수":0,
            "난방방식":30,
            "공급면적":"--",
            "전용률":"--",
            "욕실수":50,
            "현관타입":100,
            "주거총점":18.0,
            "지역구공급총점":0.0,
            "역세권":"NA",
            "30분내 이동가능 거점":"NA",
            "1시간내 이동가능 거점":"NA",
            "교통총점":"NA",
            "백화점":0,
            "아울렛몰":0,
            "대형마트":80,
            "은행":0,
            "병원":0,
            "종합병원":100,
            "공원":80,
            "혐오시설":0,
            "인프라총점":34.4,
            "초등학군":89.48,
            "중학군":57.48,
            "학군총점":63.88,
            "인구수":34.97,
            "인구증감":-16.93,
            "인구총점":19.4,
            "일자리":13.0,
            "소득수준":54.78,
            "일자리총점":25.534,
            "가치 총점":36.03,
            "매매실거래년":20211117.0,
            "매매실거래가":9700.0,
            "전세실거래년":20180326.0,
            "전세실거래가":7000.0,
            "전세가율":72.16,
            "장기전세가율평균":71.65,
            "전세가율거품지수":-0.51,
            "검색코드":6582,
            "세대수":120,
            "준공년월":"1996-12-02",
            "준공년차":27,
            "가까운역이름":"NA",
            "가까운역거리":"NA",
            "역세권여부":"NA",
            "30분이내주요거점역":"NA",
            "1시간이내주요거점역":"NA",
            "3km이내백화점수":0,
            "5km이내아울렛몰수":0,
            "1km이내대형먀트수":1,
            "500m이내은행수":0,
            "500m이내병원수":1,
            "5km이내대형병원수":5,
            "500m이내공원수":1,
            "3km이내혐오시설수":0,
            "초등학교학업성취도":89.48,
            "중학교학업성취도":93.0,
            "용적률":199,
            "건폐율":19,
            "Y":35.110207,
            "X":128.977585,
            "rank":100.0,
            "area_info":"22평(75.81), 32평(107.28)",
            "last_sales":"2021-11-17,9700.0,22평(75.81)"
        },
        {
            "index":331,
            "아파트명":"다대남도",
            "투자타입":"재건축",
            "전용면적(m2)":"56.08",
            "전용면적(평)":"16평",
            "법정동주소":"부산시 사하구 다대동 959",
            "도로명주소":"부산시 사하구 윤공단로 25",
            "세대수":0,
            "입주년차":"--",
            "용적률점수":100,
            "건폐율점수":20,
            "세대당주차수":"--",
            "난방방식":"--",
            "공급면적":50,
            "전용률":80,
            "욕실수":"--",
            "현관타입":"--",
            "주거총점":50.5,
            "지역구공급총점":0.0,
            "역세권":"NA",
            "30분내 이동가능 거점":"NA",
            "1시간내 이동가능 거점":"NA",
            "교통총점":"NA",
            "백화점":0,
            "아울렛몰":0,
            "대형마트":0,
            "은행":0,
            "병원":60,
            "종합병원":0,
            "공원":100,
            "혐오시설":0,
            "인프라총점":9.0,
            "초등학군":87.17,
            "중학군":51.7,
            "학군총점":58.794,
            "인구수":34.97,
            "인구증감":-16.93,
            "인구총점":19.4,
            "일자리":13.0,
            "소득수준":54.78,
            "일자리총점":25.534,
            "가치 총점":35.9735,
            "매매실거래년":"18000101",
            "매매실거래가":null,
            "전세실거래년":null,
            "전세실거래가":null,
            "전세가율":null,
            "장기전세가율평균":71.65,
            "전세가율거품지수":null,
            "검색코드":14973,
            "세대수":132,
            "준공년월":"1990-10-11",
            "준공년차":33,
            "가까운역이름":"NA",
            "가까운역거리":"NA",
            "역세권여부":"NA",
            "30분이내주요거점역":"NA",
            "1시간이내주요거점역":"NA",
            "3km이내백화점수":0,
            "5km이내아울렛몰수":0,
            "1km이내대형먀트수":0,
            "500m이내은행수":1,
            "500m이내병원수":25,
            "5km이내대형병원수":0,
            "500m이내공원수":4,
            "3km이내혐오시설수":0,
            "초등학교학업성취도":87.17,
            "중학교학업성취도":81.9,
            "용적률":124,
            "건폐율":43,
            "Y":35.054502,
            "X":128.967241,
            "rank":101.0,
            "area_info":"16평(56.08), 25평(83.13), 26평(86.71), 26평(89.07), 27평(91.42), 27평(91.06), 27평(92.14), 27평(92.15), 28평(93.52), 29평(97.94), 29평(97.2), 30평(99.65)",
            "last_sales":"1800-01-01,nan,16평(56.08)"
        },
        {
            "index":706,
            "아파트명":"장림현대(60-42)",
            "투자타입":"일반",
            "전용면적(m2)":"74.95",
            "전용면적(평)":"22평",
            "법정동주소":"부산시 사하구 장림동 60-42",
            "도로명주소":"부산시 사하구 두송로 47",
            "세대수":0,
            "입주년차":0,
            "용적률점수":"--",
            "건폐율점수":"--",
            "세대당주차수":0,
            "난방방식":30,
            "공급면적":"--",
            "전용률":"--",
            "욕실수":50,
            "현관타입":100,
            "주거총점":18.0,
            "지역구공급총점":0.0,
            "역세권":"NA",
            "30분내 이동가능 거점":"NA",
            "1시간내 이동가능 거점":"NA",
            "교통총점":"NA",
            "백화점":0,
            "아울렛몰":0,
            "대형마트":80,
            "은행":0,
            "병원":60,
            "종합병원":100,
            "공원":0,
            "혐오시설":0,
            "인프라총점":38.0,
            "초등학군":88.22,
            "중학군":49.64,
            "학군총점":57.356,
            "인구수":34.97,
            "인구증감":-16.93,
            "인구총점":19.4,
            "일자리":13.0,
            "소득수준":54.78,
            "일자리총점":25.534,
            "가치 총점":35.839,
            "매매실거래년":20211028.0,
            "매매실거래가":17200.0,
            "전세실거래년":20200217.0,
            "전세실거래가":7000.0,
            "전세가율":70.0,
            "장기전세가율평균":71.65,
            "전세가율거품지수":1.65,
            "검색코드":6941,
            "세대수":152,
            "준공년월":"1995-07-15",
            "준공년차":28,
            "가까운역이름":"NA",
            "가까운역거리":"NA",
            "역세권여부":"NA",
            "30분이내주요거점역":"NA",
            "1시간이내주요거점역":"NA",
            "3km이내백화점수":0,
            "5km이내아울렛몰수":0,
            "1km이내대형먀트수":1,
            "500m이내은행수":1,
            "500m이내병원수":15,
            "5km이내대형병원수":3,
            "500m이내공원수":0,
            "3km이내혐오시설수":0,
            "초등학교학업성취도":88.22,
            "중학교학업성취도":80.6,
            "용적률":370,
            "건폐율":40,
            "Y":35.07902,
            "X":128.98105,
            "rank":102.0,
            "area_info":"22평(74.95), 22평(74.07), 22평(74.22), 31평(105.72), 34평(113.26), 42평(141.95)",
            "last_sales":"2021-10-28,17200.0,42평(141.95)"
        },
        {
            "index":653,
            "아파트명":"삼경제일",
            "투자타입":"일반",
            "전용면적(m2)":"74.34",
            "전용면적(평)":"22평",
            "법정동주소":"부산시 사하구 장림동 60-39",
            "도로명주소":"부산시 사하구 두송로 68",
            "세대수":0,
            "입주년차":0,
            "용적률점수":"--",
            "건폐율점수":"--",
            "세대당주차수":0,
            "난방방식":30,
            "공급면적":"--",
            "전용률":"--",
            "욕실수":50,
            "현관타입":100,
            "주거총점":18.0,
            "지역구공급총점":0.0,
            "역세권":"NA",
            "30분내 이동가능 거점":"NA",
            "1시간내 이동가능 거점":"NA",
            "교통총점":"NA",
            "백화점":0,
            "아울렛몰":0,
            "대형마트":80,
            "은행":0,
            "병원":60,
            "종합병원":100,
            "공원":0,
            "혐오시설":0,
            "인프라총점":38.0,
            "초등학군":88.22,
            "중학군":49.64,
            "학군총점":57.356,
            "인구수":34.97,
            "인구증감":-16.93,
            "인구총점":19.4,
            "일자리":13.0,
            "소득수준":54.78,
            "일자리총점":25.534,
            "가치 총점":35.839,
            "매매실거래년":20210512.0,
            "매매실거래가":13800.0,
            "전세실거래년":20170815.0,
            "전세실거래가":7500.0,
            "전세가율":93.75,
            "장기전세가율평균":71.65,
            "전세가율거품지수":-22.1,
            "검색코드":9760,
            "세대수":146,
            "준공년월":"1994-12-10",
            "준공년차":29,
            "가까운역이름":"NA",
            "가까운역거리":"NA",
            "역세권여부":"NA",
            "30분이내주요거점역":"NA",
            "1시간이내주요거점역":"NA",
            "3km이내백화점수":0,
            "5km이내아울렛몰수":0,
            "1km이내대형먀트수":1,
            "500m이내은행수":0,
            "500m이내병원수":12,
            "5km이내대형병원수":3,
            "500m이내공원수":0,
            "3km이내혐오시설수":0,
            "초등학교학업성취도":88.22,
            "중학교학업성취도":80.6,
            "용적률":319,
            "건폐율":26,
            "Y":35.077512,
            "X":128.982228,
            "rank":102.0,
            "area_info":"22평(74.34), 22평(75.13), 22평(75.17), 28평(95.01), 33평(112.05)",
            "last_sales":"2021-05-12,13800.0,33평(112.05)"
        },
        {
            "index":633,
            "아파트명":"동원타워맨션",
            "투자타입":"일반",
            "전용면적(m2)":"64.75",
            "전용면적(평)":"19평",
            "법정동주소":"부산시 사하구 장림동 25",
            "도로명주소":"부산시 사하구 다대로277번길 56",
            "세대수":0,
            "입주년차":0,
            "용적률점수":"--",
            "건폐율점수":"--",
            "세대당주차수":0,
            "난방방식":30,
            "공급면적":"--",
            "전용률":"--",
            "욕실수":50,
            "현관타입":100,
            "주거총점":18.0,
            "지역구공급총점":0.0,
            "역세권":"NA",
            "30분내 이동가능 거점":"NA",
            "1시간내 이동가능 거점":"NA",
            "교통총점":"NA",
            "백화점":0,
            "아울렛몰":0,
            "대형마트":80,
            "은행":0,
            "병원":60,
            "종합병원":100,
            "공원":0,
            "혐오시설":0,
            "인프라총점":38.0,
            "초등학군":88.22,
            "중학군":46.52,
            "학군총점":54.86,
            "인구수":34.97,
            "인구증감":-16.93,
            "인구총점":19.4,
            "일자리":13.0,
            "소득수준":54.78,
            "일자리총점":25.534,
            "가치 총점":35.215,
            "매매실거래년":20211228.0,
            "매매실거래가":13000.0,
            "전세실거래년":20211118.0,
            "전세실거래가":7000.0,
            "전세가율":87.5,
            "장기전세가율평균":71.65,
            "전세가율거품지수":-15.85,
            "검색코드":10238,
            "세대수":216,
            "준공년월":"1993-11-18",
            "준공년차":30,
            "가까운역이름":"NA",
            "가까운역거리":"NA",
            "역세권여부":"NA",
            "30분이내주요거점역":"NA",
            "1시간이내주요거점역":"NA",
            "3km이내백화점수":0,
            "5km이내아울렛몰수":0,
            "1km이내대형먀트수":1,
            "500m이내은행수":1,
            "500m이내병원수":16,
            "5km이내대형병원수":3,
            "500m이내공원수":0,
            "3km이내혐오시설수":0,
            "초등학교학업성취도":88.22,
            "중학교학업성취도":75.4,
            "용적률":330,
            "건폐율":86,
            "Y":35.076136,
            "X":128.980665,
            "rank":103.0,
            "area_info":"19평(64.75), 29평(96.7), 31평(103.04)",
            "last_sales":"2021-12-28,13000.0,31평(103.04)"
        },
        {
            "index":411,
            "아파트명":"성원",
            "투자타입":"일반",
            "전용면적(m2)":"123.39",
            "전용면적(평)":"37평",
            "법정동주소":"부산시 사하구 다대동 1552-19",
            "도로명주소":"부산시 사하구 다대낙조1길 42",
            "세대수":50,
            "입주년차":0,
            "용적률점수":"--",
            "건폐율점수":"--",
            "세대당주차수":80,
            "난방방식":30,
            "공급면적":"--",
            "전용률":"--",
            "욕실수":100,
            "현관타입":100,
            "주거총점":52.5,
            "지역구공급총점":0.0,
            "역세권":"NA",
            "30분내 이동가능 거점":"NA",
            "1시간내 이동가능 거점":"NA",
            "교통총점":"NA",
            "백화점":0,
            "아울렛몰":0,
            "대형마트":0,
            "은행":0,
            "병원":30,
            "종합병원":0,
            "공원":100,
            "혐오시설":0,
            "인프라총점":6.0,
            "초등학군":83.33,
            "중학군":49.54,
            "학군총점":56.298,
            "인구수":34.97,
            "인구증감":-16.93,
            "인구총점":19.4,
            "일자리":13.0,
            "소득수준":54.78,
            "일자리총점":25.534,
            "가치 총점":34.8495,
            "매매실거래년":20211106.0,
            "매매실거래가":50500.0,
            "전세실거래년":20210912.0,
            "전세실거래가":27500.0,
            "전세가율":83.33,
            "장기전세가율평균":71.65,
            "전세가율거품지수":-11.68,
            "검색코드":6452,
            "세대수":546,
            "준공년월":"1998-09-26",
            "준공년차":25,
            "가까운역이름":"NA",
            "가까운역거리":"NA",
            "역세권여부":"NA",
            "30분이내주요거점역":"NA",
            "1시간이내주요거점역":"NA",
            "3km이내백화점수":0,
            "5km이내아울렛몰수":0,
            "1km이내대형먀트수":0,
            "500m이내은행수":0,
            "500m이내병원수":9,
            "5km이내대형병원수":0,
            "500m이내공원수":3,
            "3km이내혐오시설수":0,
            "초등학교학업성취도":83.33,
            "중학교학업성취도":81.1,
            "용적률":246,
            "건폐율":13,
            "Y":35.049144,
            "X":128.9688,
            "rank":104.0,
            "area_info":"37평(123.39), 48평(161.25)",
            "last_sales":"2021-11-06,50500.0,48평(161.25)"
        },
        {
            "index":203,
            "아파트명":"삼풍",
            "투자타입":"재건축",
            "전용면적(m2)":"59.51",
            "전용면적(평)":"18평",
            "법정동주소":"부산시 사하구 괴정동 487-6",
            "도로명주소":"부산시 사하구 사하로 157",
            "세대수":0,
            "입주년차":"--",
            "용적률점수":0,
            "건폐율점수":0,
            "세대당주차수":"--",
            "난방방식":"--",
            "공급면적":50,
            "전용률":80,
            "욕실수":"--",
            "현관타입":"--",
            "주거총점":6.5,
            "지역구공급총점":0.0,
            "역세권":"NA",
            "30분내 이동가능 거점":"NA",
            "1시간내 이동가능 거점":"NA",
            "교통총점":"NA",
            "백화점":0,
            "아울렛몰":0,
            "대형마트":80,
            "은행":70,
            "병원":80,
            "종합병원":100,
            "공원":0,
            "혐오시설":0,
            "인프라총점":47.0,
            "초등학군":90.95,
            "중학군":45.8,
            "학군총점":54.83,
            "인구수":34.97,
            "인구증감":-16.93,
            "인구총점":19.4,
            "일자리":13.0,
            "소득수준":54.78,
            "일자리총점":25.534,
            "가치 총점":34.7825,
            "매매실거래년":20211207.0,
            "매매실거래가":30000.0,
            "전세실거래년":null,
            "전세실거래가":null,
            "전세가율":null,
            "장기전세가율평균":71.65,
            "전세가율거품지수":null,
            "검색코드":17754,
            "세대수":102,
            "준공년월":"1978-05-06",
            "준공년차":45,
            "가까운역이름":"NA",
            "가까운역거리":"NA",
            "역세권여부":"NA",
            "30분이내주요거점역":"NA",
            "1시간이내주요거점역":"NA",
            "3km이내백화점수":0,
            "5km이내아울렛몰수":0,
            "1km이내대형먀트수":1,
            "500m이내은행수":3,
            "500m이내병원수":52,
            "5km이내대형병원수":7,
            "500m이내공원수":0,
            "3km이내혐오시설수":0,
            "초등학교학업성취도":90.95,
            "중학교학업성취도":75.0,
            "용적률":0,
            "건폐율":0,
            "Y":35.095968,
            "X":128.992769,
            "rank":105.0,
            "area_info":"18평(59.51), 19평(65.83), 19평(65.85), 22평(73.19), 22평(74.09), 22평(74.58), 23평(78.12), 23평(78.15), 24평(82.62), 30평(99.97)",
            "last_sales":"2021-12-07,30000.0,30평(99.97)"
        },
        {
            "index":674,
            "아파트명":"장림삼경",
            "투자타입":"일반",
            "전용면적(m2)":"81.23",
            "전용면적(평)":"24평",
            "법정동주소":"부산시 사하구 장림동 60-20",
            "도로명주소":"부산시 사하구 다대로277번길 141",
            "세대수":0,
            "입주년차":0,
            "용적률점수":"--",
            "건폐율점수":"--",
            "세대당주차수":0,
            "난방방식":30,
            "공급면적":"--",
            "전용률":"--",
            "욕실수":50,
            "현관타입":100,
            "주거총점":18.0,
            "지역구공급총점":0.0,
            "역세권":"NA",
            "30분내 이동가능 거점":"NA",
            "1시간내 이동가능 거점":"NA",
            "교통총점":"NA",
            "백화점":0,
            "아울렛몰":0,
            "대형마트":80,
            "은행":0,
            "병원":30,
            "종합병원":100,
            "공원":0,
            "혐오시설":0,
            "인프라총점":35.0,
            "초등학군":88.22,
            "중학군":49.64,
            "학군총점":57.356,
            "인구수":34.97,
            "인구증감":-16.93,
            "인구총점":19.4,
            "일자리":13.0,
            "소득수준":54.78,
            "일자리총점":25.534,
            "가치 총점":34.639,
            "매매실거래년":20211219.0,
            "매매실거래가":7600.0,
            "전세실거래년":20201115.0,
            "전세실거래가":7200.0,
            "전세가율":94.74,
            "장기전세가율평균":71.65,
            "전세가율거품지수":-23.09,
            "검색코드":7071,
            "세대수":298,
            "준공년월":"1993-04-03",
            "준공년차":30,
            "가까운역이름":"NA",
            "가까운역거리":"NA",
            "역세권여부":"NA",
            "30분이내주요거점역":"NA",
            "1시간이내주요거점역":"NA",
            "3km이내백화점수":0,
            "5km이내아울렛몰수":0,
            "1km이내대형먀트수":1,
            "500m이내은행수":0,
            "500m이내병원수":9,
            "5km이내대형병원수":3,
            "500m이내공원수":0,
            "3km이내혐오시설수":0,
            "초등학교학업성취도":88.22,
            "중학교학업성취도":80.6,
            "용적률":0,
            "건폐율":0,
            "Y":35.076977,
            "X":128.982528,
            "rank":106.0,
            "area_info":"24평(81.23), 30평(100.53), 36평(119.05), 40평(135.07)",
            "last_sales":"2021-12-19,7600.0,24평(81.23)"
        },
        {
            "index":559,
            "아파트명":"신평럭키무지개타운",
            "투자타입":"재건축",
            "전용면적(m2)":"74.31",
            "전용면적(평)":"22평",
            "법정동주소":"부산시 사하구 신평동 206-5",
            "도로명주소":"부산시 사하구 신산북로43번길 43",
            "세대수":50,
            "입주년차":"--",
            "용적률점수":0,
            "건폐율점수":0,
            "세대당주차수":"--",
            "난방방식":"--",
            "공급면적":50,
            "전용률":60,
            "욕실수":"--",
            "현관타입":"--",
            "주거총점":20.5,
            "지역구공급총점":0.0,
            "역세권":"NA",
            "30분내 이동가능 거점":"NA",
            "1시간내 이동가능 거점":"NA",
            "교통총점":"NA",
            "백화점":0,
            "아울렛몰":0,
            "대형마트":80,
            "은행":0,
            "병원":10,
            "종합병원":100,
            "공원":0,
            "혐오시설":0,
            "인프라총점":33.0,
            "초등학군":84.27,
            "중학군":48.76,
            "학군총점":55.862,
            "인구수":34.97,
            "인구증감":-16.93,
            "인구총점":19.4,
            "일자리":13.0,
            "소득수준":54.78,
            "일자리총점":25.534,
            "가치 총점":34.3405,
            "매매실거래년":20211214.0,
            "매매실거래가":19000.0,
            "전세실거래년":20210116.0,
            "전세실거래가":8500.0,
            "전세가율":74.24,
            "장기전세가율평균":71.65,
            "전세가율거품지수":-2.59,
            "검색코드":6717,
            "세대수":505,
            "준공년월":"1990-07-25",
            "준공년차":33,
            "가까운역이름":"NA",
            "가까운역거리":"NA",
            "역세권여부":"NA",
            "30분이내주요거점역":"NA",
            "1시간이내주요거점역":"NA",
            "3km이내백화점수":0,
            "5km이내아울렛몰수":0,
            "1km이내대형먀트수":1,
            "500m이내은행수":1,
            "500m이내병원수":4,
            "5km이내대형병원수":3,
            "500m이내공원수":0,
            "3km이내혐오시설수":0,
            "초등학교학업성취도":84.27,
            "중학교학업성취도":79.6,
            "용적률":0,
            "건폐율":0,
            "Y":35.092929,
            "X":128.969559,
            "rank":107.0,
            "area_info":"22평(74.31), 23평(78.26), 25평(84.54), 30평(102.1), 31평(104.15), 50평(166.14), 54평(180.84)",
            "last_sales":"2021-12-14,19000.0,54평(180.84)"
        },
        {
            "index":480,
            "아파트명":"당리형제",
            "투자타입":"일반",
            "전용면적(m2)":"84.85",
            "전용면적(평)":"25평",
            "법정동주소":"부산시 사하구 당리동 39-18",
            "도로명주소":"부산시 사하구 제석로95번길 21",
            "세대수":0,
            "입주년차":0,
            "용적률점수":"--",
            "건폐율점수":"--",
            "세대당주차수":0,
            "난방방식":30,
            "공급면적":"--",
            "전용률":"--",
            "욕실수":50,
            "현관타입":10,
            "주거총점":9.0,
            "지역구공급총점":0.0,
            "역세권":"NA",
            "30분내 이동가능 거점":"NA",
            "1시간내 이동가능 거점":"NA",
            "교통총점":"NA",
            "백화점":0,
            "아울렛몰":0,
            "대형마트":80,
            "은행":0,
            "병원":30,
            "종합병원":100,
            "공원":100,
            "혐오시설":0,
            "인프라총점":38.0,
            "초등학군":89.48,
            "중학군":57.48,
            "학군총점":63.88,
            "인구수":34.97,
            "인구증감":-16.93,
            "인구총점":19.4,
            "일자리":13.0,
            "소득수준":54.78,
            "일자리총점":25.534,
            "가치 총점":34.32,
            "매매실거래년":20211204.0,
            "매매실거래가":15500.0,
            "전세실거래년":20210705.0,
            "전세실거래가":10000.0,
            "전세가율":81.3,
            "장기전세가율평균":71.65,
            "전세가율거품지수":-9.65,
            "검색코드":6695,
            "세대수":183,
            "준공년월":"1998-11-24",
            "준공년차":25,
            "가까운역이름":"NA",
            "가까운역거리":"NA",
            "역세권여부":"NA",
            "30분이내주요거점역":"NA",
            "1시간이내주요거점역":"NA",
            "3km이내백화점수":0,
            "5km이내아울렛몰수":0,
            "1km이내대형먀트수":1,
            "500m이내은행수":0,
            "500m이내병원수":5,
            "5km이내대형병원수":4,
            "500m이내공원수":2,
            "3km이내혐오시설수":0,
            "초등학교학업성취도":89.48,
            "중학교학업성취도":93.0,
            "용적률":351,
            "건폐율":34,
            "Y":35.10904,
            "X":128.976935,
            "rank":108.0,
            "area_info":"25평(84.85), 29평(97.16), 31평(103.33), 32평(107.46)",
            "last_sales":"2021-12-04,15500.0,32평(107.46)"
        },
        {
            "index":612,
            "아파트명":"경동메르빌",
            "투자타입":"일반",
            "전용면적(m2)":"70.64",
            "전용면적(평)":"21평",
            "법정동주소":"부산시 사하구 장림동 2",
            "도로명주소":"부산시 사하구 다대로277번길 124",
            "세대수":0,
            "입주년차":20,
            "용적률점수":"--",
            "건폐율점수":"--",
            "세대당주차수":0,
            "난방방식":30,
            "공급면적":"--",
            "전용률":"--",
            "욕실수":50,
            "현관타입":100,
            "주거총점":22.0,
            "지역구공급총점":0.0,
            "역세권":"NA",
            "30분내 이동가능 거점":"NA",
            "1시간내 이동가능 거점":"NA",
            "교통총점":"NA",
            "백화점":0,
            "아울렛몰":0,
            "대형마트":80,
            "은행":0,
            "병원":0,
            "종합병원":100,
            "공원":0,
            "혐오시설":0,
            "인프라총점":32.0,
            "초등학군":88.22,
            "중학군":46.52,
            "학군총점":54.86,
            "인구수":34.97,
            "인구증감":-16.93,
            "인구총점":19.4,
            "일자리":13.0,
            "소득수준":54.78,
            "일자리총점":25.534,
            "가치 총점":34.215,
            "매매실거래년":20220104.0,
            "매매실거래가":8600.0,
            "전세실거래년":20210303.0,
            "전세실거래가":8000.0,
            "전세가율":100.0,
            "장기전세가율평균":71.65,
            "전세가율거품지수":-28.35,
            "검색코드":10408,
            "세대수":261,
            "준공년월":"2002-11-22",
            "준공년차":21,
            "가까운역이름":"NA",
            "가까운역거리":"NA",
            "역세권여부":"NA",
            "30분이내주요거점역":"NA",
            "1시간이내주요거점역":"NA",
            "3km이내백화점수":0,
            "5km이내아울렛몰수":0,
            "1km이내대형먀트수":1,
            "500m이내은행수":0,
            "500m이내병원수":0,
            "5km이내대형병원수":3,
            "500m이내공원수":0,
            "3km이내혐오시설수":0,
            "초등학교학업성취도":88.22,
            "중학교학업성취도":75.4,
            "용적률":281,
            "건폐율":19,
            "Y":35.0755,
            "X":128.98324,
            "rank":109.0,
            "area_info":"21평(70.64), 23평(79.33), 23평(79.33)",
            "last_sales":"2022-01-04,8600.0,23평(79.33)"
        },
        {
            "index":29,
            "아파트명":"감천현대",
            "투자타입":"일반",
            "전용면적(m2)":"75.44",
            "전용면적(평)":"22평",
            "법정동주소":"부산시 사하구 감천동 682-1",
            "도로명주소":"부산시 사하구 감천로 38",
            "세대수":0,
            "입주년차":0,
            "용적률점수":"--",
            "건폐율점수":"--",
            "세대당주차수":0,
            "난방방식":30,
            "공급면적":"--",
            "전용률":"--",
            "욕실수":50,
            "현관타입":100,
            "주거총점":18.0,
            "지역구공급총점":0.0,
            "역세권":"NA",
            "30분내 이동가능 거점":"NA",
            "1시간내 이동가능 거점":"NA",
            "교통총점":"NA",
            "백화점":0,
            "아울렛몰":0,
            "대형마트":80,
            "은행":0,
            "병원":30,
            "종합병원":100,
            "공원":0,
            "혐오시설":0,
            "인프라총점":35.0,
            "초등학군":90.95,
            "중학군":46.66,
            "학군총점":55.518,
            "인구수":34.97,
            "인구증감":-16.93,
            "인구총점":19.4,
            "일자리":13.0,
            "소득수준":54.78,
            "일자리총점":25.534,
            "가치 총점":34.1795,
            "매매실거래년":20211201.0,
            "매매실거래가":21000.0,
            "전세실거래년":20211203.0,
            "전세실거래가":7000.0,
            "전세가율":45.16,
            "장기전세가율평균":71.65,
            "전세가율거품지수":26.49,
            "검색코드":6146,
            "세대수":200,
            "준공년월":"1994-10-29",
            "준공년차":29,
            "가까운역이름":"NA",
            "가까운역거리":"NA",
            "역세권여부":"NA",
            "30분이내주요거점역":"NA",
            "1시간이내주요거점역":"NA",
            "3km이내백화점수":0,
            "5km이내아울렛몰수":0,
            "1km이내대형먀트수":1,
            "500m이내은행수":0,
            "500m이내병원수":6,
            "5km이내대형병원수":7,
            "500m이내공원수":0,
            "3km이내혐오시설수":0,
            "초등학교학업성취도":90.95,
            "중학교학업성취도":76.5,
            "용적률":385,
            "건폐율":27,
            "Y":35.09061,
            "X":128.99661,
            "rank":110.0,
            "area_info":"22평(75.44), 28평(94.84), 29평(97.89), 31평(104.11), 38평(127.01), 41평(135.55)",
            "last_sales":"2021-12-01,21000.0,38평(127.01)"
        },
        {
            "index":10,
            "아파트명":"감천백산",
            "투자타입":"일반",
            "전용면적(m2)":"76.62",
            "전용면적(평)":"23평",
            "법정동주소":"부산시 사하구 감천동 682",
            "도로명주소":"부산시 사하구 감천로 32",
            "세대수":0,
            "입주년차":0,
            "용적률점수":"--",
            "건폐율점수":"--",
            "세대당주차수":0,
            "난방방식":30,
            "공급면적":"--",
            "전용률":"--",
            "욕실수":50,
            "현관타입":100,
            "주거총점":18.0,
            "지역구공급총점":0.0,
            "역세권":"NA",
            "30분내 이동가능 거점":"NA",
            "1시간내 이동가능 거점":"NA",
            "교통총점":"NA",
            "백화점":0,
            "아울렛몰":0,
            "대형마트":80,
            "은행":0,
            "병원":30,
            "종합병원":100,
            "공원":0,
            "혐오시설":0,
            "인프라총점":35.0,
            "초등학군":90.95,
            "중학군":45.8,
            "학군총점":54.83,
            "인구수":34.97,
            "인구증감":-16.93,
            "인구총점":19.4,
            "일자리":13.0,
            "소득수준":54.78,
            "일자리총점":25.534,
            "가치 총점":34.0075,
            "매매실거래년":20211217.0,
            "매매실거래가":17600.0,
            "전세실거래년":20211102.0,
            "전세실거래가":12000.0,
            "전세가율":92.31,
            "장기전세가율평균":71.65,
            "전세가율거품지수":-20.66,
            "검색코드":6104,
            "세대수":224,
            "준공년월":"1995-12-19",
            "준공년차":28,
            "가까운역이름":"NA",
            "가까운역거리":"NA",
            "역세권여부":"NA",
            "30분이내주요거점역":"NA",
            "1시간이내주요거점역":"NA",
            "3km이내백화점수":0,
            "5km이내아울렛몰수":0,
            "1km이내대형먀트수":1,
            "500m이내은행수":0,
            "500m이내병원수":7,
            "5km이내대형병원수":7,
            "500m이내공원수":0,
            "3km이내혐오시설수":0,
            "초등학교학업성취도":90.95,
            "중학교학업성취도":75.0,
            "용적률":398,
            "건폐율":30,
            "Y":35.09097,
            "X":128.99605,
            "rank":111.0,
            "area_info":"23평(76.62), 29평(98.22), 30평(102.33)",
            "last_sales":"2021-12-17,17600.0,29평(98.22)"
        },
        {
            "index":778,
            "아파트명":"청목미르피아",
            "투자타입":"일반",
            "전용면적(m2)":"35.6",
            "전용면적(평)":"10평",
            "법정동주소":"부산시 사하구 하단동 487-1",
            "도로명주소":"부산시 사하구 낙동대로549번길 29",
            "세대수":0,
            "입주년차":40,
            "용적률점수":"--",
            "건폐율점수":"--",
            "세대당주차수":30,
            "난방방식":30,
            "공급면적":"--",
            "전용률":"--",
            "욕실수":50,
            "현관타입":100,
            "주거총점":30.5,
            "지역구공급총점":0.0,
            "역세권":"NA",
            "30분내 이동가능 거점":"NA",
            "1시간내 이동가능 거점":"NA",
            "교통총점":"NA",
            "백화점":0,
            "아울렛몰":0,
            "대형마트":0,
            "은행":0,
            "병원":10,
            "종합병원":80,
            "공원":80,
            "혐오시설":0,
            "인프라총점":19.4,
            "초등학군":87.65,
            "중학군":55.88,
            "학군총점":62.234,
            "인구수":34.97,
            "인구증감":-16.93,
            "인구총점":19.4,
            "일자리":13.0,
            "소득수준":54.78,
            "일자리총점":25.534,
            "가치 총점":33.9935,
            "매매실거래년":20211013.0,
            "매매실거래가":33200.0,
            "전세실거래년":20111212.0,
            "전세실거래가":3500.0,
            "전세가율":44.3,
            "장기전세가율평균":71.65,
            "전세가율거품지수":27.35,
            "검색코드":12029,
            "세대수":110,
            "준공년월":"2004-02-27",
            "준공년차":19,
            "가까운역이름":"NA",
            "가까운역거리":"NA",
            "역세권여부":"NA",
            "30분이내주요거점역":"NA",
            "1시간이내주요거점역":"NA",
            "3km이내백화점수":0,
            "5km이내아울렛몰수":0,
            "1km이내대형먀트수":0,
            "500m이내은행수":1,
            "500m이내병원수":4,
            "5km이내대형병원수":1,
            "500m이내공원수":1,
            "3km이내혐오시설수":0,
            "초등학교학업성취도":87.65,
            "중학교학업성취도":90.8,
            "용적률":241,
            "건폐율":36,
            "Y":35.112421,
            "X":128.961968,
            "rank":112.0,
            "area_info":"10평(35.6), 18평(60.37), 31평(105.74)",
            "last_sales":"2021-10-13,33200.0,31평(105.74)"
        },
        {
            "index":776,
            "아파트명":"더휴(도시형)",
            "투자타입":"일반",
            "전용면적(m2)":"17.33",
            "전용면적(평)":"5평",
            "법정동주소":"부산시 사하구 하단동 497-36",
            "도로명주소":"부산시 사하구 낙동대로 532",
            "세대수":0,
            "입주년차":80,
            "용적률점수":"--",
            "건폐율점수":"--",
            "세대당주차수":0,
            "난방방식":30,
            "공급면적":"--",
            "전용률":"--",
            "욕실수":50,
            "현관타입":10,
            "주거총점":25.0,
            "지역구공급총점":0.0,
            "역세권":"NA",
            "30분내 이동가능 거점":"NA",
            "1시간내 이동가능 거점":"NA",
            "교통총점":"NA",
            "백화점":0,
            "아울렛몰":0,
            "대형마트":0,
            "은행":0,
            "병원":10,
            "종합병원":100,
            "공원":80,
            "혐오시설":0,
            "인프라총점":23.4,
            "초등학군":87.65,
            "중학군":57.48,
            "학군총점":63.514,
            "인구수":34.97,
            "인구증감":-16.93,
            "인구총점":19.4,
            "일자리":13.0,
            "소득수준":54.78,
            "일자리총점":25.534,
            "가치 총점":33.9885,
            "매매실거래년":20211230.0,
            "매매실거래가":9000.0,
            "전세실거래년":null,
            "전세실거래가":null,
            "전세가율":null,
            "장기전세가율평균":71.65,
            "전세가율거품지수":null,
            "검색코드":119610,
            "세대수":142,
            "준공년월":"2017-04-19",
            "준공년차":6,
            "가까운역이름":"NA",
            "가까운역거리":"NA",
            "역세권여부":"NA",
            "30분이내주요거점역":"NA",
            "1시간이내주요거점역":"NA",
            "3km이내백화점수":0,
            "5km이내아울렛몰수":0,
            "1km이내대형먀트수":0,
            "500m이내은행수":1,
            "500m이내병원수":3,
            "5km이내대형병원수":2,
            "500m이내공원수":1,
            "3km이내혐오시설수":0,
            "초등학교학업성취도":87.65,
            "중학교학업성취도":93.0,
            "용적률":496,
            "건폐율":59,
            "Y":35.111477,
            "X":128.965348,
            "rank":113.0,
            "area_info":"5평(17.33), 6평(22.74)",
            "last_sales":"2021-12-30,9000.0,6평(22.74)"
        },
        {
            "index":349,
            "아파트명":"다대대우",
            "투자타입":"일반",
            "전용면적(m2)":"124.36",
            "전용면적(평)":"37평",
            "법정동주소":"부산시 사하구 다대동 1552",
            "도로명주소":"부산시 사하구 다대낙조1길 12",
            "세대수":50,
            "입주년차":0,
            "용적률점수":"--",
            "건폐율점수":"--",
            "세대당주차수":60,
            "난방방식":30,
            "공급면적":"--",
            "전용률":"--",
            "욕실수":100,
            "현관타입":100,
            "주거총점":49.5,
            "지역구공급총점":0.0,
            "역세권":"NA",
            "30분내 이동가능 거점":"NA",
            "1시간내 이동가능 거점":"NA",
            "교통총점":"NA",
            "백화점":0,
            "아울렛몰":0,
            "대형마트":0,
            "은행":0,
            "병원":30,
            "종합병원":0,
            "공원":100,
            "혐오시설":0,
            "인프라총점":6.0,
            "초등학군":83.33,
            "중학군":49.54,
            "학군총점":56.298,
            "인구수":34.97,
            "인구증감":-16.93,
            "인구총점":19.4,
            "일자리":13.0,
            "소득수준":54.78,
            "일자리총점":25.534,
            "가치 총점":33.7995,
            "매매실거래년":20211224.0,
            "매매실거래가":39000.0,
            "전세실거래년":20210824.0,
            "전세실거래가":25000.0,
            "전세가율":64.1,
            "장기전세가율평균":71.65,
            "전세가율거품지수":7.55,
            "검색코드":6435,
            "세대수":546,
            "준공년월":"1998-09-12",
            "준공년차":25,
            "가까운역이름":"NA",
            "가까운역거리":"NA",
            "역세권여부":"NA",
            "30분이내주요거점역":"NA",
            "1시간이내주요거점역":"NA",
            "3km이내백화점수":0,
            "5km이내아울렛몰수":0,
            "1km이내대형먀트수":0,
            "500m이내은행수":0,
            "500m이내병원수":9,
            "5km이내대형병원수":0,
            "500m이내공원수":4,
            "3km이내혐오시설수":0,
            "초등학교학업성취도":83.33,
            "중학교학업성취도":81.1,
            "용적률":248,
            "건폐율":13,
            "Y":35.049428,
            "X":128.967094,
            "rank":114.0,
            "area_info":"37평(124.36), 48평(161.0)",
            "last_sales":"2021-12-24,39000.0,37평(124.36)"
        },
        {
            "index":510,
            "아파트명":"우림그린맨션",
            "투자타입":"재건축",
            "전용면적(m2)":"98.21",
            "전용면적(평)":"29평",
            "법정동주소":"부산시 사하구 당리동 33-3",
            "도로명주소":"부산시 사하구 제석로95번길 22-5",
            "세대수":0,
            "입주년차":"--",
            "용적률점수":0,
            "건폐율점수":20,
            "세대당주차수":"--",
            "난방방식":"--",
            "공급면적":70,
            "전용률":80,
            "욕실수":"--",
            "현관타입":"--",
            "주거총점":11.5,
            "지역구공급총점":0.0,
            "역세권":"NA",
            "30분내 이동가능 거점":"NA",
            "1시간내 이동가능 거점":"NA",
            "교통총점":"NA",
            "백화점":0,
            "아울렛몰":0,
            "대형마트":80,
            "은행":0,
            "병원":0,
            "종합병원":100,
            "공원":80,
            "혐오시설":0,
            "인프라총점":34.4,
            "초등학군":89.48,
            "중학군":57.48,
            "학군총점":63.88,
            "인구수":34.97,
            "인구증감":-16.93,
            "인구총점":19.4,
            "일자리":13.0,
            "소득수준":54.78,
            "일자리총점":25.534,
            "가치 총점":33.755,
            "매매실거래년":20211122.0,
            "매매실거래가":24000.0,
            "전세실거래년":null,
            "전세실거래가":null,
            "전세가율":null,
            "장기전세가율평균":71.65,
            "전세가율거품지수":null,
            "검색코드":6665,
            "세대수":194,
            "준공년월":"1991-05-27",
            "준공년차":32,
            "가까운역이름":"NA",
            "가까운역거리":"NA",
            "역세권여부":"NA",
            "30분이내주요거점역":"NA",
            "1시간이내주요거점역":"NA",
            "3km이내백화점수":0,
            "5km이내아울렛몰수":0,
            "1km이내대형먀트수":1,
            "500m이내은행수":0,
            "500m이내병원수":1,
            "5km이내대형병원수":5,
            "500m이내공원수":1,
            "3km이내혐오시설수":0,
            "초등학교학업성취도":89.48,
            "중학교학업성취도":93.0,
            "용적률":256,
            "건폐율":43,
            "Y":35.110101,
            "X":128.978472,
            "rank":115.0,
            "area_info":"29평(98.21), 31평(103.33), 43평(144.76)",
            "last_sales":"2021-11-22,24000.0,43평(144.76)"
        },
        {
            "index":181,
            "아파트명":"동진그린힐",
            "투자타입":"일반",
            "전용면적(m2)":"74.71",
            "전용면적(평)":"22평",
            "법정동주소":"부산시 사하구 괴정동 1207-4",
            "도로명주소":"부산시 사하구 장평로 378",
            "세대수":0,
            "입주년차":0,
            "용적률점수":"--",
            "건폐율점수":"--",
            "세대당주차수":0,
            "난방방식":30,
            "공급면적":"--",
            "전용률":"--",
            "욕실수":50,
            "현관타입":100,
            "주거총점":18.0,
            "지역구공급총점":0.0,
            "역세권":"NA",
            "30분내 이동가능 거점":"NA",
            "1시간내 이동가능 거점":"NA",
            "교통총점":"NA",
            "백화점":0,
            "아울렛몰":0,
            "대형마트":80,
            "은행":0,
            "병원":10,
            "종합병원":100,
            "공원":0,
            "혐오시설":0,
            "인프라총점":33.0,
            "초등학군":79.33,
            "중학군":49.42,
            "학군총점":55.402,
            "인구수":34.97,
            "인구증감":-16.93,
            "인구총점":19.4,
            "일자리":13.0,
            "소득수준":54.78,
            "일자리총점":25.534,
            "가치 총점":33.3505,
            "매매실거래년":20210907.0,
            "매매실거래가":16500.0,
            "전세실거래년":20210511.0,
            "전세실거래가":9000.0,
            "전세가율":64.75,
            "장기전세가율평균":71.65,
            "전세가율거품지수":6.9,
            "검색코드":6323,
            "세대수":207,
            "준공년월":"1995-06-08",
            "준공년차":28,
            "가까운역이름":"NA",
            "가까운역거리":"NA",
            "역세권여부":"NA",
            "30분이내주요거점역":"NA",
            "1시간이내주요거점역":"NA",
            "3km이내백화점수":0,
            "5km이내아울렛몰수":0,
            "1km이내대형먀트수":1,
            "500m이내은행수":0,
            "500m이내병원수":2,
            "5km이내대형병원수":5,
            "500m이내공원수":0,
            "3km이내혐오시설수":0,
            "초등학교학업성취도":79.33,
            "중학교학업성취도":80.1,
            "용적률":0,
            "건폐율":0,
            "Y":35.09638,
            "X":128.98061,
            "rank":116.0,
            "area_info":"22평(74.71), 29평(97.39), 32평(105.79)",
            "last_sales":"2021-09-07,16500.0,29평(97.39)"
        },
        {
            "index":398,
            "아파트명":"도시몰운대(그린비치)",
            "투자타입":"일반",
            "전용면적(m2)":"68.12",
            "전용면적(평)":"20평",
            "법정동주소":"부산시 사하구 다대동 1550-6",
            "도로명주소":"부산시 사하구 다대낙조2길 216",
            "세대수":100,
            "입주년차":0,
            "용적률점수":"--",
            "건폐율점수":"--",
            "세대당주차수":0,
            "난방방식":30,
            "공급면적":"--",
            "전용률":"--",
            "욕실수":50,
            "현관타입":10,
            "주거총점":44.0,
            "지역구공급총점":0.0,
            "역세권":"NA",
            "30분내 이동가능 거점":"NA",
            "1시간내 이동가능 거점":"NA",
            "교통총점":"NA",
            "백화점":0,
            "아울렛몰":0,
            "대형마트":0,
            "은행":0,
            "병원":60,
            "종합병원":0,
            "공원":100,
            "혐오시설":0,
            "인프라총점":9.0,
            "초등학군":87.17,
            "중학군":49.54,
            "학군총점":57.066,
            "인구수":34.97,
            "인구증감":-16.93,
            "인구총점":19.4,
            "일자리":13.0,
            "소득수준":54.78,
            "일자리총점":25.534,
            "가치 총점":33.2665,
            "매매실거래년":20220113.0,
            "매매실거래가":12000.0,
            "전세실거래년":20220113.0,
            "전세실거래가":7500.0,
            "전세가율":62.5,
            "장기전세가율평균":71.65,
            "전세가율거품지수":9.15,
            "검색코드":6444,
            "세대수":2960,
            "준공년월":"1996-01-10",
            "준공년차":27,
            "가까운역이름":"NA",
            "가까운역거리":"NA",
            "역세권여부":"NA",
            "30분이내주요거점역":"NA",
            "1시간이내주요거점역":"NA",
            "3km이내백화점수":0,
            "5km이내아울렛몰수":0,
            "1km이내대형먀트수":0,
            "500m이내은행수":0,
            "500m이내병원수":12,
            "5km이내대형병원수":0,
            "500m이내공원수":5,
            "3km이내혐오시설수":0,
            "초등학교학업성취도":87.17,
            "중학교학업성취도":81.1,
            "용적률":0,
            "건폐율":0,
            "Y":35.052092,
            "X":128.968736,
            "rank":117.0,
            "area_info":"20평(68.12)",
            "last_sales":"2022-01-13,12000.0,20평(68.12)"
        },
        {
            "index":484,
            "아파트명":"대암가든",
            "투자타입":"재건축",
            "전용면적(m2)":"52.74",
            "전용면적(평)":"15평",
            "법정동주소":"부산시 사하구 당리동 354-2",
            "도로명주소":"부산시 사하구 승학로131번길 43",
            "세대수":0,
            "입주년차":"--",
            "용적률점수":0,
            "건폐율점수":0,
            "세대당주차수":"--",
            "난방방식":"--",
            "공급면적":50,
            "전용률":80,
            "욕실수":"--",
            "현관타입":"--",
            "주거총점":6.5,
            "지역구공급총점":0.0,
            "역세권":"NA",
            "30분내 이동가능 거점":"NA",
            "1시간내 이동가능 거점":"NA",
            "교통총점":"NA",
            "백화점":0,
            "아울렛몰":0,
            "대형마트":80,
            "은행":70,
            "병원":0,
            "종합병원":100,
            "공원":80,
            "혐오시설":0,
            "인프라총점":41.4,
            "초등학군":88.89,
            "중학군":49.0,
            "학군총점":56.978,
            "인구수":34.97,
            "인구증감":-16.93,
            "인구총점":19.4,
            "일자리":13.0,
            "소득수준":54.78,
            "일자리총점":25.534,
            "가치 총점":33.0795,
            "매매실거래년":20220104.0,
            "매매실거래가":13200.0,
            "전세실거래년":null,
            "전세실거래가":null,
            "전세가율":null,
            "장기전세가율평균":71.65,
            "전세가율거품지수":null,
            "검색코드":16043,
            "세대수":118,
            "준공년월":"1984-09-22",
            "준공년차":39,
            "가까운역이름":"NA",
            "가까운역거리":"NA",
            "역세권여부":"NA",
            "30분이내주요거점역":"NA",
            "1시간이내주요거점역":"NA",
            "3km이내백화점수":0,
            "5km이내아울렛몰수":0,
            "1km이내대형먀트수":1,
            "500m이내은행수":3,
            "500m이내병원수":1,
            "5km이내대형병원수":5,
            "500m이내공원수":1,
            "3km이내혐오시설수":0,
            "초등학교학업성취도":88.89,
            "중학교학업성취도":78.8,
            "용적률":0,
            "건폐율":0,
            "Y":35.105852,
            "X":128.983346,
            "rank":118.0,
            "area_info":"15평(52.74), 15평(52.74), 16평(54.18), 16평(54.18), 16평(54.72), 16평(55.98), 18평(61.65), 19평(63.09), 20평(68.4), 21평(69.84)",
            "last_sales":"2022-01-04,13200.0,21평(69.84)"
        },
        {
            "index":641,
            "아파트명":"벽산마마",
            "투자타입":"재건축",
            "전용면적(m2)":"81.11",
            "전용면적(평)":"24평",
            "법정동주소":"부산시 사하구 장림동 532",
            "도로명주소":"부산시 사하구 장평로41번길 19",
            "세대수":50,
            "입주년차":"--",
            "용적률점수":0,
            "건폐율점수":80,
            "세대당주차수":"--",
            "난방방식":"--",
            "공급면적":70,
            "전용률":60,
            "욕실수":"--",
            "현관타입":"--",
            "주거총점":37.5,
            "지역구공급총점":0.0,
            "역세권":"NA",
            "30분내 이동가능 거점":"NA",
            "1시간내 이동가능 거점":"NA",
            "교통총점":"NA",
            "백화점":0,
            "아울렛몰":0,
            "대형마트":0,
            "은행":0,
            "병원":0,
            "종합병원":80,
            "공원":0,
            "혐오시설":0,
            "인프라총점":16.0,
            "초등학군":83.85,
            "중학군":46.52,
            "학군총점":53.986,
            "인구수":34.97,
            "인구증감":-16.93,
            "인구총점":19.4,
            "일자리":13.0,
            "소득수준":54.78,
            "일자리총점":25.534,
            "가치 총점":33.0215,
            "매매실거래년":20211030.0,
            "매매실거래가":11600.0,
            "전세실거래년":20211227.0,
            "전세실거래가":7500.0,
            "전세가율":83.33,
            "장기전세가율평균":71.65,
            "전세가율거품지수":-11.68,
            "검색코드":6921,
            "세대수":450,
            "준공년월":"1992-09-09",
            "준공년차":31,
            "가까운역이름":"NA",
            "가까운역거리":"NA",
            "역세권여부":"NA",
            "30분이내주요거점역":"NA",
            "1시간이내주요거점역":"NA",
            "3km이내백화점수":0,
            "5km이내아울렛몰수":0,
            "1km이내대형먀트수":0,
            "500m이내은행수":0,
            "500m이내병원수":0,
            "5km이내대형병원수":1,
            "500m이내공원수":0,
            "3km이내혐오시설수":0,
            "초등학교학업성취도":83.85,
            "중학교학업성취도":75.4,
            "용적률":259,
            "건폐율":23,
            "Y":35.06887,
            "X":128.97228,
            "rank":119.0,
            "area_info":"24평(81.11), 28평(94.66), 30평(100.95), 38평(126.87), 42평(141.89)",
            "last_sales":"2021-10-30,11600.0,30평(100.95)"
        },
        {
            "index":693,
            "아파트명":"장림우림그린맨션",
            "투자타입":"재건축",
            "전용면적(m2)":"85.71",
            "전용면적(평)":"25평",
            "법정동주소":"부산시 사하구 장림동 244-6",
            "도로명주소":"부산시 사하구 두송로 25",
            "세대수":0,
            "입주년차":"--",
            "용적률점수":0,
            "건폐율점수":0,
            "세대당주차수":"--",
            "난방방식":"--",
            "공급면적":70,
            "전용률":60,
            "욕실수":"--",
            "현관타입":"--",
            "주거총점":6.5,
            "지역구공급총점":0.0,
            "역세권":"NA",
            "30분내 이동가능 거점":"NA",
            "1시간내 이동가능 거점":"NA",
            "교통총점":"NA",
            "백화점":0,
            "아울렛몰":0,
            "대형마트":100,
            "은행":0,
            "병원":60,
            "종합병원":100,
            "공원":0,
            "혐오시설":0,
            "인프라총점":41.0,
            "초등학군":88.22,
            "중학군":49.64,
            "학군총점":57.356,
            "인구수":34.97,
            "인구증감":-16.93,
            "인구총점":19.4,
            "일자리":13.0,
            "소득수준":54.78,
            "일자리총점":25.534,
            "가치 총점":33.014,
            "매매실거래년":20210814.0,
            "매매실거래가":10500.0,
            "전세실거래년":null,
            "전세실거래가":null,
            "전세가율":null,
            "장기전세가율평균":71.65,
            "전세가율거품지수":null,
            "검색코드":6928,
            "세대수":255,
            "준공년월":"1992-01-28",
            "준공년차":31,
            "가까운역이름":"NA",
            "가까운역거리":"NA",
            "역세권여부":"NA",
            "30분이내주요거점역":"NA",
            "1시간이내주요거점역":"NA",
            "3km이내백화점수":0,
            "5km이내아울렛몰수":0,
            "1km이내대형먀트수":2,
            "500m이내은행수":1,
            "500m이내병원수":16,
            "5km이내대형병원수":3,
            "500m이내공원수":0,
            "3km이내혐오시설수":0,
            "초등학교학업성취도":88.22,
            "중학교학업성취도":80.6,
            "용적률":0,
            "건폐율":0,
            "Y":35.079304,
            "X":128.979113,
            "rank":120.0,
            "area_info":"25평(85.71), 26평(87.82), 29평(96.9), 31평(102.91)",
            "last_sales":"2021-08-14,10500.0,31평(102.91)"
        },
        {
            "index":260,
            "아파트명":"자유3차",
            "투자타입":"일반",
            "전용면적(m2)":"80.53",
            "전용면적(평)":"24평",
            "법정동주소":"부산시 사하구 괴정동 1065",
            "도로명주소":"부산시 사하구 승학로233번길 33",
            "세대수":0,
            "입주년차":0,
            "용적률점수":"--",
            "건폐율점수":"--",
            "세대당주차수":0,
            "난방방식":30,
            "공급면적":"--",
            "전용률":"--",
            "욕실수":50,
            "현관타입":10,
            "주거총점":9.0,
            "지역구공급총점":0.0,
            "역세권":"NA",
            "30분내 이동가능 거점":"NA",
            "1시간내 이동가능 거점":"NA",
            "교통총점":"NA",
            "백화점":0,
            "아울렛몰":0,
            "대형마트":80,
            "은행":0,
            "병원":60,
            "종합병원":100,
            "공원":0,
            "혐오시설":0,
            "인프라총점":38.0,
            "초등학군":91.23,
            "중학군":49.0,
            "학군총점":57.446,
            "인구수":34.97,
            "인구증감":-16.93,
            "인구총점":19.4,
            "일자리":13.0,
            "소득수준":54.78,
            "일자리총점":25.534,
            "가치 총점":32.7115,
            "매매실거래년":20211210.0,
            "매매실거래가":14500.0,
            "전세실거래년":20211202.0,
            "전세실거래가":10000.0,
            "전세가율":71.43,
            "장기전세가율평균":71.65,
            "전세가율거품지수":0.22,
            "검색코드":6243,
            "세대수":298,
            "준공년월":"1997-01-24",
            "준공년차":26,
            "가까운역이름":"NA",
            "가까운역거리":"NA",
            "역세권여부":"NA",
            "30분이내주요거점역":"NA",
            "1시간이내주요거점역":"NA",
            "3km이내백화점수":0,
            "5km이내아울렛몰수":0,
            "1km이내대형먀트수":1,
            "500m이내은행수":0,
            "500m이내병원수":16,
            "5km이내대형병원수":6,
            "500m이내공원수":0,
            "3km이내혐오시설수":0,
            "초등학교학업성취도":91.23,
            "중학교학업성취도":78.8,
            "용적률":341,
            "건폐율":30,
            "Y":35.103576,
            "X":128.989352,
            "rank":121.0,
            "area_info":"24평(80.53), 32평(106.18), 47평(157.25)",
            "last_sales":"2021-12-10,14500.0,32평(106.18)"
        },
        {
            "index":391,
            "아파트명":"대건",
            "투자타입":"재건축",
            "전용면적(m2)":"59.12",
            "전용면적(평)":"17평",
            "법정동주소":"부산시 사하구 다대동 930",
            "도로명주소":"부산시 사하구 윤공단로 103",
            "세대수":50,
            "입주년차":"--",
            "용적률점수":0,
            "건폐율점수":0,
            "세대당주차수":"--",
            "난방방식":"--",
            "공급면적":50,
            "전용률":60,
            "욕실수":"--",
            "현관타입":"--",
            "주거총점":20.5,
            "지역구공급총점":0.0,
            "역세권":"NA",
            "30분내 이동가능 거점":"NA",
            "1시간내 이동가능 거점":"NA",
            "교통총점":"NA",
            "백화점":0,
            "아울렛몰":0,
            "대형마트":0,
            "은행":20,
            "병원":60,
            "종합병원":80,
            "공원":100,
            "혐오시설":0,
            "인프라총점":27.0,
            "초등학군":86.33,
            "중학군":51.7,
            "학군총점":58.626,
            "인구수":34.97,
            "인구증감":-16.93,
            "인구총점":19.4,
            "일자리":13.0,
            "소득수준":54.78,
            "일자리총점":25.534,
            "가치 총점":32.6315,
            "매매실거래년":"18000101",
            "매매실거래가":null,
            "전세실거래년":null,
            "전세실거래가":null,
            "전세가율":null,
            "장기전세가율평균":71.65,
            "전세가율거품지수":null,
            "검색코드":6531,
            "세대수":417,
            "준공년월":"1991-02-08",
            "준공년차":32,
            "가까운역이름":"NA",
            "가까운역거리":"NA",
            "역세권여부":"NA",
            "30분이내주요거점역":"NA",
            "1시간이내주요거점역":"NA",
            "3km이내백화점수":0,
            "5km이내아울렛몰수":0,
            "1km이내대형먀트수":0,
            "500m이내은행수":2,
            "500m이내병원수":23,
            "5km이내대형병원수":1,
            "500m이내공원수":4,
            "3km이내혐오시설수":0,
            "초등학교학업성취도":86.33,
            "중학교학업성취도":81.9,
            "용적률":0,
            "건폐율":0,
            "Y":35.059697,
            "X":128.969089,
            "rank":122.0,
            "area_info":"17평(59.12), 18평(62.6), 19평(63.88), 21평(69.48), 34평(112.73), 35평(115.82)",
            "last_sales":"1800-01-01,nan,17평(59.12)"
        },
        {
            "index":540,
            "아파트명":"삼창강변1차",
            "투자타입":"일반",
            "전용면적(m2)":"79.96",
            "전용면적(평)":"24평",
            "법정동주소":"부산시 사하구 신평동 437",
            "도로명주소":"부산시 사하구 비봉로 37",
            "세대수":0,
            "입주년차":0,
            "용적률점수":"--",
            "건폐율점수":"--",
            "세대당주차수":30,
            "난방방식":30,
            "공급면적":"--",
            "전용률":"--",
            "욕실수":50,
            "현관타입":100,
            "주거총점":22.5,
            "지역구공급총점":0.0,
            "역세권":"NA",
            "30분내 이동가능 거점":"NA",
            "1시간내 이동가능 거점":"NA",
            "교통총점":"NA",
            "백화점":0,
            "아울렛몰":0,
            "대형마트":0,
            "은행":20,
            "병원":30,
            "종합병원":100,
            "공원":0,
            "혐오시설":0,
            "인프라총점":25.0,
            "초등학군":100.0,
            "중학군":48.76,
            "학군총점":59.008,
            "인구수":34.97,
            "인구증감":-16.93,
            "인구총점":19.4,
            "일자리":13.0,
            "소득수준":54.78,
            "일자리총점":25.534,
            "가치 총점":32.627,
            "매매실거래년":20211231.0,
            "매매실거래가":17800.0,
            "전세실거래년":20211215.0,
            "전세실거래가":12000.0,
            "전세가율":81.63,
            "장기전세가율평균":71.65,
            "전세가율거품지수":-9.98,
            "검색코드":6780,
            "세대수":297,
            "준공년월":"1998-01-14",
            "준공년차":25,
            "가까운역이름":"NA",
            "가까운역거리":"NA",
            "역세권여부":"NA",
            "30분이내주요거점역":"NA",
            "1시간이내주요거점역":"NA",
            "3km이내백화점수":0,
            "5km이내아울렛몰수":0,
            "1km이내대형먀트수":0,
            "500m이내은행수":2,
            "500m이내병원수":6,
            "5km이내대형병원수":3,
            "500m이내공원수":0,
            "3km이내혐오시설수":0,
            "초등학교학업성취도":100.0,
            "중학교학업성취도":79.6,
            "용적률":312,
            "건폐율":21,
            "Y":35.09846,
            "X":128.96518,
            "rank":123.0,
            "area_info":"24평(79.96), 32평(106.33), 43평(144.77)",
            "last_sales":"2021-12-31,17800.0,32평(106.33)"
        },
        {
            "index":503,
            "아파트명":"삼성타워맨션",
            "투자타입":"재건축",
            "전용면적(m2)":"88.36",
            "전용면적(평)":"26평",
            "법정동주소":"부산시 사하구 당리동 480-9",
            "도로명주소":"부산시 사하구 마하로 81",
            "세대수":0,
            "입주년차":"--",
            "용적률점수":0,
            "건폐율점수":0,
            "세대당주차수":"--",
            "난방방식":"--",
            "공급면적":70,
            "전용률":80,
            "욕실수":"--",
            "현관타입":"--",
            "주거총점":7.5,
            "지역구공급총점":0.0,
            "역세권":"NA",
            "30분내 이동가능 거점":"NA",
            "1시간내 이동가능 거점":"NA",
            "교통총점":"NA",
            "백화점":0,
            "아울렛몰":0,
            "대형마트":80,
            "은행":70,
            "병원":0,
            "종합병원":100,
            "공원":0,
            "혐오시설":0,
            "인프라총점":39.0,
            "초등학군":88.89,
            "중학군":49.0,
            "학군총점":56.978,
            "인구수":34.97,
            "인구증감":-16.93,
            "인구총점":19.4,
            "일자리":13.0,
            "소득수준":54.78,
            "일자리총점":25.534,
            "가치 총점":32.4695,
            "매매실거래년":20211126.0,
            "매매실거래가":22000.0,
            "전세실거래년":20210407.0,
            "전세실거래가":9000.0,
            "전세가율":81.82,
            "장기전세가율평균":71.65,
            "전세가율거품지수":-10.17,
            "검색코드":6571,
            "세대수":210,
            "준공년월":"1991-12-19",
            "준공년차":32,
            "가까운역이름":"NA",
            "가까운역거리":"NA",
            "역세권여부":"NA",
            "30분이내주요거점역":"NA",
            "1시간이내주요거점역":"NA",
            "3km이내백화점수":0,
            "5km이내아울렛몰수":0,
            "1km이내대형먀트수":1,
            "500m이내은행수":3,
            "500m이내병원수":1,
            "5km이내대형병원수":5,
            "500m이내공원수":0,
            "3km이내혐오시설수":0,
            "초등학교학업성취도":88.89,
            "중학교학업성취도":78.8,
            "용적률":0,
            "건폐율":0,
            "Y":35.10664,
            "X":128.98415,
            "rank":124.0,
            "area_info":"26평(88.36), 28평(95.59), 29평(98.39), 29평(98.43), 29평(98.49)",
            "last_sales":"2021-11-26,22000.0,29평(98.39)"
        },
        {
            "index":594,
            "아파트명":"원우",
            "투자타입":"일반",
            "전용면적(m2)":"86.55",
            "전용면적(평)":"26평",
            "법정동주소":"부산시 사하구 신평동 414-10",
            "도로명주소":"부산시 사하구 비봉로 29",
            "세대수":0,
            "입주년차":20,
            "용적률점수":"--",
            "건폐율점수":"--",
            "세대당주차수":0,
            "난방방식":30,
            "공급면적":"--",
            "전용률":"--",
            "욕실수":50,
            "현관타입":100,
            "주거총점":22.0,
            "지역구공급총점":0.0,
            "역세권":"NA",
            "30분내 이동가능 거점":"NA",
            "1시간내 이동가능 거점":"NA",
            "교통총점":"NA",
            "백화점":0,
            "아울렛몰":0,
            "대형마트":0,
            "은행":20,
            "병원":30,
            "종합병원":100,
            "공원":0,
            "혐오시설":0,
            "인프라총점":25.0,
            "초등학군":100.0,
            "중학군":48.76,
            "학군총점":59.008,
            "인구수":34.97,
            "인구증감":-16.93,
            "인구총점":19.4,
            "일자리":13.0,
            "소득수준":54.78,
            "일자리총점":25.534,
            "가치 총점":32.452,
            "매매실거래년":20211214.0,
            "매매실거래가":17800.0,
            "전세실거래년":20211215.0,
            "전세실거래가":13000.0,
            "전세가율":73.03,
            "장기전세가율평균":71.65,
            "전세가율거품지수":-1.38,
            "검색코드":9981,
            "세대수":276,
            "준공년월":"2001-06-07",
            "준공년차":22,
            "가까운역이름":"NA",
            "가까운역거리":"NA",
            "역세권여부":"NA",
            "30분이내주요거점역":"NA",
            "1시간이내주요거점역":"NA",
            "3km이내백화점수":0,
            "5km이내아울렛몰수":0,
            "1km이내대형먀트수":0,
            "500m이내은행수":2,
            "500m이내병원수":6,
            "5km이내대형병원수":3,
            "500m이내공원수":0,
            "3km이내혐오시설수":0,
            "초등학교학업성취도":100.0,
            "중학교학업성취도":79.6,
            "용적률":311,
            "건폐율":17,
            "Y":35.097998,
            "X":128.964629,
            "rank":125.0,
            "area_info":"26평(86.55), 29평(98.69), 31평(103.82)",
            "last_sales":"2021-12-14,17800.0,26평(86.55)"
        },
        {
            "index":166,
            "아파트명":"동주",
            "투자타입":"재건축",
            "전용면적(m2)":"62.28",
            "전용면적(평)":"18평",
            "법정동주소":"부산시 사하구 괴정동 365-3",
            "도로명주소":"부산시 사하구 사리로8번길 36",
            "세대수":0,
            "입주년차":"--",
            "용적률점수":0,
            "건폐율점수":0,
            "세대당주차수":"--",
            "난방방식":"--",
            "공급면적":50,
            "전용률":100,
            "욕실수":"--",
            "현관타입":"--",
            "주거총점":7.5,
            "지역구공급총점":0.0,
            "역세권":"NA",
            "30분내 이동가능 거점":"NA",
            "1시간내 이동가능 거점":"NA",
            "교통총점":"NA",
            "백화점":0,
            "아울렛몰":0,
            "대형마트":80,
            "은행":0,
            "병원":30,
            "종합병원":100,
            "공원":0,
            "혐오시설":0,
            "인프라총점":35.0,
            "초등학군":88.21,
            "중학군":57.06,
            "학군총점":63.29,
            "인구수":34.97,
            "인구증감":-16.93,
            "인구총점":19.4,
            "일자리":13.0,
            "소득수준":54.78,
            "일자리총점":25.534,
            "가치 총점":32.4475,
            "매매실거래년":20210805.0,
            "매매실거래가":27000.0,
            "전세실거래년":20210825.0,
            "전세실거래가":10000.0,
            "전세가율":47.85,
            "장기전세가율평균":71.65,
            "전세가율거품지수":23.8,
            "검색코드":24915,
            "세대수":134,
            "준공년월":"1979-12-26",
            "준공년차":44,
            "가까운역이름":"NA",
            "가까운역거리":"NA",
            "역세권여부":"NA",
            "30분이내주요거점역":"NA",
            "1시간이내주요거점역":"NA",
            "3km이내백화점수":0,
            "5km이내아울렛몰수":0,
            "1km이내대형먀트수":1,
            "500m이내은행수":0,
            "500m이내병원수":6,
            "5km이내대형병원수":7,
            "500m이내공원수":0,
            "3km이내혐오시설수":0,
            "초등학교학업성취도":88.21,
            "중학교학업성취도":90.1,
            "용적률":0,
            "건폐율":0,
            "Y":35.101482,
            "X":129.001775,
            "rank":126.0,
            "area_info":"18평(62.28), 19평(65.59), 21평(69.75), 21평(70.61), 21평(71.67), 22평(72.76), 21평(72.56), 23평(77.92), 24평(80.56), 25평(83.24), 25평(84.73), 27평(90.01), 27평(91.4), 27평(91.34), 41평(138.48)",
            "last_sales":"2021-08-05,27000.0,27평(91.4)"
        },
        {
            "index":390,
            "아파트명":"다송",
            "투자타입":"일반",
            "전용면적(m2)":"56.27",
            "전용면적(평)":"17평",
            "법정동주소":"부산시 사하구 다대동 94-5",
            "도로명주소":"부산시 사하구 다대로381번길 99",
            "세대수":50,
            "입주년차":0,
            "용적률점수":"--",
            "건폐율점수":"--",
            "세대당주차수":0,
            "난방방식":30,
            "공급면적":"--",
            "전용률":"--",
            "욕실수":50,
            "현관타입":10,
            "주거총점":26.5,
            "지역구공급총점":0.0,
            "역세권":"NA",
            "30분내 이동가능 거점":"NA",
            "1시간내 이동가능 거점":"NA",
            "교통총점":"NA",
            "백화점":0,
            "아울렛몰":0,
            "대형마트":0,
            "은행":0,
            "병원":30,
            "종합병원":80,
            "공원":100,
            "혐오시설":0,
            "인프라총점":22.0,
            "초등학군":85.82,
            "중학군":49.88,
            "학군총점":57.068,
            "인구수":34.97,
            "인구증감":-16.93,
            "인구총점":19.4,
            "일자리":13.0,
            "소득수준":54.78,
            "일자리총점":25.534,
            "가치 총점":32.342,
            "매매실거래년":20220111.0,
            "매매실거래가":6500.0,
            "전세실거래년":20220110.0,
            "전세실거래가":4500.0,
            "전세가율":69.23,
            "장기전세가율평균":71.65,
            "전세가율거품지수":2.42,
            "검색코드":6432,
            "세대수":500,
            "준공년월":"1995-05-11",
            "준공년차":28,
            "가까운역이름":"NA",
            "가까운역거리":"NA",
            "역세권여부":"NA",
            "30분이내주요거점역":"NA",
            "1시간이내주요거점역":"NA",
            "3km이내백화점수":0,
            "5km이내아울렛몰수":0,
            "1km이내대형먀트수":0,
            "500m이내은행수":1,
            "500m이내병원수":6,
            "5km이내대형병원수":1,
            "500m이내공원수":4,
            "3km이내혐오시설수":0,
            "초등학교학업성취도":85.82,
            "중학교학업성취도":80.6,
            "용적률":0,
            "건폐율":0,
            "Y":35.064818,
            "X":128.985825,
            "rank":127.0,
            "area_info":"17평(56.27)",
            "last_sales":"2022-01-11,6500.0,17평(56.27)"
        },
        {
            "index":74,
            "아파트명":"해태",
            "투자타입":"일반",
            "전용면적(m2)":"79.14",
            "전용면적(평)":"23평",
            "법정동주소":"부산시 사하구 감천동 803-42",
            "도로명주소":"부산시 사하구 사하로 74-6",
            "세대수":0,
            "입주년차":20,
            "용적률점수":"--",
            "건폐율점수":"--",
            "세대당주차수":30,
            "난방방식":30,
            "공급면적":"--",
            "전용률":"--",
            "욕실수":50,
            "현관타입":100,
            "주거총점":26.5,
            "지역구공급총점":0.0,
            "역세권":"NA",
            "30분내 이동가능 거점":"NA",
            "1시간내 이동가능 거점":"NA",
            "교통총점":"NA",
            "백화점":0,
            "아울렛몰":0,
            "대형마트":0,
            "은행":0,
            "병원":30,
            "종합병원":100,
            "공원":0,
            "혐오시설":0,
            "인프라총점":23.0,
            "초등학군":88.58,
            "중학군":46.66,
            "학군총점":55.044,
            "인구수":34.97,
            "인구증감":-16.93,
            "인구총점":19.4,
            "일자리":13.0,
            "소득수준":54.78,
            "일자리총점":25.534,
            "가치 총점":32.236,
            "매매실거래년":20211202.0,
            "매매실거래가":11100.0,
            "전세실거래년":20211228.0,
            "전세실거래가":10000.0,
            "전세가율":90.09,
            "장기전세가율평균":71.65,
            "전세가율거품지수":-18.44,
            "검색코드":6148,
            "세대수":299,
            "준공년월":"2000-11-27",
            "준공년차":23,
            "가까운역이름":"NA",
            "가까운역거리":"NA",
            "역세권여부":"NA",
            "30분이내주요거점역":"NA",
            "1시간이내주요거점역":"NA",
            "3km이내백화점수":0,
            "5km이내아울렛몰수":0,
            "1km이내대형먀트수":0,
            "500m이내은행수":0,
            "500m이내병원수":6,
            "5km이내대형병원수":7,
            "500m이내공원수":0,
            "3km이내혐오시설수":0,
            "초등학교학업성취도":88.58,
            "중학교학업성취도":76.5,
            "용적률":322,
            "건폐율":20,
            "Y":35.088244,
            "X":128.995867,
            "rank":128.0,
            "area_info":"23평(79.14), 31평(105.58), 32평(106.38), 41평(136.14)",
            "last_sales":"2021-12-02,11100.0,23평(79.14)"
        },
        {
            "index":184,
            "아파트명":"벽산하이츠타운",
            "투자타입":"일반",
            "전용면적(m2)":"73.86",
            "전용면적(평)":"22평",
            "법정동주소":"부산시 사하구 괴정동 352-34",
            "도로명주소":"부산시 사하구 오작로 104",
            "세대수":0,
            "입주년차":0,
            "용적률점수":"--",
            "건폐율점수":"--",
            "세대당주차수":0,
            "난방방식":30,
            "공급면적":"--",
            "전용률":"--",
            "욕실수":50,
            "현관타입":10,
            "주거총점":9.0,
            "지역구공급총점":0.0,
            "역세권":"NA",
            "30분내 이동가능 거점":"NA",
            "1시간내 이동가능 거점":"NA",
            "교통총점":"NA",
            "백화점":0,
            "아울렛몰":0,
            "대형마트":80,
            "은행":0,
            "병원":10,
            "종합병원":100,
            "공원":0,
            "혐오시설":0,
            "인프라총점":33.0,
            "초등학군":88.21,
            "중학군":57.06,
            "학군총점":63.29,
            "인구수":34.97,
            "인구증감":-16.93,
            "인구총점":19.4,
            "일자리":13.0,
            "소득수준":54.78,
            "일자리총점":25.534,
            "가치 총점":32.1725,
            "매매실거래년":20220112.0,
            "매매실거래가":13000.0,
            "전세실거래년":20210915.0,
            "전세실거래가":9000.0,
            "전세가율":78.26,
            "장기전세가율평균":71.65,
            "전세가율거품지수":-6.61,
            "검색코드":6156,
            "세대수":299,
            "준공년월":"1995-11-13",
            "준공년차":28,
            "가까운역이름":"NA",
            "가까운역거리":"NA",
            "역세권여부":"NA",
            "30분이내주요거점역":"NA",
            "1시간이내주요거점역":"NA",
            "3km이내백화점수":0,
            "5km이내아울렛몰수":0,
            "1km이내대형먀트수":1,
            "500m이내은행수":0,
            "500m이내병원수":2,
            "5km이내대형병원수":7,
            "500m이내공원수":0,
            "3km이내혐오시설수":0,
            "초등학교학업성취도":88.21,
            "중학교학업성취도":90.1,
            "용적률":297,
            "건폐율":18,
            "Y":35.10031,
            "X":129.00399,
            "rank":129.0,
            "area_info":"22평(73.86), 31평(102.78), 40평(134.88)",
            "last_sales":"2022-01-12,13000.0,40평(134.88)"
        },
        {
            "index":187,
            "아파트명":"사남신익",
            "투자타입":"재건축",
            "전용면적(m2)":"90.59",
            "전용면적(평)":"27평",
            "법정동주소":"부산시 사하구 괴정동 697-11",
            "도로명주소":"부산시 사하구 장평로 410",
            "세대수":0,
            "입주년차":"--",
            "용적률점수":20,
            "건폐율점수":0,
            "세대당주차수":"--",
            "난방방식":"--",
            "공급면적":70,
            "전용률":60,
            "욕실수":"--",
            "현관타입":"--",
            "주거총점":14.5,
            "지역구공급총점":0.0,
            "역세권":"NA",
            "30분내 이동가능 거점":"NA",
            "1시간내 이동가능 거점":"NA",
            "교통총점":"NA",
            "백화점":0,
            "아울렛몰":0,
            "대형마트":80,
            "은행":0,
            "병원":10,
            "종합병원":100,
            "공원":0,
            "혐오시설":0,
            "인프라총점":33.0,
            "초등학군":79.33,
            "중학군":49.0,
            "학군총점":55.066,
            "인구수":34.97,
            "인구증감":-16.93,
            "인구총점":19.4,
            "일자리":13.0,
            "소득수준":54.78,
            "일자리총점":25.534,
            "가치 총점":32.0415,
            "매매실거래년":20210623.0,
            "매매실거래가":24000.0,
            "전세실거래년":null,
            "전세실거래가":null,
            "전세가율":null,
            "장기전세가율평균":71.65,
            "전세가율거품지수":null,
            "검색코드":13757,
            "세대수":139,
            "준공년월":"1992-03-28",
            "준공년차":31,
            "가까운역이름":"NA",
            "가까운역거리":"NA",
            "역세권여부":"NA",
            "30분이내주요거점역":"NA",
            "1시간이내주요거점역":"NA",
            "3km이내백화점수":0,
            "5km이내아울렛몰수":0,
            "1km이내대형먀트수":1,
            "500m이내은행수":0,
            "500m이내병원수":2,
            "5km이내대형병원수":5,
            "500m이내공원수":0,
            "3km이내혐오시설수":0,
            "초등학교학업성취도":79.33,
            "중학교학업성취도":78.8,
            "용적률":202,
            "건폐율":40,
            "Y":35.095806,
            "X":128.983917,
            "rank":130.0,
            "area_info":"27평(90.59), 29평(96.44), 29평(97.64), 32평(106.56), 33평(111.32), 39평(130.34), 45평(151.07)",
            "last_sales":"2021-06-23,24000.0,45평(151.07)"
        },
        {
            "index":620,
            "아파트명":"극동정림",
            "투자타입":"일반",
            "전용면적(m2)":"79.56",
            "전용면적(평)":"24평",
            "법정동주소":"부산시 사하구 장림동 426",
            "도로명주소":"부산시 사하구 다대로 339",
            "세대수":50,
            "입주년차":0,
            "용적률점수":"--",
            "건폐율점수":"--",
            "세대당주차수":0,
            "난방방식":30,
            "공급면적":"--",
            "전용률":"--",
            "욕실수":50,
            "현관타입":10,
            "주거총점":26.5,
            "지역구공급총점":0.0,
            "역세권":"NA",
            "30분내 이동가능 거점":"NA",
            "1시간내 이동가능 거점":"NA",
            "교통총점":"NA",
            "백화점":0,
            "아울렛몰":0,
            "대형마트":0,
            "은행":0,
            "병원":30,
            "종합병원":100,
            "공원":0,
            "혐오시설":0,
            "인프라총점":23.0,
            "초등학군":83.85,
            "중학군":46.52,
            "학군총점":53.986,
            "인구수":34.97,
            "인구증감":-16.93,
            "인구총점":19.4,
            "일자리":13.0,
            "소득수준":54.78,
            "일자리총점":25.534,
            "가치 총점":31.9715,
            "매매실거래년":20211224.0,
            "매매실거래가":11800.0,
            "전세실거래년":20210911.0,
            "전세실거래가":9000.0,
            "전세가율":78.26,
            "장기전세가율평균":71.65,
            "전세가율거품지수":-6.61,
            "검색코드":6951,
            "세대수":472,
            "준공년월":"1995-12-20",
            "준공년차":28,
            "가까운역이름":"NA",
            "가까운역거리":"NA",
            "역세권여부":"NA",
            "30분이내주요거점역":"NA",
            "1시간이내주요거점역":"NA",
            "3km이내백화점수":0,
            "5km이내아울렛몰수":0,
            "1km이내대형먀트수":0,
            "500m이내은행수":1,
            "500m이내병원수":7,
            "5km이내대형병원수":2,
            "500m이내공원수":0,
            "3km이내혐오시설수":0,
            "초등학교학업성취도":83.85,
            "중학교학업성취도":75.4,
            "용적률":368,
            "건폐율":43,
            "Y":35.072581,
            "X":128.977772,
            "rank":131.0,
            "area_info":"24평(79.56), 28평(93.74), 31평(105.35), 42평(138.9)",
            "last_sales":"2021-12-24,11800.0,28평(93.74)"
        },
        {
            "index":581,
            "아파트명":"신평한성임호(3,5동)",
            "투자타입":"일반",
            "전용면적(m2)":"101.43",
            "전용면적(평)":"30평",
            "법정동주소":"부산시 사하구 신평동 100",
            "도로명주소":"부산시 사하구 다대로 109",
            "세대수":0,
            "입주년차":0,
            "용적률점수":"--",
            "건폐율점수":"--",
            "세대당주차수":0,
            "난방방식":30,
            "공급면적":"--",
            "전용률":"--",
            "욕실수":100,
            "현관타입":100,
            "주거총점":23.0,
            "지역구공급총점":0.0,
            "역세권":"NA",
            "30분내 이동가능 거점":"NA",
            "1시간내 이동가능 거점":"NA",
            "교통총점":"NA",
            "백화점":0,
            "아울렛몰":0,
            "대형마트":0,
            "은행":0,
            "병원":30,
            "종합병원":100,
            "공원":0,
            "혐오시설":0,
            "인프라총점":23.0,
            "초등학군":91.4,
            "중학군":49.54,
            "학군총점":57.912,
            "인구수":34.97,
            "인구증감":-16.93,
            "인구총점":19.4,
            "일자리":13.0,
            "소득수준":54.78,
            "일자리총점":25.534,
            "가치 총점":31.728,
            "매매실거래년":"18000101",
            "매매실거래가":null,
            "전세실거래년":null,
            "전세실거래가":null,
            "전세가율":null,
            "장기전세가율평균":71.65,
            "전세가율거품지수":null,
            "검색코드":6784,
            "세대수":217,
            "준공년월":"1993-06-18",
            "준공년차":30,
            "가까운역이름":"NA",
            "가까운역거리":"NA",
            "역세권여부":"NA",
            "30분이내주요거점역":"NA",
            "1시간이내주요거점역":"NA",
            "3km이내백화점수":0,
            "5km이내아울렛몰수":0,
            "1km이내대형먀트수":0,
            "500m이내은행수":0,
            "500m이내병원수":7,
            "5km이내대형병원수":4,
            "500m이내공원수":0,
            "3km이내혐오시설수":0,
            "초등학교학업성취도":91.4,
            "중학교학업성취도":80.1,
            "용적률":0,
            "건폐율":0,
            "Y":35.092646,
            "X":128.979996,
            "rank":132.0,
            "area_info":"30평(101.43), 39평(130.89), 44평(146.75)",
            "last_sales":"1800-01-01,nan,30평(101.43)"
        },
        {
            "index":278,
            "아파트명":"협진신태양",
            "투자타입":"재건축",
            "전용면적(m2)":"70.98",
            "전용면적(평)":"21평",
            "법정동주소":"부산시 사하구 괴정동 220",
            "도로명주소":"부산시 사하구 사리로 71",
            "세대수":0,
            "입주년차":"--",
            "용적률점수":0,
            "건폐율점수":0,
            "세대당주차수":"--",
            "난방방식":"--",
            "공급면적":50,
            "전용률":100,
            "욕실수":"--",
            "현관타입":"--",
            "주거총점":7.5,
            "지역구공급총점":0.0,
            "역세권":"NA",
            "30분내 이동가능 거점":"NA",
            "1시간내 이동가능 거점":"NA",
            "교통총점":"NA",
            "백화점":0,
            "아울렛몰":0,
            "대형마트":80,
            "은행":0,
            "병원":10,
            "종합병원":100,
            "공원":0,
            "혐오시설":0,
            "인프라총점":33.0,
            "초등학군":88.03,
            "중학군":57.06,
            "학군총점":63.254,
            "인구수":34.97,
            "인구증감":-16.93,
            "인구총점":19.4,
            "일자리":13.0,
            "소득수준":54.78,
            "일자리총점":25.534,
            "가치 총점":31.6385,
            "매매실거래년":20210505.0,
            "매매실거래가":21700.0,
            "전세실거래년":null,
            "전세실거래가":null,
            "전세가율":null,
            "장기전세가율평균":71.65,
            "전세가율거품지수":null,
            "검색코드":6411,
            "세대수":105,
            "준공년월":"1983-03-15",
            "준공년차":40,
            "가까운역이름":"NA",
            "가까운역거리":"NA",
            "역세권여부":"NA",
            "30분이내주요거점역":"NA",
            "1시간이내주요거점역":"NA",
            "3km이내백화점수":0,
            "5km이내아울렛몰수":0,
            "1km이내대형먀트수":1,
            "500m이내은행수":0,
            "500m이내병원수":3,
            "5km이내대형병원수":9,
            "500m이내공원수":0,
            "3km이내혐오시설수":0,
            "초등학교학업성취도":88.03,
            "중학교학업성취도":90.1,
            "용적률":0,
            "건폐율":0,
            "Y":35.106821,
            "X":128.99821,
            "rank":133.0,
            "area_info":"21평(70.98), 22평(73.99), 23평(78.62), 27평(91.22)",
            "last_sales":"2021-05-05,21700.0,27평(91.22)"
        },
        {
            "index":413,
            "아파트명":"신다대",
            "투자타입":"재건축",
            "전용면적(m2)":"55.02",
            "전용면적(평)":"16평",
            "법정동주소":"부산시 사하구 다대동 113-6",
            "도로명주소":"부산시 사하구 다대로 400",
            "세대수":50,
            "입주년차":"--",
            "용적률점수":0,
            "건폐율점수":0,
            "세대당주차수":"--",
            "난방방식":"--",
            "공급면적":50,
            "전용률":60,
            "욕실수":"--",
            "현관타입":"--",
            "주거총점":20.5,
            "지역구공급총점":0.0,
            "역세권":"NA",
            "30분내 이동가능 거점":"NA",
            "1시간내 이동가능 거점":"NA",
            "교통총점":"NA",
            "백화점":0,
            "아울렛몰":0,
            "대형마트":0,
            "은행":0,
            "병원":60,
            "종합병원":80,
            "공원":100,
            "혐오시설":0,
            "인프라총점":25.0,
            "초등학군":85.82,
            "중학군":49.88,
            "학군총점":57.068,
            "인구수":34.97,
            "인구증감":-16.93,
            "인구총점":19.4,
            "일자리":13.0,
            "소득수준":54.78,
            "일자리총점":25.534,
            "가치 총점":31.442,
            "매매실거래년":20211228.0,
            "매매실거래가":10000.0,
            "전세실거래년":20211215.0,
            "전세실거래가":7500.0,
            "전세가율":75.0,
            "장기전세가율평균":71.65,
            "전세가율거품지수":-3.35,
            "검색코드":6437,
            "세대수":570,
            "준공년월":"1991-12-22",
            "준공년차":32,
            "가까운역이름":"NA",
            "가까운역거리":"NA",
            "역세권여부":"NA",
            "30분이내주요거점역":"NA",
            "1시간이내주요거점역":"NA",
            "3km이내백화점수":0,
            "5km이내아울렛몰수":0,
            "1km이내대형먀트수":0,
            "500m이내은행수":1,
            "500m이내병원수":16,
            "5km이내대형병원수":1,
            "500m이내공원수":7,
            "3km이내혐오시설수":0,
            "초등학교학업성취도":85.82,
            "중학교학업성취도":80.6,
            "용적률":0,
            "건폐율":0,
            "Y":35.066196,
            "X":128.979242,
            "rank":134.0,
            "area_info":"16평(55.02)",
            "last_sales":"2021-12-28,10000.0,16평(55.02)"
        },
        {
            "index":322,
            "아파트명":"영생",
            "투자타입":"재건축",
            "전용면적(m2)":"59.4",
            "전용면적(평)":"17평",
            "법정동주소":"부산시 사하구 구평동 106",
            "도로명주소":"부산시 사하구 을숙도대로 741",
            "세대수":0,
            "입주년차":"--",
            "용적률점수":0,
            "건폐율점수":0,
            "세대당주차수":"--",
            "난방방식":"--",
            "공급면적":50,
            "전용률":100,
            "욕실수":"--",
            "현관타입":"--",
            "주거총점":7.5,
            "지역구공급총점":0.0,
            "역세권":"NA",
            "30분내 이동가능 거점":"NA",
            "1시간내 이동가능 거점":"NA",
            "교통총점":"NA",
            "백화점":0,
            "아울렛몰":0,
            "대형마트":80,
            "은행":0,
            "병원":10,
            "종합병원":100,
            "공원":100,
            "혐오시설":0,
            "인프라총점":36.0,
            "초등학군":88.58,
            "중학군":49.54,
            "학군총점":57.348,
            "인구수":34.97,
            "인구증감":-16.93,
            "인구총점":19.4,
            "일자리":13.0,
            "소득수준":54.78,
            "일자리총점":25.534,
            "가치 총점":31.362,
            "매매실거래년":20211003.0,
            "매매실거래가":8450.0,
            "전세실거래년":20211209.0,
            "전세실거래가":5000.0,
            "전세가율":59.17,
            "장기전세가율평균":71.65,
            "전세가율거품지수":12.48,
            "검색코드":14972,
            "세대수":170,
            "준공년월":"1985-09-28",
            "준공년차":38,
            "가까운역이름":"NA",
            "가까운역거리":"NA",
            "역세권여부":"NA",
            "30분이내주요거점역":"NA",
            "1시간이내주요거점역":"NA",
            "3km이내백화점수":0,
            "5km이내아울렛몰수":0,
            "1km이내대형먀트수":1,
            "500m이내은행수":0,
            "500m이내병원수":2,
            "5km이내대형병원수":5,
            "500m이내공원수":2,
            "3km이내혐오시설수":0,
            "초등학교학업성취도":88.58,
            "중학교학업성취도":80.1,
            "용적률":0,
            "건폐율":0,
            "Y":35.085823,
            "X":128.985507,
            "rank":135.0,
            "area_info":"17평(59.4), 20평(68.91), 22평(73.8), 22평(75.96), 24평(82.44)",
            "last_sales":"2021-10-03,8450.0,17평(59.4)"
        },
        {
            "index":750,
            "아파트명":"남영",
            "투자타입":"재건축",
            "전용면적(m2)":"44.98",
            "전용면적(평)":"13평",
            "법정동주소":"부산시 사하구 하단동 479",
            "도로명주소":"부산시 사하구 낙동대로575번길 30",
            "세대수":50,
            "입주년차":"--",
            "용적률점수":0,
            "건폐율점수":0,
            "세대당주차수":"--",
            "난방방식":"--",
            "공급면적":50,
            "전용률":100,
            "욕실수":"--",
            "현관타입":"--",
            "주거총점":22.5,
            "지역구공급총점":0.0,
            "역세권":"NA",
            "30분내 이동가능 거점":"NA",
            "1시간내 이동가능 거점":"NA",
            "교통총점":"NA",
            "백화점":0,
            "아울렛몰":0,
            "대형마트":0,
            "은행":0,
            "병원":10,
            "종합병원":80,
            "공원":80,
            "혐오시설":0,
            "인프라총점":19.4,
            "초등학군":87.65,
            "중학군":55.88,
            "학군총점":62.234,
            "인구수":34.97,
            "인구증감":-16.93,
            "인구총점":19.4,
            "일자리":13.0,
            "소득수준":54.78,
            "일자리총점":25.534,
            "가치 총점":31.1935,
            "매매실거래년":"18000101",
            "매매실거래가":null,
            "전세실거래년":null,
            "전세실거래가":null,
            "전세가율":null,
            "장기전세가율평균":71.65,
            "전세가율거품지수":null,
            "검색코드":16062,
            "세대수":519,
            "준공년월":"1987-03-25",
            "준공년차":36,
            "가까운역이름":"NA",
            "가까운역거리":"NA",
            "역세권여부":"NA",
            "30분이내주요거점역":"NA",
            "1시간이내주요거점역":"NA",
            "3km이내백화점수":0,
            "5km이내아울렛몰수":0,
            "1km이내대형먀트수":0,
            "500m이내은행수":1,
            "500m이내병원수":3,
            "5km이내대형병원수":1,
            "500m이내공원수":1,
            "3km이내혐오시설수":0,
            "초등학교학업성취도":87.65,
            "중학교학업성취도":90.8,
            "용적률":0,
            "건폐율":0,
            "Y":35.11403,
            "X":128.961636,
            "rank":136.0,
            "area_info":"13평(44.98), 13평(44.98), 15평(49.98), 15평(52.23), 16평(56.03), 17평(56.43), 17평(56.65), 16평(56.03), 16평(56.05), 18평(61.99), 18평(62.18), 19평(64.95), 19평(65.11), 19평(65.51), 19평(65.41)",
            "last_sales":"1800-01-01,nan,13평(44.98)"
        },
        {
            "index":737,
            "아파트명":"가락타운2단지",
            "투자타입":"재건축",
            "전용면적(m2)":"102.91",
            "전용면적(평)":"31평",
            "법정동주소":"부산시 사하구 하단동 1175",
            "도로명주소":"부산시 사하구 하신번영로 233",
            "세대수":80,
            "입주년차":"--",
            "용적률점수":0,
            "건폐율점수":0,
            "세대당주차수":"--",
            "난방방식":"--",
            "공급면적":90,
            "전용률":80,
            "욕실수":"--",
            "현관타입":"--",
            "주거총점":32.5,
            "지역구공급총점":0.0,
            "역세권":"NA",
            "30분내 이동가능 거점":"NA",
            "1시간내 이동가능 거점":"NA",
            "교통총점":"NA",
            "백화점":0,
            "아울렛몰":0,
            "대형마트":0,
            "은행":70,
            "병원":30,
            "종합병원":0,
            "공원":100,
            "혐오시설":0,
            "인프라총점":13.0,
            "초등학군":88.95,
            "중학군":48.76,
            "학군총점":56.798,
            "인구수":34.97,
            "인구증감":-16.93,
            "인구총점":19.4,
            "일자리":13.0,
            "소득수준":54.78,
            "일자리총점":25.534,
            "가치 총점":30.7745,
            "매매실거래년":20211224.0,
            "매매실거래가":34000.0,
            "전세실거래년":20211119.0,
            "전세실거래가":19000.0,
            "전세가율":55.88,
            "장기전세가율평균":71.65,
            "전세가율거품지수":15.77,
            "검색코드":9827,
            "세대수":848,
            "준공년월":"1992-09-14",
            "준공년차":31,
            "가까운역이름":"NA",
            "가까운역거리":"NA",
            "역세권여부":"NA",
            "30분이내주요거점역":"NA",
            "1시간이내주요거점역":"NA",
            "3km이내백화점수":0,
            "5km이내아울렛몰수":0,
            "1km이내대형먀트수":0,
            "500m이내은행수":3,
            "500m이내병원수":8,
            "5km이내대형병원수":0,
            "500m이내공원수":2,
            "3km이내혐오시설수":0,
            "초등학교학업성취도":88.95,
            "중학교학업성취도":79.6,
            "용적률":0,
            "건폐율":0,
            "Y":35.101417,
            "X":128.957485,
            "rank":137.0,
            "area_info":"31평(102.91), 31평(102.96), 44평(148.46), 45평(148.77), 50평(167.9)",
            "last_sales":"2021-12-24,34000.0,31평(102.91)"
        },
        {
            "index":38,
            "아파트명":"동일",
            "투자타입":"재건축",
            "전용면적(m2)":"49.76",
            "전용면적(평)":"15평",
            "법정동주소":"부산시 사하구 감천동 648",
            "도로명주소":"부산시 사하구 감천로 53",
            "세대수":0,
            "입주년차":"--",
            "용적률점수":0,
            "건폐율점수":0,
            "세대당주차수":"--",
            "난방방식":"--",
            "공급면적":50,
            "전용률":60,
            "욕실수":"--",
            "현관타입":"--",
            "주거총점":5.5,
            "지역구공급총점":0.0,
            "역세권":"NA",
            "30분내 이동가능 거점":"NA",
            "1시간내 이동가능 거점":"NA",
            "교통총점":"NA",
            "백화점":0,
            "아울렛몰":0,
            "대형마트":80,
            "은행":0,
            "병원":30,
            "종합병원":100,
            "공원":80,
            "혐오시설":0,
            "인프라총점":37.4,
            "초등학군":90.95,
            "중학군":46.66,
            "학군총점":55.518,
            "인구수":34.97,
            "인구증감":-16.93,
            "인구총점":19.4,
            "일자리":13.0,
            "소득수준":54.78,
            "일자리총점":25.534,
            "가치 총점":30.7645,
            "매매실거래년":20211029.0,
            "매매실거래가":8800.0,
            "전세실거래년":20200704.0,
            "전세실거래가":5500.0,
            "전세가율":62.5,
            "장기전세가율평균":71.65,
            "전세가율거품지수":9.15,
            "검색코드":6098,
            "세대수":142,
            "준공년월":"1987-10-17",
            "준공년차":36,
            "가까운역이름":"NA",
            "가까운역거리":"NA",
            "역세권여부":"NA",
            "30분이내주요거점역":"NA",
            "1시간이내주요거점역":"NA",
            "3km이내백화점수":0,
            "5km이내아울렛몰수":0,
            "1km이내대형먀트수":1,
            "500m이내은행수":0,
            "500m이내병원수":6,
            "5km이내대형병원수":7,
            "500m이내공원수":1,
            "3km이내혐오시설수":0,
            "초등학교학업성취도":90.95,
            "중학교학업성취도":76.5,
            "용적률":0,
            "건폐율":0,
            "Y":35.090955,
            "X":128.998379,
            "rank":138.0,
            "area_info":"15평(49.76), 17평(58.42), 18평(62.77), 20평(67.59), 21평(71.22), 23평(76.78), 24평(82.6), 25평(85.45), 26평(88.29), 30평(99.72)",
            "last_sales":"2021-10-29,8800.0,15평(49.76)"
        },
        {
            "index":578,
            "아파트명":"신평한성임호(1,2동)",
            "투자타입":"일반",
            "전용면적(m2)":"99.57",
            "전용면적(평)":"30평",
            "법정동주소":"부산시 사하구 신평동 100",
            "도로명주소":"부산시 사하구 다대로 109",
            "세대수":0,
            "입주년차":0,
            "용적률점수":"--",
            "건폐율점수":"--",
            "세대당주차수":0,
            "난방방식":30,
            "공급면적":"--",
            "전용률":"--",
            "욕실수":50,
            "현관타입":100,
            "주거총점":18.0,
            "지역구공급총점":0.0,
            "역세권":"NA",
            "30분내 이동가능 거점":"NA",
            "1시간내 이동가능 거점":"NA",
            "교통총점":"NA",
            "백화점":0,
            "아울렛몰":0,
            "대형마트":0,
            "은행":0,
            "병원":30,
            "종합병원":100,
            "공원":0,
            "혐오시설":0,
            "인프라총점":23.0,
            "초등학군":91.4,
            "중학군":49.54,
            "학군총점":57.912,
            "인구수":34.97,
            "인구증감":-16.93,
            "인구총점":19.4,
            "일자리":13.0,
            "소득수준":54.78,
            "일자리총점":25.534,
            "가치 총점":29.978,
            "매매실거래년":20211229.0,
            "매매실거래가":14750.0,
            "전세실거래년":20200325.0,
            "전세실거래가":9500.0,
            "전세가율":64.41,
            "장기전세가율평균":71.65,
            "전세가율거품지수":7.24,
            "검색코드":6799,
            "세대수":282,
            "준공년월":"1993-06-18",
            "준공년차":30,
            "가까운역이름":"NA",
            "가까운역거리":"NA",
            "역세권여부":"NA",
            "30분이내주요거점역":"NA",
            "1시간이내주요거점역":"NA",
            "3km이내백화점수":0,
            "5km이내아울렛몰수":0,
            "1km이내대형먀트수":0,
            "500m이내은행수":1,
            "500m이내병원수":9,
            "5km이내대형병원수":4,
            "500m이내공원수":0,
            "3km이내혐오시설수":0,
            "초등학교학업성취도":91.4,
            "중학교학업성취도":80.1,
            "용적률":263,
            "건폐율":23,
            "Y":35.092736,
            "X":128.978923,
            "rank":139.0,
            "area_info":"30평(99.57), 30평(101.7), 44평(148.5)",
            "last_sales":"2021-12-29,14750.0,30평(99.57)"
        },
        {
            "index":348,
            "아파트명":"다대다해",
            "투자타입":"재건축",
            "전용면적(m2)":"51.56",
            "전용면적(평)":"15평",
            "법정동주소":"부산시 사하구 다대동 80-14",
            "도로명주소":"부산시 사하구 다송로 7",
            "세대수":30,
            "입주년차":"--",
            "용적률점수":0,
            "건폐율점수":0,
            "세대당주차수":"--",
            "난방방식":"--",
            "공급면적":50,
            "전용률":80,
            "욕실수":"--",
            "현관타입":"--",
            "주거총점":15.5,
            "지역구공급총점":0.0,
            "역세권":"NA",
            "30분내 이동가능 거점":"NA",
            "1시간내 이동가능 거점":"NA",
            "교통총점":"NA",
            "백화점":0,
            "아울렛몰":0,
            "대형마트":0,
            "은행":0,
            "병원":60,
            "종합병원":80,
            "공원":100,
            "혐오시설":0,
            "인프라총점":25.0,
            "초등학군":85.82,
            "중학군":49.88,
            "학군총점":57.068,
            "인구수":34.97,
            "인구증감":-16.93,
            "인구총점":19.4,
            "일자리":13.0,
            "소득수준":54.78,
            "일자리총점":25.534,
            "가치 총점":29.692,
            "매매실거래년":20211122.0,
            "매매실거래가":20000.0,
            "전세실거래년":20211128.0,
            "전세실거래가":8500.0,
            "전세가율":42.5,
            "장기전세가율평균":71.65,
            "전세가율거품지수":29.15,
            "검색코드":6455,
            "세대수":372,
            "준공년월":"1986-11-03",
            "준공년차":37,
            "가까운역이름":"NA",
            "가까운역거리":"NA",
            "역세권여부":"NA",
            "30분이내주요거점역":"NA",
            "1시간이내주요거점역":"NA",
            "3km이내백화점수":0,
            "5km이내아울렛몰수":0,
            "1km이내대형먀트수":0,
            "500m이내은행수":1,
            "500m이내병원수":16,
            "5km이내대형병원수":1,
            "500m이내공원수":8,
            "3km이내혐오시설수":0,
            "초등학교학업성취도":85.82,
            "중학교학업성취도":80.6,
            "용적률":0,
            "건폐율":0,
            "Y":35.066863,
            "X":128.981552,
            "rank":140.0,
            "area_info":"15평(51.56)",
            "last_sales":"2021-11-22,20000.0,15평(51.56)"
        },
        {
            "index":397,
            "아파트명":"도시두송",
            "투자타입":"일반",
            "전용면적(m2)":"79.31",
            "전용면적(평)":"23평",
            "법정동주소":"부산시 사하구 다대동 96",
            "도로명주소":"부산시 사하구 다대로381번길 105",
            "세대수":0,
            "입주년차":0,
            "용적률점수":"--",
            "건폐율점수":"--",
            "세대당주차수":0,
            "난방방식":30,
            "공급면적":"--",
            "전용률":"--",
            "욕실수":50,
            "현관타입":100,
            "주거총점":18.0,
            "지역구공급총점":0.0,
            "역세권":"NA",
            "30분내 이동가능 거점":"NA",
            "1시간내 이동가능 거점":"NA",
            "교통총점":"NA",
            "백화점":0,
            "아울렛몰":0,
            "대형마트":0,
            "은행":0,
            "병원":10,
            "종합병원":80,
            "공원":100,
            "혐오시설":0,
            "인프라총점":20.0,
            "초등학군":89.02,
            "중학군":49.88,
            "학군총점":57.708,
            "인구수":34.97,
            "인구증감":-16.93,
            "인구총점":19.4,
            "일자리":13.0,
            "소득수준":54.78,
            "일자리총점":25.534,
            "가치 총점":28.727,
            "매매실거래년":20210716.0,
            "매매실거래가":14000.0,
            "전세실거래년":20210819.0,
            "전세실거래가":8500.0,
            "전세가율":60.71,
            "장기전세가율평균":71.65,
            "전세가율거품지수":10.94,
            "검색코드":14120,
            "세대수":260,
            "준공년월":"1998-06-26",
            "준공년차":25,
            "가까운역이름":"NA",
            "가까운역거리":"NA",
            "역세권여부":"NA",
            "30분이내주요거점역":"NA",
            "1시간이내주요거점역":"NA",
            "3km이내백화점수":0,
            "5km이내아울렛몰수":0,
            "1km이내대형먀트수":0,
            "500m이내은행수":0,
            "500m이내병원수":2,
            "5km이내대형병원수":1,
            "500m이내공원수":3,
            "3km이내혐오시설수":0,
            "초등학교학업성취도":89.02,
            "중학교학업성취도":80.6,
            "용적률":264,
            "건폐율":17,
            "Y":35.063194,
            "X":128.987033,
            "rank":141.0,
            "area_info":"23평(79.31)",
            "last_sales":"2021-07-16,14000.0,23평(79.31)"
        },
        {
            "index":244,
            "아파트명":"우신타워",
            "투자타입":"재건축",
            "전용면적(m2)":"72.84",
            "전용면적(평)":"22평",
            "법정동주소":"부산시 사하구 괴정동 614-9",
            "도로명주소":"부산시 사하구 사하로141번나길 35-4",
            "세대수":0,
            "입주년차":"--",
            "용적률점수":0,
            "건폐율점수":0,
            "세대당주차수":"--",
            "난방방식":"--",
            "공급면적":50,
            "전용률":80,
            "욕실수":"--",
            "현관타입":"--",
            "주거총점":6.5,
            "지역구공급총점":0.0,
            "역세권":"NA",
            "30분내 이동가능 거점":"NA",
            "1시간내 이동가능 거점":"NA",
            "교통총점":"NA",
            "백화점":0,
            "아울렛몰":0,
            "대형마트":80,
            "은행":0,
            "병원":10,
            "종합병원":100,
            "공원":0,
            "혐오시설":0,
            "인프라총점":33.0,
            "초등학군":79.33,
            "중학군":45.8,
            "학군총점":52.506,
            "인구수":34.97,
            "인구증감":-16.93,
            "인구총점":19.4,
            "일자리":13.0,
            "소득수준":54.78,
            "일자리총점":25.534,
            "가치 총점":28.6015,
            "매매실거래년":20211201.0,
            "매매실거래가":15800.0,
            "전세실거래년":20211106.0,
            "전세실거래가":5300.0,
            "전세가율":62.35,
            "장기전세가율평균":71.65,
            "전세가율거품지수":9.3,
            "검색코드":11748,
            "세대수":250,
            "준공년월":"1989-10-12",
            "준공년차":34,
            "가까운역이름":"NA",
            "가까운역거리":"NA",
            "역세권여부":"NA",
            "30분이내주요거점역":"NA",
            "1시간이내주요거점역":"NA",
            "3km이내백화점수":0,
            "5km이내아울렛몰수":0,
            "1km이내대형먀트수":1,
            "500m이내은행수":1,
            "500m이내병원수":2,
            "5km이내대형병원수":7,
            "500m이내공원수":0,
            "3km이내혐오시설수":0,
            "초등학교학업성취도":79.33,
            "중학교학업성취도":75.0,
            "용적률":0,
            "건폐율":0,
            "Y":35.093977,
            "X":128.989236,
            "rank":142.0,
            "area_info":"22평(72.84), 22평(72.89), 24평(81.7), 26평(89.22), 27평(91.89), 27평(91.59), 29평(97.27), 30평(101.65)",
            "last_sales":"2021-12-01,15800.0,30평(101.65)"
        },
        {
            "index":712,
            "아파트명":"장림현대타워",
            "투자타입":"일반",
            "전용면적(m2)":"74.09",
            "전용면적(평)":"22평",
            "법정동주소":"부산시 사하구 장림동 506-5",
            "도로명주소":"부산시 사하구 다대로 365",
            "세대수":0,
            "입주년차":0,
            "용적률점수":"--",
            "건폐율점수":"--",
            "세대당주차수":0,
            "난방방식":30,
            "공급면적":"--",
            "전용률":"--",
            "욕실수":50,
            "현관타입":100,
            "주거총점":18.0,
            "지역구공급총점":0.0,
            "역세권":"NA",
            "30분내 이동가능 거점":"NA",
            "1시간내 이동가능 거점":"NA",
            "교통총점":"NA",
            "백화점":0,
            "아울렛몰":0,
            "대형마트":0,
            "은행":0,
            "병원":10,
            "종합병원":80,
            "공원":100,
            "혐오시설":0,
            "인프라총점":20.0,
            "초등학군":85.82,
            "중학군":46.52,
            "학군총점":54.38,
            "인구수":34.97,
            "인구증감":-16.93,
            "인구총점":19.4,
            "일자리":13.0,
            "소득수준":54.78,
            "일자리총점":25.534,
            "가치 총점":27.895,
            "매매실거래년":20210925.0,
            "매매실거래가":9500.0,
            "전세실거래년":20140822.0,
            "전세실거래가":7000.0,
            "전세가율":73.68,
            "장기전세가율평균":71.65,
            "전세가율거품지수":-2.03,
            "검색코드":9734,
            "세대수":118,
            "준공년월":"1993-03-31",
            "준공년차":30,
            "가까운역이름":"NA",
            "가까운역거리":"NA",
            "역세권여부":"NA",
            "30분이내주요거점역":"NA",
            "1시간이내주요거점역":"NA",
            "3km이내백화점수":0,
            "5km이내아울렛몰수":0,
            "1km이내대형먀트수":0,
            "500m이내은행수":0,
            "500m이내병원수":4,
            "5km이내대형병원수":1,
            "500m이내공원수":5,
            "3km이내혐오시설수":0,
            "초등학교학업성취도":85.82,
            "중학교학업성취도":75.4,
            "용적률":298,
            "건폐율":16,
            "Y":35.06986,
            "X":128.97799,
            "rank":143.0,
            "area_info":"22평(74.09), 31평(105.38)",
            "last_sales":"2021-09-25,9500.0,22평(74.09)"
        },
        {
            "index":267,
            "아파트명":"현대신델라맨션",
            "투자타입":"재건축",
            "전용면적(m2)":"85.93",
            "전용면적(평)":"25평",
            "법정동주소":"부산시 사하구 괴정동 342-3",
            "도로명주소":"부산시 사하구 낙동대로 106",
            "세대수":0,
            "입주년차":"--",
            "용적률점수":0,
            "건폐율점수":0,
            "세대당주차수":"--",
            "난방방식":"--",
            "공급면적":70,
            "전용률":80,
            "욕실수":"--",
            "현관타입":"--",
            "주거총점":7.5,
            "지역구공급총점":0.0,
            "역세권":"NA",
            "30분내 이동가능 거점":"NA",
            "1시간내 이동가능 거점":"NA",
            "교통총점":"NA",
            "백화점":0,
            "아울렛몰":0,
            "대형마트":0,
            "은행":0,
            "병원":10,
            "종합병원":100,
            "공원":0,
            "혐오시설":0,
            "인프라총점":21.0,
            "초등학군":88.03,
            "중학군":57.06,
            "학군총점":63.254,
            "인구수":34.97,
            "인구증감":-16.93,
            "인구총점":19.4,
            "일자리":13.0,
            "소득수준":54.78,
            "일자리총점":25.534,
            "가치 총점":26.8385,
            "매매실거래년":20210130.0,
            "매매실거래가":23500.0,
            "전세실거래년":20170511.0,
            "전세실거래가":12000.0,
            "전세가율":82.76,
            "장기전세가율평균":71.65,
            "전세가율거품지수":-11.11,
            "검색코드":6283,
            "세대수":131,
            "준공년월":"1989-12-05",
            "준공년차":34,
            "가까운역이름":"NA",
            "가까운역거리":"NA",
            "역세권여부":"NA",
            "30분이내주요거점역":"NA",
            "1시간이내주요거점역":"NA",
            "3km이내백화점수":0,
            "5km이내아울렛몰수":0,
            "1km이내대형먀트수":0,
            "500m이내은행수":0,
            "500m이내병원수":3,
            "5km이내대형병원수":8,
            "500m이내공원수":0,
            "3km이내혐오시설수":0,
            "초등학교학업성취도":88.03,
            "중학교학업성취도":90.1,
            "용적률":0,
            "건폐율":0,
            "Y":35.104595,
            "X":129.003667,
            "rank":144.0,
            "area_info":"25평(85.93), 27평(91.46), 29평(97.36), 30평(100.53), 30평(101.22), 30평(102.37), 33평(110.94), 34평(114.91), 34평(115.33), 44평(146.78), 45평(152.0)",
            "last_sales":"2021-01-30,23500.0,45평(152.0)"
        },
        {
            "index":744,
            "아파트명":"공작",
            "투자타입":"재건축",
            "전용면적(m2)":"60.0",
            "전용면적(평)":"18평",
            "법정동주소":"부산시 사하구 하단동 870-19",
            "도로명주소":"부산시 사하구 하신번영로380번길 120",
            "세대수":0,
            "입주년차":"--",
            "용적률점수":0,
            "건폐율점수":0,
            "세대당주차수":"--",
            "난방방식":"--",
            "공급면적":50,
            "전용률":100,
            "욕실수":"--",
            "현관타입":"--",
            "주거총점":7.5,
            "지역구공급총점":0.0,
            "역세권":"NA",
            "30분내 이동가능 거점":"NA",
            "1시간내 이동가능 거점":"NA",
            "교통총점":"NA",
            "백화점":0,
            "아울렛몰":0,
            "대형마트":0,
            "은행":0,
            "병원":30,
            "종합병원":80,
            "공원":80,
            "혐오시설":0,
            "인프라총점":21.4,
            "초등학군":89.19,
            "중학군":55.88,
            "학군총점":62.542,
            "인구수":34.97,
            "인구증감":-16.93,
            "인구총점":19.4,
            "일자리":13.0,
            "소득수준":54.78,
            "일자리총점":25.534,
            "가치 총점":26.8205,
            "매매실거래년":20210528.0,
            "매매실거래가":12000.0,
            "전세실거래년":null,
            "전세실거래가":null,
            "전세가율":null,
            "장기전세가율평균":71.65,
            "전세가율거품지수":null,
            "검색코드":10629,
            "세대수":110,
            "준공년월":"1983-08-17",
            "준공년차":40,
            "가까운역이름":"NA",
            "가까운역거리":"NA",
            "역세권여부":"NA",
            "30분이내주요거점역":"NA",
            "1시간이내주요거점역":"NA",
            "3km이내백화점수":0,
            "5km이내아울렛몰수":0,
            "1km이내대형먀트수":0,
            "500m이내은행수":0,
            "500m이내병원수":5,
            "5km이내대형병원수":1,
            "500m이내공원수":1,
            "3km이내혐오시설수":0,
            "초등학교학업성취도":89.19,
            "중학교학업성취도":90.8,
            "용적률":0,
            "건폐율":0,
            "Y":35.109278,
            "X":128.959606,
            "rank":145.0,
            "area_info":"18평(60.0), 20평(68.4), 20평(69.15), 21평(72.0), 23평(78.28), 24평(80.71)",
            "last_sales":"2021-05-28,12000.0,24평(80.71)"
        },
        {
            "index":0,
            "아파트명":"감천단지",
            "투자타입":"재건축",
            "전용면적(m2)":"57.32",
            "전용면적(평)":"17평",
            "법정동주소":"부산시 사하구 감천동 530",
            "도로명주소":"부산시 사하구 감천로105번길 40",
            "세대수":0,
            "입주년차":"--",
            "용적률점수":0,
            "건폐율점수":0,
            "세대당주차수":"--",
            "난방방식":"--",
            "공급면적":50,
            "전용률":80,
            "욕실수":"--",
            "현관타입":"--",
            "주거총점":6.5,
            "지역구공급총점":0.0,
            "역세권":"NA",
            "30분내 이동가능 거점":"NA",
            "1시간내 이동가능 거점":"NA",
            "교통총점":"NA",
            "백화점":0,
            "아울렛몰":0,
            "대형마트":0,
            "은행":0,
            "병원":30,
            "종합병원":100,
            "공원":80,
            "혐오시설":0,
            "인프라총점":25.4,
            "초등학군":85.57,
            "중학군":46.66,
            "학군총점":54.442,
            "인구수":34.97,
            "인구증감":-16.93,
            "인구총점":19.4,
            "일자리":13.0,
            "소득수준":54.78,
            "일자리총점":25.534,
            "가치 총점":26.0455,
            "매매실거래년":20211204.0,
            "매매실거래가":9200.0,
            "전세실거래년":20210424.0,
            "전세실거래가":6000.0,
            "전세가율":77.92,
            "장기전세가율평균":71.65,
            "전세가율거품지수":-6.27,
            "검색코드":10596,
            "세대수":210,
            "준공년월":"1982-11-04",
            "준공년차":41,
            "가까운역이름":"NA",
            "가까운역거리":"NA",
            "역세권여부":"NA",
            "30분이내주요거점역":"NA",
            "1시간이내주요거점역":"NA",
            "3km이내백화점수":0,
            "5km이내아울렛몰수":0,
            "1km이내대형먀트수":0,
            "500m이내은행수":1,
            "500m이내병원수":8,
            "5km이내대형병원수":7,
            "500m이내공원수":1,
            "3km이내혐오시설수":0,
            "초등학교학업성취도":85.57,
            "중학교학업성취도":76.5,
            "용적률":0,
            "건폐율":0,
            "Y":35.089959,
            "X":129.004332,
            "rank":146.0,
            "area_info":"17평(57.32), 19평(62.81), 19평(63.14), 19평(63.24), 19평(64.06), 20평(67.9), 21평(71.5), 22평(75.6), 23평(77.85), 27평(90.48)",
            "last_sales":"2021-12-04,9200.0,19평(62.81)"
        },
        {
            "index":615,
            "아파트명":"국제마마",
            "투자타입":"일반",
            "전용면적(m2)":"82.45",
            "전용면적(평)":"24평",
            "법정동주소":"부산시 사하구 장림동 566-12",
            "도로명주소":"부산시 사하구 장평로41번길 51",
            "세대수":0,
            "입주년차":0,
            "용적률점수":"--",
            "건폐율점수":"--",
            "세대당주차수":0,
            "난방방식":30,
            "공급면적":"--",
            "전용률":"--",
            "욕실수":50,
            "현관타입":10,
            "주거총점":9.0,
            "지역구공급총점":0.0,
            "역세권":"NA",
            "30분내 이동가능 거점":"NA",
            "1시간내 이동가능 거점":"NA",
            "교통총점":"NA",
            "백화점":0,
            "아울렛몰":0,
            "대형마트":0,
            "은행":70,
            "병원":0,
            "종합병원":80,
            "공원":0,
            "혐오시설":0,
            "인프라총점":23.0,
            "초등학군":83.85,
            "중학군":46.52,
            "학군총점":53.986,
            "인구수":34.97,
            "인구증감":-16.93,
            "인구총점":19.4,
            "일자리":13.0,
            "소득수준":54.78,
            "일자리총점":25.534,
            "가치 총점":25.8465,
            "매매실거래년":20211105.0,
            "매매실거래가":11500.0,
            "전세실거래년":20211213.0,
            "전세실거래가":5000.0,
            "전세가율":62.5,
            "장기전세가율평균":71.65,
            "전세가율거품지수":9.15,
            "검색코드":7075,
            "세대수":288,
            "준공년월":"1993-09-06",
            "준공년차":30,
            "가까운역이름":"NA",
            "가까운역거리":"NA",
            "역세권여부":"NA",
            "30분이내주요거점역":"NA",
            "1시간이내주요거점역":"NA",
            "3km이내백화점수":0,
            "5km이내아울렛몰수":0,
            "1km이내대형먀트수":0,
            "500m이내은행수":4,
            "500m이내병원수":0,
            "5km이내대형병원수":1,
            "500m이내공원수":0,
            "3km이내혐오시설수":0,
            "초등학교학업성취도":83.85,
            "중학교학업성취도":75.4,
            "용적률":207,
            "건폐율":18,
            "Y":35.070296,
            "X":128.970486,
            "rank":147.0,
            "area_info":"24평(82.45), 26평(86.33), 28평(95.13), 30평(101.37), 32평(106.14)",
            "last_sales":"2021-11-05,11500.0,30평(101.37)"
        },
        {
            "index":388,
            "아파트명":"다대푸른",
            "투자타입":"일반",
            "전용면적(m2)":"66.94",
            "전용면적(평)":"20평",
            "법정동주소":"부산시 사하구 다대동 1548-13",
            "도로명주소":"부산시 사하구 다대낙조2길 11",
            "세대수":50,
            "입주년차":0,
            "용적률점수":"--",
            "건폐율점수":"--",
            "세대당주차수":0,
            "난방방식":30,
            "공급면적":"--",
            "전용률":"--",
            "욕실수":50,
            "현관타입":10,
            "주거총점":26.5,
            "지역구공급총점":0.0,
            "역세권":"NA",
            "30분내 이동가능 거점":"NA",
            "1시간내 이동가능 거점":"NA",
            "교통총점":"NA",
            "백화점":0,
            "아울렛몰":0,
            "대형마트":0,
            "은행":0,
            "병원":30,
            "종합병원":0,
            "공원":100,
            "혐오시설":0,
            "인프라총점":6.0,
            "초등학군":83.33,
            "중학군":49.54,
            "학군총점":56.298,
            "인구수":34.97,
            "인구증감":-16.93,
            "인구총점":19.4,
            "일자리":13.0,
            "소득수준":54.78,
            "일자리총점":25.534,
            "가치 총점":25.7495,
            "매매실거래년":20220104.0,
            "매매실거래가":12000.0,
            "전세실거래년":20220104.0,
            "전세실거래가":8400.0,
            "전세가율":70.0,
            "장기전세가율평균":71.65,
            "전세가율거품지수":1.65,
            "검색코드":6441,
            "세대수":640,
            "준공년월":"1996-06-27",
            "준공년차":27,
            "가까운역이름":"NA",
            "가까운역거리":"NA",
            "역세권여부":"NA",
            "30분이내주요거점역":"NA",
            "1시간이내주요거점역":"NA",
            "3km이내백화점수":0,
            "5km이내아울렛몰수":0,
            "1km이내대형먀트수":0,
            "500m이내은행수":0,
            "500m이내병원수":5,
            "5km이내대형병원수":0,
            "500m이내공원수":6,
            "3km이내혐오시설수":0,
            "초등학교학업성취도":83.33,
            "중학교학업성취도":81.1,
            "용적률":227,
            "건폐율":13,
            "Y":35.05144,
            "X":128.964585,
            "rank":148.0,
            "area_info":"20평(66.94)",
            "last_sales":"2022-01-04,12000.0,20평(66.94)"
        },
        {
            "index":372,
            "아파트명":"다대조성하이츠",
            "투자타입":"일반",
            "전용면적(m2)":"107.19",
            "전용면적(평)":"32평",
            "법정동주소":"부산시 사하구 다대동 1548-15",
            "도로명주소":"부산시 사하구 다대낙조2길 7",
            "세대수":0,
            "입주년차":0,
            "용적률점수":"--",
            "건폐율점수":"--",
            "세대당주차수":0,
            "난방방식":30,
            "공급면적":"--",
            "전용률":"--",
            "욕실수":100,
            "현관타입":100,
            "주거총점":23.0,
            "지역구공급총점":0.0,
            "역세권":"NA",
            "30분내 이동가능 거점":"NA",
            "1시간내 이동가능 거점":"NA",
            "교통총점":"NA",
            "백화점":0,
            "아울렛몰":0,
            "대형마트":0,
            "은행":0,
            "병원":30,
            "종합병원":0,
            "공원":100,
            "혐오시설":0,
            "인프라총점":6.0,
            "초등학군":83.33,
            "중학군":49.54,
            "학군총점":56.298,
            "인구수":34.97,
            "인구증감":-16.93,
            "인구총점":19.4,
            "일자리":13.0,
            "소득수준":54.78,
            "일자리총점":25.534,
            "가치 총점":24.5245,
            "매매실거래년":20211019.0,
            "매매실거래가":26500.0,
            "전세실거래년":20210820.0,
            "전세실거래가":20000.0,
            "전세가율":75.47,
            "장기전세가율평균":71.65,
            "전세가율거품지수":-3.82,
            "검색코드":6538,
            "세대수":132,
            "준공년월":"1995-10-20",
            "준공년차":28,
            "가까운역이름":"NA",
            "가까운역거리":"NA",
            "역세권여부":"NA",
            "30분이내주요거점역":"NA",
            "1시간이내주요거점역":"NA",
            "3km이내백화점수":0,
            "5km이내아울렛몰수":0,
            "1km이내대형먀트수":0,
            "500m이내은행수":0,
            "500m이내병원수":9,
            "5km이내대형병원수":0,
            "500m이내공원수":6,
            "3km이내혐오시설수":0,
            "초등학교학업성취도":83.33,
            "중학교학업성취도":81.1,
            "용적률":277,
            "건폐율":23,
            "Y":35.05075,
            "X":128.96525,
            "rank":149.0,
            "area_info":"32평(107.19)",
            "last_sales":"2021-10-19,26500.0,32평(107.19)"
        },
        {
            "index":52,
            "아파트명":"신흥동백",
            "투자타입":"재건축",
            "전용면적(m2)":"51.66",
            "전용면적(평)":"15평",
            "법정동주소":"부산시 사하구 감천동 361",
            "도로명주소":"부산시 사하구 암남공원로521번길 30",
            "세대수":0,
            "입주년차":"--",
            "용적률점수":0,
            "건폐율점수":0,
            "세대당주차수":"--",
            "난방방식":"--",
            "공급면적":50,
            "전용률":80,
            "욕실수":"--",
            "현관타입":"--",
            "주거총점":6.5,
            "지역구공급총점":0.0,
            "역세권":"NA",
            "30분내 이동가능 거점":"NA",
            "1시간내 이동가능 거점":"NA",
            "교통총점":"NA",
            "백화점":0,
            "아울렛몰":0,
            "대형마트":0,
            "은행":0,
            "병원":0,
            "종합병원":100,
            "공원":0,
            "혐오시설":-50,
            "인프라총점":19.0,
            "초등학군":91.01,
            "중학군":48.02,
            "학군총점":56.618,
            "인구수":34.97,
            "인구증감":-16.93,
            "인구총점":19.4,
            "일자리":13.0,
            "소득수준":54.78,
            "일자리총점":25.534,
            "가치 총점":24.0295,
            "매매실거래년":20190215.0,
            "매매실거래가":9200.0,
            "전세실거래년":null,
            "전세실거래가":null,
            "전세가율":null,
            "장기전세가율평균":71.65,
            "전세가율거품지수":null,
            "검색코드":105988,
            "세대수":176,
            "준공년월":"1986-12-12",
            "준공년차":37,
            "가까운역이름":"NA",
            "가까운역거리":"NA",
            "역세권여부":"NA",
            "30분이내주요거점역":"NA",
            "1시간이내주요거점역":"NA",
            "3km이내백화점수":0,
            "5km이내아울렛몰수":0,
            "1km이내대형먀트수":0,
            "500m이내은행수":1,
            "500m이내병원수":0,
            "5km이내대형병원수":7,
            "500m이내공원수":0,
            "3km이내혐오시설수":1,
            "초등학교학업성취도":91.01,
            "중학교학업성취도":76.7,
            "용적률":0,
            "건폐율":0,
            "Y":35.080188,
            "X":129.009816,
            "rank":150.0,
            "area_info":"15평(51.66), 16평(53.1), 16평(54.86), 16평(55.08), 17평(56.52), 17평(57.96), 17평(58.54), 18평(59.76), 18평(59.58), 18평(61.2), 18평(61.98), 19평(64.71), 19평(65.97), 19평(65.04), 20평(67.75), 20평(68.14), 20평(69.3), 21평(69.69), 21평(70.85), 22평(73.57), 22평(74.24), 22평(75.02)",
            "last_sales":"2019-02-15,9200.0,19평(64.71)"
        },
        {
            "index":343,
            "아파트명":"다대남아",
            "투자타입":"재건축",
            "전용면적(m2)":"71.7",
            "전용면적(평)":"21평",
            "법정동주소":"부산시 사하구 다대동 952",
            "도로명주소":"부산시 사하구 윤공단로 25-5",
            "세대수":0,
            "입주년차":"--",
            "용적률점수":0,
            "건폐율점수":0,
            "세대당주차수":"--",
            "난방방식":"--",
            "공급면적":50,
            "전용률":80,
            "욕실수":"--",
            "현관타입":"--",
            "주거총점":6.5,
            "지역구공급총점":0.0,
            "역세권":"NA",
            "30분내 이동가능 거점":"NA",
            "1시간내 이동가능 거점":"NA",
            "교통총점":"NA",
            "백화점":0,
            "아울렛몰":0,
            "대형마트":0,
            "은행":20,
            "병원":60,
            "종합병원":0,
            "공원":100,
            "혐오시설":0,
            "인프라총점":11.0,
            "초등학군":87.17,
            "중학군":51.7,
            "학군총점":58.794,
            "인구수":34.97,
            "인구증감":-16.93,
            "인구총점":19.4,
            "일자리":13.0,
            "소득수준":54.78,
            "일자리총점":25.534,
            "가치 총점":21.3735,
            "매매실거래년":"18000101",
            "매매실거래가":null,
            "전세실거래년":null,
            "전세실거래가":null,
            "전세가율":null,
            "장기전세가율평균":71.65,
            "전세가율거품지수":null,
            "검색코드":25193,
            "세대수":108,
            "준공년월":"1989-02-18",
            "준공년차":34,
            "가까운역이름":"NA",
            "가까운역거리":"NA",
            "역세권여부":"NA",
            "30분이내주요거점역":"NA",
            "1시간이내주요거점역":"NA",
            "3km이내백화점수":0,
            "5km이내아울렛몰수":0,
            "1km이내대형먀트수":0,
            "500m이내은행수":2,
            "500m이내병원수":24,
            "5km이내대형병원수":0,
            "500m이내공원수":4,
            "3km이내혐오시설수":0,
            "초등학교학업성취도":87.17,
            "중학교학업성취도":81.9,
            "용적률":0,
            "건폐율":0,
            "Y":35.055344,
            "X":128.966714,
            "rank":151.0,
            "area_info":"21평(71.7), 23평(77.07), 24평(81.65), 29평(98.18), 30평(99.65)",
            "last_sales":"1800-01-01,nan,21평(71.7)"
        }
    ]
}