{
    "schema":{
        "fields":[
            {
                "name":"index",
                "type":"integer"
            },
            {
                "name":"아파트명",
                "type":"string"
            },
            {
                "name":"투자타입",
                "type":"string"
            },
            {
                "name":"전용면적(m2)",
                "type":"string"
            },
            {
                "name":"전용면적(평)",
                "type":"string"
            },
            {
                "name":"법정동주소",
                "type":"string"
            },
            {
                "name":"도로명주소",
                "type":"string"
            },
            {
                "name":"세대수",
                "type":"integer"
            },
            {
                "name":"입주년차",
                "type":"integer"
            },
            {
                "name":"용적률점수",
                "type":"string"
            },
            {
                "name":"건폐율점수",
                "type":"string"
            },
            {
                "name":"세대당주차수",
                "type":"integer"
            },
            {
                "name":"난방방식",
                "type":"integer"
            },
            {
                "name":"공급면적",
                "type":"string"
            },
            {
                "name":"전용률",
                "type":"string"
            },
            {
                "name":"욕실수",
                "type":"integer"
            },
            {
                "name":"현관타입",
                "type":"integer"
            },
            {
                "name":"주거총점",
                "type":"number"
            },
            {
                "name":"지역구공급총점",
                "type":"number"
            },
            {
                "name":"역세권",
                "type":"string"
            },
            {
                "name":"30분내 이동가능 거점",
                "type":"string"
            },
            {
                "name":"1시간내 이동가능 거점",
                "type":"string"
            },
            {
                "name":"교통총점",
                "type":"string"
            },
            {
                "name":"백화점",
                "type":"integer"
            },
            {
                "name":"아울렛몰",
                "type":"integer"
            },
            {
                "name":"대형마트",
                "type":"integer"
            },
            {
                "name":"은행",
                "type":"integer"
            },
            {
                "name":"병원",
                "type":"integer"
            },
            {
                "name":"종합병원",
                "type":"integer"
            },
            {
                "name":"공원",
                "type":"integer"
            },
            {
                "name":"혐오시설",
                "type":"integer"
            },
            {
                "name":"인프라총점",
                "type":"number"
            },
            {
                "name":"초등학군",
                "type":"number"
            },
            {
                "name":"중학군",
                "type":"number"
            },
            {
                "name":"학군총점",
                "type":"number"
            },
            {
                "name":"인구수",
                "type":"number"
            },
            {
                "name":"인구증감",
                "type":"number"
            },
            {
                "name":"인구총점",
                "type":"number"
            },
            {
                "name":"일자리",
                "type":"number"
            },
            {
                "name":"소득수준",
                "type":"number"
            },
            {
                "name":"일자리총점",
                "type":"number"
            },
            {
                "name":"가치 총점",
                "type":"number"
            },
            {
                "name":"매매실거래년",
                "type":"string"
            },
            {
                "name":"매매실거래가",
                "type":"number"
            },
            {
                "name":"전세실거래년",
                "type":"number"
            },
            {
                "name":"전세실거래가",
                "type":"number"
            },
            {
                "name":"전세가율",
                "type":"number"
            },
            {
                "name":"장기전세가율평균",
                "type":"number"
            },
            {
                "name":"전세가율거품지수",
                "type":"number"
            },
            {
                "name":"검색코드",
                "type":"integer"
            },
            {
                "name":"세대수",
                "type":"integer"
            },
            {
                "name":"준공년월",
                "type":"string"
            },
            {
                "name":"준공년차",
                "type":"integer"
            },
            {
                "name":"가까운역이름",
                "type":"string"
            },
            {
                "name":"가까운역거리",
                "type":"string"
            },
            {
                "name":"역세권여부",
                "type":"string"
            },
            {
                "name":"30분이내주요거점역",
                "type":"string"
            },
            {
                "name":"1시간이내주요거점역",
                "type":"string"
            },
            {
                "name":"3km이내백화점수",
                "type":"integer"
            },
            {
                "name":"5km이내아울렛몰수",
                "type":"integer"
            },
            {
                "name":"1km이내대형먀트수",
                "type":"integer"
            },
            {
                "name":"500m이내은행수",
                "type":"integer"
            },
            {
                "name":"500m이내병원수",
                "type":"integer"
            },
            {
                "name":"5km이내대형병원수",
                "type":"integer"
            },
            {
                "name":"500m이내공원수",
                "type":"integer"
            },
            {
                "name":"3km이내혐오시설수",
                "type":"integer"
            },
            {
                "name":"초등학교학업성취도",
                "type":"number"
            },
            {
                "name":"중학교학업성취도",
                "type":"number"
            },
            {
                "name":"용적률",
                "type":"integer"
            },
            {
                "name":"건폐율",
                "type":"integer"
            },
            {
                "name":"Y",
                "type":"number"
            },
            {
                "name":"X",
                "type":"number"
            },
            {
                "name":"rank",
                "type":"number"
            },
            {
                "name":"area_info",
                "type":"string"
            },
            {
                "name":"last_sales",
                "type":"string"
            }
        ],
        "primaryKey":[
            "index"
        ],
        "pandas_version":"1.4.0"
    },
    "data":[
        {
            "index":178,
            "아파트명":"영어도시퀸덤1차아인슈타인타운",
            "투자타입":"일반",
            "전용면적(m2)":"109.86",
            "전용면적(평)":"33평",
            "법정동주소":"부산시 강서구 명지동 3232",
            "도로명주소":"부산시 강서구 명지오션시티11로 51",
            "세대수":90,
            "입주년차":60,
            "용적률점수":"--",
            "건폐율점수":"--",
            "세대당주차수":60,
            "난방방식":100,
            "공급면적":"--",
            "전용률":"--",
            "욕실수":100,
            "현관타입":100,
            "주거총점":82.5,
            "지역구공급총점":100.0,
            "역세권":"NA",
            "30분내 이동가능 거점":"NA",
            "1시간내 이동가능 거점":"NA",
            "교통총점":"NA",
            "백화점":0,
            "아울렛몰":0,
            "대형마트":0,
            "은행":100,
            "병원":60,
            "종합병원":0,
            "공원":100,
            "혐오시설":-50,
            "인프라총점":18.0,
            "초등학군":88.76,
            "중학군":55.24,
            "학군총점":61.944,
            "인구수":14.25,
            "인구증감":46.74,
            "인구총점":23.997,
            "일자리":17.4,
            "소득수준":64.92,
            "일자리총점":31.656,
            "가치 총점":51.561,
            "매매실거래년":20211224.0,
            "매매실거래가":53500.0,
            "전세실거래년":20211226.0,
            "전세실거래가":33000.0,
            "전세가율":78.67,
            "장기전세가율평균":61.54,
            "전세가율거품지수":-17.13,
            "검색코드":24846,
            "세대수":1112,
            "준공년월":"2009-05-01",
            "준공년차":14,
            "가까운역이름":"NA",
            "가까운역거리":"NA",
            "역세권여부":"NA",
            "30분이내주요거점역":"NA",
            "1시간이내주요거점역":"NA",
            "3km이내백화점수":0,
            "5km이내아울렛몰수":0,
            "1km이내대형먀트수":0,
            "500m이내은행수":5,
            "500m이내병원수":22,
            "5km이내대형병원수":0,
            "500m이내공원수":7,
            "3km이내혐오시설수":1,
            "초등학교학업성취도":88.76,
            "중학교학업성취도":89.0,
            "용적률":215,
            "건폐율":22,
            "Y":35.085755,
            "X":128.901516,
            "rank":1.0,
            "area_info":"33평(109.86), 33평(109.11), 39평(130.16), 39평(130.75), 39평(131.86), 46평(153.13), 46평(153.31), 55평(181.91)",
            "last_sales":"2021-12-24,53500.0,39평(131.86)"
        },
        {
            "index":100,
            "아파트명":"명지협성휴포레",
            "투자타입":"일반",
            "전용면적(m2)":"73.48",
            "전용면적(평)":"22평",
            "법정동주소":"부산시 강서구 명지동 3328",
            "도로명주소":"부산시 강서구 명지국제5로 141",
            "세대수":100,
            "입주년차":80,
            "용적률점수":"--",
            "건폐율점수":"--",
            "세대당주차수":30,
            "난방방식":100,
            "공급면적":"--",
            "전용률":"--",
            "욕실수":100,
            "현관타입":100,
            "주거총점":85.5,
            "지역구공급총점":100.0,
            "역세권":"NA",
            "30분내 이동가능 거점":"NA",
            "1시간내 이동가능 거점":"NA",
            "교통총점":"NA",
            "백화점":0,
            "아울렛몰":0,
            "대형마트":80,
            "은행":0,
            "병원":10,
            "종합병원":0,
            "공원":100,
            "혐오시설":0,
            "인프라총점":16.0,
            "초등학군":88.26,
            "중학군":45.24,
            "학군총점":53.844,
            "인구수":14.25,
            "인구증감":46.74,
            "인구총점":23.997,
            "일자리":17.4,
            "소득수준":64.92,
            "일자리총점":31.656,
            "가치 총점":49.786,
            "매매실거래년":20220101.0,
            "매매실거래가":31500.0,
            "전세실거래년":20211222.0,
            "전세실거래가":28000.0,
            "전세가율":88.89,
            "장기전세가율평균":61.54,
            "전세가율거품지수":-27.35,
            "검색코드":108371,
            "세대수":1664,
            "준공년월":"2016-11-18",
            "준공년차":7,
            "가까운역이름":"NA",
            "가까운역거리":"NA",
            "역세권여부":"NA",
            "30분이내주요거점역":"NA",
            "1시간이내주요거점역":"NA",
            "3km이내백화점수":0,
            "5km이내아울렛몰수":0,
            "1km이내대형먀트수":1,
            "500m이내은행수":0,
            "500m이내병원수":3,
            "5km이내대형병원수":0,
            "500m이내공원수":3,
            "3km이내혐오시설수":0,
            "초등학교학업성취도":88.26,
            "중학교학업성취도":75.4,
            "용적률":218,
            "건폐율":18,
            "Y":35.106346,
            "X":128.920258,
            "rank":2.0,
            "area_info":"22평(73.48), 22평(73.24), 24평(81.84), 24평(81.63), 24평(82.39), 24평(82.19)",
            "last_sales":"2022-01-01,31500.0,22평(73.48)"
        },
        {
            "index":27,
            "아파트명":"더힐시그니처",
            "투자타입":"일반",
            "전용면적(m2)":"111.55",
            "전용면적(평)":"33평",
            "법정동주소":"부산시 강서구 명지동 3404",
            "도로명주소":"부산시 강서구 명지국제7로 110",
            "세대수":90,
            "입주년차":100,
            "용적률점수":"--",
            "건폐율점수":"--",
            "세대당주차수":60,
            "난방방식":100,
            "공급면적":"--",
            "전용률":"--",
            "욕실수":100,
            "현관타입":100,
            "주거총점":90.5,
            "지역구공급총점":100.0,
            "역세권":"NA",
            "30분내 이동가능 거점":"NA",
            "1시간내 이동가능 거점":"NA",
            "교통총점":"NA",
            "백화점":0,
            "아울렛몰":0,
            "대형마트":0,
            "은행":0,
            "병원":60,
            "종합병원":0,
            "공원":100,
            "혐오시설":0,
            "인프라총점":9.0,
            "초등학군":93.1,
            "중학군":45.24,
            "학군총점":54.812,
            "인구수":14.25,
            "인구증감":46.74,
            "인구총점":23.997,
            "일자리":17.4,
            "소득수준":64.92,
            "일자리총점":31.656,
            "가치 총점":48.978,
            "매매실거래년":20211209.0,
            "매매실거래가":78500.0,
            "전세실거래년":20211221.0,
            "전세실거래가":44000.0,
            "전세가율":56.05,
            "장기전세가율평균":61.54,
            "전세가율거품지수":5.49,
            "검색코드":114880,
            "세대수":1210,
            "준공년월":"2019-01-28",
            "준공년차":4,
            "가까운역이름":"NA",
            "가까운역거리":"NA",
            "역세권여부":"NA",
            "30분이내주요거점역":"NA",
            "1시간이내주요거점역":"NA",
            "3km이내백화점수":0,
            "5km이내아울렛몰수":0,
            "1km이내대형먀트수":0,
            "500m이내은행수":0,
            "500m이내병원수":15,
            "5km이내대형병원수":0,
            "500m이내공원수":5,
            "3km이내혐오시설수":0,
            "초등학교학업성취도":93.1,
            "중학교학업성취도":75.4,
            "용적률":199,
            "건폐율":15,
            "Y":35.095525,
            "X":128.914385,
            "rank":3.0,
            "area_info":"33평(111.55), 48평(161.82), 49평(162.06), 49평(162.15)",
            "last_sales":"2021-12-09,78500.0,33평(111.55)"
        },
        {
            "index":21,
            "아파트명":"더샵명지퍼스트월드3단지",
            "투자타입":"일반",
            "전용면적(m2)":"108.82",
            "전용면적(평)":"32평",
            "법정동주소":"부산시 강서구 명지동 3595-3",
            "도로명주소":"부산시 강서구 명지국제2로 41",
            "세대수":100,
            "입주년차":100,
            "용적률점수":"--",
            "건폐율점수":"--",
            "세대당주차수":30,
            "난방방식":100,
            "공급면적":"--",
            "전용률":"--",
            "욕실수":100,
            "현관타입":100,
            "주거총점":89.5,
            "지역구공급총점":100.0,
            "역세권":"NA",
            "30분내 이동가능 거점":"NA",
            "1시간내 이동가능 거점":"NA",
            "교통총점":"NA",
            "백화점":0,
            "아울렛몰":0,
            "대형마트":0,
            "은행":0,
            "병원":10,
            "종합병원":0,
            "공원":100,
            "혐오시설":-50,
            "인프라총점":3.0,
            "초등학군":93.1,
            "중학군":55.24,
            "학군총점":62.812,
            "인구수":14.25,
            "인구증감":46.74,
            "인구총점":23.997,
            "일자리":17.4,
            "소득수준":64.92,
            "일자리총점":31.656,
            "가치 총점":48.228,
            "매매실거래년":20211204.0,
            "매매실거래가":125000.0,
            "전세실거래년":20211030.0,
            "전세실거래가":40000.0,
            "전세가율":67.22,
            "장기전세가율평균":61.54,
            "전세가율거품지수":-5.68,
            "검색코드":119329,
            "세대수":1530,
            "준공년월":"2020-08-01",
            "준공년차":3,
            "가까운역이름":"NA",
            "가까운역거리":"NA",
            "역세권여부":"NA",
            "30분이내주요거점역":"NA",
            "1시간이내주요거점역":"NA",
            "3km이내백화점수":0,
            "5km이내아울렛몰수":0,
            "1km이내대형먀트수":0,
            "500m이내은행수":0,
            "500m이내병원수":3,
            "5km이내대형병원수":0,
            "500m이내공원수":2,
            "3km이내혐오시설수":1,
            "초등학교학업성취도":93.1,
            "중학교학업성취도":89.0,
            "용적률":392,
            "건폐율":24,
            "Y":35.095903,
            "X":128.906025,
            "rank":4.0,
            "area_info":"32평(108.82), 32평(108.82), 34평(114.23), 34평(114.77), 40평(134.87), 45평(151.87)",
            "last_sales":"2021-12-04,125000.0,45평(151.87)"
        },
        {
            "index":71,
            "아파트명":"명지롯데캐슬",
            "투자타입":"일반",
            "전용면적(m2)":"109.36",
            "전용면적(평)":"33평",
            "법정동주소":"부산시 강서구 명지동 3244",
            "도로명주소":"부산시 강서구 명지오션시티11로 84",
            "세대수":90,
            "입주년차":40,
            "용적률점수":"--",
            "건폐율점수":"--",
            "세대당주차수":60,
            "난방방식":30,
            "공급면적":"--",
            "전용률":"--",
            "욕실수":100,
            "현관타입":100,
            "주거총점":71.5,
            "지역구공급총점":100.0,
            "역세권":"NA",
            "30분내 이동가능 거점":"NA",
            "1시간내 이동가능 거점":"NA",
            "교통총점":"NA",
            "백화점":0,
            "아울렛몰":0,
            "대형마트":0,
            "은행":100,
            "병원":60,
            "종합병원":0,
            "공원":100,
            "혐오시설":0,
            "인프라총점":19.0,
            "초등학군":88.49,
            "중학군":55.24,
            "학군총점":61.89,
            "인구수":14.25,
            "인구증감":46.74,
            "인구총점":23.997,
            "일자리":17.4,
            "소득수준":64.92,
            "일자리총점":31.656,
            "가치 총점":48.0975,
            "매매실거래년":20211130.0,
            "매매실거래가":42000.0,
            "전세실거래년":20220114.0,
            "전세실거래가":25000.0,
            "전세가율":56.82,
            "장기전세가율평균":61.54,
            "전세가율거품지수":4.72,
            "검색코드":25769,
            "세대수":1122,
            "준공년월":"2008-12-11",
            "준공년차":15,
            "가까운역이름":"NA",
            "가까운역거리":"NA",
            "역세권여부":"NA",
            "30분이내주요거점역":"NA",
            "1시간이내주요거점역":"NA",
            "3km이내백화점수":0,
            "5km이내아울렛몰수":0,
            "1km이내대형먀트수":0,
            "500m이내은행수":5,
            "500m이내병원수":22,
            "5km이내대형병원수":0,
            "500m이내공원수":5,
            "3km이내혐오시설수":0,
            "초등학교학업성취도":88.49,
            "중학교학업성취도":89.0,
            "용적률":219,
            "건폐율":19,
            "Y":35.083865,
            "X":128.906057,
            "rank":5.0,
            "area_info":"33평(109.36), 33평(110.63), 38평(128.8), 46평(153.29), 46평(154.82), 54평(179.81)",
            "last_sales":"2021-11-30,42000.0,38평(128.8)"
        },
        {
            "index":6,
            "아파트명":"극동스타클래스",
            "투자타입":"일반",
            "전용면적(m2)":"112.63",
            "전용면적(평)":"34평",
            "법정동주소":"부산시 강서구 명지동 3233",
            "도로명주소":"부산시 강서구 명지오션시티2로 71",
            "세대수":90,
            "입주년차":40,
            "용적률점수":"--",
            "건폐율점수":"--",
            "세대당주차수":60,
            "난방방식":30,
            "공급면적":"--",
            "전용률":"--",
            "욕실수":100,
            "현관타입":100,
            "주거총점":71.5,
            "지역구공급총점":100.0,
            "역세권":"NA",
            "30분내 이동가능 거점":"NA",
            "1시간내 이동가능 거점":"NA",
            "교통총점":"NA",
            "백화점":0,
            "아울렛몰":0,
            "대형마트":0,
            "은행":70,
            "병원":60,
            "종합병원":0,
            "공원":100,
            "혐오시설":-50,
            "인프라총점":15.0,
            "초등학군":88.76,
            "중학군":55.24,
            "학군총점":61.944,
            "인구수":14.25,
            "인구증감":46.74,
            "인구총점":23.997,
            "일자리":17.4,
            "소득수준":64.92,
            "일자리총점":31.656,
            "가치 총점":46.511,
            "매매실거래년":20211229.0,
            "매매실거래가":52000.0,
            "전세실거래년":20211204.0,
            "전세실거래가":16800.0,
            "전세가율":44.21,
            "장기전세가율평균":61.54,
            "전세가율거품지수":17.33,
            "검색코드":25894,
            "세대수":1124,
            "준공년월":"2008-11-25",
            "준공년차":15,
            "가까운역이름":"NA",
            "가까운역거리":"NA",
            "역세권여부":"NA",
            "30분이내주요거점역":"NA",
            "1시간이내주요거점역":"NA",
            "3km이내백화점수":0,
            "5km이내아울렛몰수":0,
            "1km이내대형먀트수":0,
            "500m이내은행수":4,
            "500m이내병원수":23,
            "5km이내대형병원수":0,
            "500m이내공원수":8,
            "3km이내혐오시설수":1,
            "초등학교학업성취도":88.76,
            "중학교학업성취도":89.0,
            "용적률":219,
            "건폐율":18,
            "Y":35.083239,
            "X":128.90173,
            "rank":6.0,
            "area_info":"34평(112.63), 34평(112.63), 34평(113.07), 39평(129.74), 39평(130.39), 39평(132.21), 43평(143.99), 49평(164.23), 59평(195.76), 75평(248.75)",
            "last_sales":"2021-12-29,52000.0,43평(143.99)"
        },
        {
            "index":125,
            "아파트명":"에일린의뜰",
            "투자타입":"일반",
            "전용면적(m2)":"87.89",
            "전용면적(평)":"26평",
            "법정동주소":"부산시 강서구 명지동 3361",
            "도로명주소":"부산시 강서구 명지국제5로 60",
            "세대수":90,
            "입주년차":80,
            "용적률점수":"--",
            "건폐율점수":"--",
            "세대당주차수":30,
            "난방방식":100,
            "공급면적":"--",
            "전용률":"--",
            "욕실수":100,
            "현관타입":100,
            "주거총점":82.0,
            "지역구공급총점":100.0,
            "역세권":"NA",
            "30분내 이동가능 거점":"NA",
            "1시간내 이동가능 거점":"NA",
            "교통총점":"NA",
            "백화점":0,
            "아울렛몰":0,
            "대형마트":0,
            "은행":0,
            "병원":80,
            "종합병원":0,
            "공원":100,
            "혐오시설":0,
            "인프라총점":11.0,
            "초등학군":86.5,
            "중학군":45.24,
            "학군총점":53.492,
            "인구수":14.25,
            "인구증감":46.74,
            "인구총점":23.997,
            "일자리":17.4,
            "소득수준":64.92,
            "일자리총점":31.656,
            "가치 총점":46.473,
            "매매실거래년":20211115.0,
            "매매실거래가":58600.0,
            "전세실거래년":20211101.0,
            "전세실거래가":22050.0,
            "전세가율":47.73,
            "장기전세가율평균":61.54,
            "전세가율거품지수":13.81,
            "검색코드":106120,
            "세대수":980,
            "준공년월":"2015-05-29",
            "준공년차":8,
            "가까운역이름":"NA",
            "가까운역거리":"NA",
            "역세권여부":"NA",
            "30분이내주요거점역":"NA",
            "1시간이내주요거점역":"NA",
            "3km이내백화점수":0,
            "5km이내아울렛몰수":0,
            "1km이내대형먀트수":0,
            "500m이내은행수":1,
            "500m이내병원수":30,
            "5km이내대형병원수":0,
            "500m이내공원수":4,
            "3km이내혐오시설수":0,
            "초등학교학업성취도":86.5,
            "중학교학업성취도":75.4,
            "용적률":199,
            "건폐율":17,
            "Y":35.099752,
            "X":128.921661,
            "rank":7.0,
            "area_info":"26평(87.89), 29평(98.98), 29평(99.13), 33평(110.67), 33평(111.34)",
            "last_sales":"2021-11-15,58600.0,33평(111.34)"
        },
        {
            "index":165,
            "아파트명":"영어도시퀸덤1차링컨타운",
            "투자타입":"일반",
            "전용면적(m2)":"109.87",
            "전용면적(평)":"33평",
            "법정동주소":"부산시 강서구 명지동 3231",
            "도로명주소":"부산시 강서구 명지오션시티10로 16",
            "세대수":90,
            "입주년차":60,
            "용적률점수":"--",
            "건폐율점수":"--",
            "세대당주차수":60,
            "난방방식":100,
            "공급면적":"--",
            "전용률":"--",
            "욕실수":100,
            "현관타입":100,
            "주거총점":82.5,
            "지역구공급총점":100.0,
            "역세권":"NA",
            "30분내 이동가능 거점":"NA",
            "1시간내 이동가능 거점":"NA",
            "교통총점":"NA",
            "백화점":0,
            "아울렛몰":0,
            "대형마트":0,
            "은행":20,
            "병원":10,
            "종합병원":0,
            "공원":100,
            "혐오시설":-50,
            "인프라총점":5.0,
            "초등학군":88.76,
            "중학군":55.24,
            "학군총점":61.944,
            "인구수":14.25,
            "인구증감":46.74,
            "인구총점":23.997,
            "일자리":17.4,
            "소득수준":64.92,
            "일자리총점":31.656,
            "가치 총점":46.361,
            "매매실거래년":20220103.0,
            "매매실거래가":131500.0,
            "전세실거래년":20210807.0,
            "전세실거래가":30000.0,
            "전세가율":75.95,
            "장기전세가율평균":61.54,
            "전세가율거품지수":-14.41,
            "검색코드":25241,
            "세대수":1102,
            "준공년월":"2009-05-01",
            "준공년차":14,
            "가까운역이름":"NA",
            "가까운역거리":"NA",
            "역세권여부":"NA",
            "30분이내주요거점역":"NA",
            "1시간이내주요거점역":"NA",
            "3km이내백화점수":0,
            "5km이내아울렛몰수":0,
            "1km이내대형먀트수":0,
            "500m이내은행수":2,
            "500m이내병원수":2,
            "5km이내대형병원수":0,
            "500m이내공원수":6,
            "3km이내혐오시설수":1,
            "초등학교학업성취도":88.76,
            "중학교학업성취도":89.0,
            "용적률":217,
            "건폐율":24,
            "Y":35.085594,
            "X":128.897808,
            "rank":8.0,
            "area_info":"33평(109.87), 33평(109.12), 34평(114.48), 34평(114.3), 39평(130.64), 39평(130.75), 39평(131.84), 39평(131.93), 46평(152.33), 46평(153.63), 46평(153.36), 55평(182.13), 87평(289.92)",
            "last_sales":"2022-01-03,131500.0,87평(289.92)"
        },
        {
            "index":118,
            "아파트명":"부산명지중흥S-클래스프라디움",
            "투자타입":"일반",
            "전용면적(m2)":"82.67",
            "전용면적(평)":"25평",
            "법정동주소":"부산시 강서구 명지동 3400",
            "도로명주소":"부산시 강서구 명지국제7로 133",
            "세대수":90,
            "입주년차":80,
            "용적률점수":"--",
            "건폐율점수":"--",
            "세대당주차수":30,
            "난방방식":100,
            "공급면적":"--",
            "전용률":"--",
            "욕실수":100,
            "현관타입":100,
            "주거총점":82.0,
            "지역구공급총점":100.0,
            "역세권":"NA",
            "30분내 이동가능 거점":"NA",
            "1시간내 이동가능 거점":"NA",
            "교통총점":"NA",
            "백화점":0,
            "아울렛몰":0,
            "대형마트":0,
            "은행":0,
            "병원":60,
            "종합병원":0,
            "공원":100,
            "혐오시설":0,
            "인프라총점":9.0,
            "초등학군":93.1,
            "중학군":45.24,
            "학군총점":54.812,
            "인구수":14.25,
            "인구증감":46.74,
            "인구총점":23.997,
            "일자리":17.4,
            "소득수준":64.92,
            "일자리총점":31.656,
            "가치 총점":46.003,
            "매매실거래년":20211222.0,
            "매매실거래가":41000.0,
            "전세실거래년":20220113.0,
            "전세실거래가":19420.0,
            "전세가율":47.37,
            "장기전세가율평균":61.54,
            "전세가율거품지수":14.17,
            "검색코드":108771,
            "세대수":1033,
            "준공년월":"2016-12-16",
            "준공년차":7,
            "가까운역이름":"NA",
            "가까운역거리":"NA",
            "역세권여부":"NA",
            "30분이내주요거점역":"NA",
            "1시간이내주요거점역":"NA",
            "3km이내백화점수":0,
            "5km이내아울렛몰수":0,
            "1km이내대형먀트수":0,
            "500m이내은행수":0,
            "500m이내병원수":28,
            "5km이내대형병원수":0,
            "500m이내공원수":3,
            "3km이내혐오시설수":0,
            "초등학교학업성취도":93.1,
            "중학교학업성취도":75.4,
            "용적률":217,
            "건폐율":14,
            "Y":35.097563,
            "X":128.916506,
            "rank":9.0,
            "area_info":"25평(82.67), 25평(82.8), 25평(82.95), 25평(82.81), 25평(83.36), 25평(83.37), 25평(84.16)",
            "last_sales":"2021-12-22,41000.0,25평(82.67)"
        },
        {
            "index":59,
            "아파트명":"명지더웨스턴",
            "투자타입":"일반",
            "전용면적(m2)":"102.11",
            "전용면적(평)":"30평",
            "법정동주소":"부산시 강서구 명지동 3399",
            "도로명주소":"부산시 강서구 명지국제7로 111",
            "세대수":90,
            "입주년차":80,
            "용적률점수":"--",
            "건폐율점수":"--",
            "세대당주차수":30,
            "난방방식":100,
            "공급면적":"--",
            "전용률":"--",
            "욕실수":100,
            "현관타입":100,
            "주거총점":82.0,
            "지역구공급총점":100.0,
            "역세권":"NA",
            "30분내 이동가능 거점":"NA",
            "1시간내 이동가능 거점":"NA",
            "교통총점":"NA",
            "백화점":0,
            "아울렛몰":0,
            "대형마트":0,
            "은행":0,
            "병원":60,
            "종합병원":0,
            "공원":100,
            "혐오시설":0,
            "인프라총점":9.0,
            "초등학군":86.3,
            "중학군":45.24,
            "학군총점":53.452,
            "인구수":14.25,
            "인구증감":46.74,
            "인구총점":23.997,
            "일자리":17.4,
            "소득수준":64.92,
            "일자리총점":31.656,
            "가치 총점":45.663,
            "매매실거래년":20211223.0,
            "매매실거래가":56750.0,
            "전세실거래년":20220110.0,
            "전세실거래가":21000.0,
            "전세가율":42.34,
            "장기전세가율평균":61.54,
            "전세가율거품지수":19.2,
            "검색코드":113098,
            "세대수":1201,
            "준공년월":"2018-06-12",
            "준공년차":5,
            "가까운역이름":"NA",
            "가까운역거리":"NA",
            "역세권여부":"NA",
            "30분이내주요거점역":"NA",
            "1시간이내주요거점역":"NA",
            "3km이내백화점수":0,
            "5km이내아울렛몰수":0,
            "1km이내대형먀트수":0,
            "500m이내은행수":0,
            "500m이내병원수":14,
            "5km이내대형병원수":0,
            "500m이내공원수":2,
            "3km이내혐오시설수":0,
            "초등학교학업성취도":86.3,
            "중학교학업성취도":75.4,
            "용적률":219,
            "건폐율":18,
            "Y":35.097848,
            "X":128.913753,
            "rank":10.0,
            "area_info":"30평(102.11), 30평(102.11), 30평(102.36), 35평(115.78), 35평(115.71), 35평(115.78)",
            "last_sales":"2021-12-23,56750.0,30평(102.36)"
        },
        {
            "index":55,
            "아파트명":"명지대방노블랜드오션뷰1차",
            "투자타입":"일반",
            "전용면적(m2)":"115.88",
            "전용면적(평)":"35평",
            "법정동주소":"부산시 강서구 명지동 3423",
            "도로명주소":"부산시 강서구 명지국제5로 30",
            "세대수":80,
            "입주년차":80,
            "용적률점수":"--",
            "건폐율점수":"--",
            "세대당주차수":30,
            "난방방식":100,
            "공급면적":"--",
            "전용률":"--",
            "욕실수":100,
            "현관타입":100,
            "주거총점":78.5,
            "지역구공급총점":100.0,
            "역세권":"NA",
            "30분내 이동가능 거점":"NA",
            "1시간내 이동가능 거점":"NA",
            "교통총점":"NA",
            "백화점":0,
            "아울렛몰":0,
            "대형마트":0,
            "은행":0,
            "병원":80,
            "종합병원":0,
            "공원":100,
            "혐오시설":0,
            "인프라총점":11.0,
            "초등학군":86.3,
            "중학군":45.24,
            "학군총점":53.452,
            "인구수":14.25,
            "인구증감":46.74,
            "인구총점":23.997,
            "일자리":17.4,
            "소득수준":64.92,
            "일자리총점":31.656,
            "가치 총점":45.238,
            "매매실거래년":20211106.0,
            "매매실거래가":55000.0,
            "전세실거래년":20210831.0,
            "전세실거래가":45000.0,
            "전세가율":81.82,
            "장기전세가율평균":61.54,
            "전세가율거품지수":-20.28,
            "검색코드":106554,
            "세대수":737,
            "준공년월":"2015-12-29",
            "준공년차":8,
            "가까운역이름":"NA",
            "가까운역거리":"NA",
            "역세권여부":"NA",
            "30분이내주요거점역":"NA",
            "1시간이내주요거점역":"NA",
            "3km이내백화점수":0,
            "5km이내아울렛몰수":0,
            "1km이내대형먀트수":0,
            "500m이내은행수":1,
            "500m이내병원수":31,
            "5km이내대형병원수":0,
            "500m이내공원수":3,
            "3km이내혐오시설수":0,
            "초등학교학업성취도":86.3,
            "중학교학업성취도":75.4,
            "용적률":199,
            "건폐율":17,
            "Y":35.096534,
            "X":128.921527,
            "rank":11.0,
            "area_info":"35평(115.88), 35평(116.93)",
            "last_sales":"2021-11-06,55000.0,35평(115.88)"
        },
        {
            "index":31,
            "아파트명":"명지1차금강펜테리움센트럴파크",
            "투자타입":"일반",
            "전용면적(m2)":"89.1",
            "전용면적(평)":"26평",
            "법정동주소":"부산시 강서구 명지동 3354",
            "도로명주소":"부산시 강서구 명지국제5로 59",
            "세대수":80,
            "입주년차":80,
            "용적률점수":"--",
            "건폐율점수":"--",
            "세대당주차수":30,
            "난방방식":100,
            "공급면적":"--",
            "전용률":"--",
            "욕실수":100,
            "현관타입":100,
            "주거총점":78.5,
            "지역구공급총점":100.0,
            "역세권":"NA",
            "30분내 이동가능 거점":"NA",
            "1시간내 이동가능 거점":"NA",
            "교통총점":"NA",
            "백화점":0,
            "아울렛몰":0,
            "대형마트":0,
            "은행":0,
            "병원":80,
            "종합병원":0,
            "공원":80,
            "혐오시설":0,
            "인프라총점":10.4,
            "초등학군":86.5,
            "중학군":45.24,
            "학군총점":53.492,
            "인구수":14.25,
            "인구증감":46.74,
            "인구총점":23.997,
            "일자리":17.4,
            "소득수준":64.92,
            "일자리총점":31.656,
            "가치 총점":45.008,
            "매매실거래년":20211221.0,
            "매매실거래가":39000.0,
            "전세실거래년":20220108.0,
            "전세실거래가":21000.0,
            "전세가율":53.85,
            "장기전세가율평균":61.54,
            "전세가율거품지수":7.69,
            "검색코드":106178,
            "세대수":850,
            "준공년월":"2015-07-01",
            "준공년차":8,
            "가까운역이름":"NA",
            "가까운역거리":"NA",
            "역세권여부":"NA",
            "30분이내주요거점역":"NA",
            "1시간이내주요거점역":"NA",
            "3km이내백화점수":0,
            "5km이내아울렛몰수":0,
            "1km이내대형먀트수":0,
            "500m이내은행수":1,
            "500m이내병원수":30,
            "5km이내대형병원수":0,
            "500m이내공원수":1,
            "3km이내혐오시설수":0,
            "초등학교학업성취도":86.5,
            "중학교학업성취도":75.4,
            "용적률":219,
            "건폐율":12,
            "Y":35.100206,
            "X":128.919138,
            "rank":12.0,
            "area_info":"26평(89.1), 27평(90.19), 33평(110.94), 34평(113.19), 34평(114.43)",
            "last_sales":"2021-12-21,39000.0,26평(89.1)"
        },
        {
            "index":93,
            "아파트명":"명지오션시티한신휴플러스",
            "투자타입":"일반",
            "전용면적(m2)":"98.58",
            "전용면적(평)":"29평",
            "법정동주소":"부산시 강서구 명지동 3236",
            "도로명주소":"부산시 강서구 명지오션시티1로 155",
            "세대수":80,
            "입주년차":80,
            "용적률점수":"--",
            "건폐율점수":"--",
            "세대당주차수":30,
            "난방방식":30,
            "공급면적":"--",
            "전용률":"--",
            "욕실수":100,
            "현관타입":100,
            "주거총점":71.5,
            "지역구공급총점":100.0,
            "역세권":"NA",
            "30분내 이동가능 거점":"NA",
            "1시간내 이동가능 거점":"NA",
            "교통총점":"NA",
            "백화점":0,
            "아울렛몰":0,
            "대형마트":0,
            "은행":20,
            "병원":60,
            "종합병원":0,
            "공원":100,
            "혐오시설":0,
            "인프라총점":11.0,
            "초등학군":90.0,
            "중학군":55.24,
            "학군총점":62.192,
            "인구수":14.25,
            "인구증감":46.74,
            "인구총점":23.997,
            "일자리":17.4,
            "소득수준":64.92,
            "일자리총점":31.656,
            "가치 총점":44.973,
            "매매실거래년":20211221.0,
            "매매실거래가":38000.0,
            "전세실거래년":20211221.0,
            "전세실거래가":29000.0,
            "전세가율":79.23,
            "장기전세가율평균":61.54,
            "전세가율거품지수":-17.69,
            "검색코드":105610,
            "세대수":841,
            "준공년월":"2014-08-13",
            "준공년차":9,
            "가까운역이름":"NA",
            "가까운역거리":"NA",
            "역세권여부":"NA",
            "30분이내주요거점역":"NA",
            "1시간이내주요거점역":"NA",
            "3km이내백화점수":0,
            "5km이내아울렛몰수":0,
            "1km이내대형먀트수":0,
            "500m이내은행수":2,
            "500m이내병원수":22,
            "5km이내대형병원수":0,
            "500m이내공원수":5,
            "3km이내혐오시설수":0,
            "초등학교학업성취도":90.0,
            "중학교학업성취도":89.0,
            "용적률":167,
            "건폐율":28,
            "Y":35.080965,
            "X":128.900795,
            "rank":13.0,
            "area_info":"29평(98.58), 30평(99.21), 33평(111.17), 33평(111.34), 33평(111.85), 34평(112.8), 33평(112.25)",
            "last_sales":"2021-12-21,38000.0,34평(112.8)"
        },
        {
            "index":114,
            "아파트명":"부산명지중흥S-클래스에듀오션",
            "투자타입":"일반",
            "전용면적(m2)":"91.21",
            "전용면적(평)":"27평",
            "법정동주소":"부산시 강서구 명지동 3350",
            "도로명주소":"부산시 강서구 명지국제5로 90",
            "세대수":80,
            "입주년차":80,
            "용적률점수":"--",
            "건폐율점수":"--",
            "세대당주차수":30,
            "난방방식":100,
            "공급면적":"--",
            "전용률":"--",
            "욕실수":100,
            "현관타입":100,
            "주거총점":78.5,
            "지역구공급총점":100.0,
            "역세권":"NA",
            "30분내 이동가능 거점":"NA",
            "1시간내 이동가능 거점":"NA",
            "교통총점":"NA",
            "백화점":0,
            "아울렛몰":0,
            "대형마트":0,
            "은행":0,
            "병원":60,
            "종합병원":0,
            "공원":100,
            "혐오시설":0,
            "인프라총점":9.0,
            "초등학군":86.5,
            "중학군":45.24,
            "학군총점":53.492,
            "인구수":14.25,
            "인구증감":46.74,
            "인구총점":23.997,
            "일자리":17.4,
            "소득수준":64.92,
            "일자리총점":31.656,
            "가치 총점":44.448,
            "매매실거래년":20211204.0,
            "매매실거래가":50500.0,
            "전세실거래년":20211204.0,
            "전세실거래가":20000.0,
            "전세가율":39.6,
            "장기전세가율평균":61.54,
            "전세가율거품지수":21.94,
            "검색코드":109854,
            "세대수":750,
            "준공년월":"2018-02-08",
            "준공년차":5,
            "가까운역이름":"NA",
            "가까운역거리":"NA",
            "역세권여부":"NA",
            "30분이내주요거점역":"NA",
            "1시간이내주요거점역":"NA",
            "3km이내백화점수":0,
            "5km이내아울렛몰수":0,
            "1km이내대형먀트수":0,
            "500m이내은행수":1,
            "500m이내병원수":24,
            "5km이내대형병원수":0,
            "500m이내공원수":3,
            "3km이내혐오시설수":0,
            "초등학교학업성취도":86.5,
            "중학교학업성취도":75.4,
            "용적률":199,
            "건폐율":17,
            "Y":35.101708,
            "X":128.9218,
            "rank":14.0,
            "area_info":"27평(91.21), 30평(100.92), 30평(101.98), 34평(113.99)",
            "last_sales":"2021-12-04,50500.0,27평(91.21)"
        },
        {
            "index":36,
            "아파트명":"명지국제신도시삼정그린코아더베스트",
            "투자타입":"일반",
            "전용면적(m2)":"112.11",
            "전용면적(평)":"33평",
            "법정동주소":"부산시 강서구 명지동 3599-3",
            "도로명주소":"부산시 강서구 명지국제3로 97",
            "세대수":50,
            "입주년차":100,
            "용적률점수":"--",
            "건폐율점수":"--",
            "세대당주차수":100,
            "난방방식":100,
            "공급면적":"--",
            "전용률":"--",
            "욕실수":100,
            "현관타입":100,
            "주거총점":82.5,
            "지역구공급총점":100.0,
            "역세권":"NA",
            "30분내 이동가능 거점":"NA",
            "1시간내 이동가능 거점":"NA",
            "교통총점":"NA",
            "백화점":0,
            "아울렛몰":0,
            "대형마트":0,
            "은행":0,
            "병원":10,
            "종합병원":0,
            "공원":100,
            "혐오시설":0,
            "인프라총점":4.0,
            "초등학군":93.1,
            "중학군":45.24,
            "학군총점":54.812,
            "인구수":14.25,
            "인구증감":46.74,
            "인구총점":23.997,
            "일자리":17.4,
            "소득수준":64.92,
            "일자리총점":31.656,
            "가치 총점":44.178,
            "매매실거래년":20211210.0,
            "매매실거래가":84900.0,
            "전세실거래년":20220108.0,
            "전세실거래가":41000.0,
            "전세가율":55.41,
            "장기전세가율평균":61.54,
            "전세가율거품지수":6.13,
            "검색코드":112596,
            "세대수":431,
            "준공년월":"2019-08-12",
            "준공년차":4,
            "가까운역이름":"NA",
            "가까운역거리":"NA",
            "역세권여부":"NA",
            "30분이내주요거점역":"NA",
            "1시간이내주요거점역":"NA",
            "3km이내백화점수":0,
            "5km이내아울렛몰수":0,
            "1km이내대형먀트수":0,
            "500m이내은행수":0,
            "500m이내병원수":2,
            "5km이내대형병원수":0,
            "500m이내공원수":4,
            "3km이내혐오시설수":0,
            "초등학교학업성취도":93.1,
            "중학교학업성취도":75.4,
            "용적률":645,
            "건폐율":50,
            "Y":35.096867,
            "X":128.911511,
            "rank":15.0,
            "area_info":"33평(112.11), 34평(114.06), 40평(134.15), 40평(135.23), 45평(149.84), 45평(149.54)",
            "last_sales":"2021-12-10,84900.0,40평(135.23)"
        },
        {
            "index":16,
            "아파트명":"더샵명지퍼스트월드2단지",
            "투자타입":"일반",
            "전용면적(m2)":"109.06",
            "전용면적(평)":"32평",
            "법정동주소":"부산시 강서구 명지동 3594",
            "도로명주소":"부산시 강서구 명지국제7로 37",
            "세대수":90,
            "입주년차":100,
            "용적률점수":"--",
            "건폐율점수":"--",
            "세대당주차수":30,
            "난방방식":100,
            "공급면적":"--",
            "전용률":"--",
            "욕실수":100,
            "현관타입":100,
            "주거총점":86.0,
            "지역구공급총점":100.0,
            "역세권":"NA",
            "30분내 이동가능 거점":"NA",
            "1시간내 이동가능 거점":"NA",
            "교통총점":"NA",
            "백화점":0,
            "아울렛몰":0,
            "대형마트":0,
            "은행":0,
            "병원":0,
            "종합병원":0,
            "공원":0,
            "혐오시설":0,
            "인프라총점":0.0,
            "초등학군":93.1,
            "중학군":45.24,
            "학군총점":54.812,
            "인구수":14.25,
            "인구증감":46.74,
            "인구총점":23.997,
            "일자리":17.4,
            "소득수준":64.92,
            "일자리총점":31.656,
            "가치 총점":43.803,
            "매매실거래년":20210904.0,
            "매매실거래가":87500.0,
            "전세실거래년":20210430.0,
            "전세실거래가":36000.0,
            "전세가율":49.32,
            "장기전세가율평균":61.54,
            "전세가율거품지수":12.22,
            "검색코드":119328,
            "세대수":1406,
            "준공년월":"2020-08-01",
            "준공년차":3,
            "가까운역이름":"NA",
            "가까운역거리":"NA",
            "역세권여부":"NA",
            "30분이내주요거점역":"NA",
            "1시간이내주요거점역":"NA",
            "3km이내백화점수":0,
            "5km이내아울렛몰수":0,
            "1km이내대형먀트수":0,
            "500m이내은행수":0,
            "500m이내병원수":1,
            "5km이내대형병원수":0,
            "500m이내공원수":0,
            "3km이내혐오시설수":0,
            "초등학교학업성취도":93.1,
            "중학교학업성취도":75.4,
            "용적률":333,
            "건폐율":23,
            "Y":35.098914,
            "X":128.906004,
            "rank":16.0,
            "area_info":"32평(109.06), 34평(114.48), 34평(115.02), 40평(135.16), 46평(152.21)",
            "last_sales":"2021-09-04,87500.0,34평(115.02)"
        },
        {
            "index":50,
            "아파트명":"명지금강펜테리움센트럴파크2차",
            "투자타입":"일반",
            "전용면적(m2)":"89.23",
            "전용면적(평)":"26평",
            "법정동주소":"부산시 강서구 명지동 3343",
            "도로명주소":"부산시 강서구 명지국제5로 109",
            "세대수":50,
            "입주년차":80,
            "용적률점수":"--",
            "건폐율점수":"--",
            "세대당주차수":30,
            "난방방식":100,
            "공급면적":"--",
            "전용률":"--",
            "욕실수":100,
            "현관타입":100,
            "주거총점":68.0,
            "지역구공급총점":100.0,
            "역세권":"NA",
            "30분내 이동가능 거점":"NA",
            "1시간내 이동가능 거점":"NA",
            "교통총점":"NA",
            "백화점":0,
            "아울렛몰":0,
            "대형마트":80,
            "은행":0,
            "병원":10,
            "종합병원":0,
            "공원":100,
            "혐오시설":0,
            "인프라총점":16.0,
            "초등학군":88.26,
            "중학군":45.24,
            "학군총점":53.844,
            "인구수":14.25,
            "인구증감":46.74,
            "인구총점":23.997,
            "일자리":17.4,
            "소득수준":64.92,
            "일자리총점":31.656,
            "가치 총점":43.661,
            "매매실거래년":20220108.0,
            "매매실거래가":34800.0,
            "전세실거래년":20211218.0,
            "전세실거래가":32000.0,
            "전세가율":65.98,
            "장기전세가율평균":61.54,
            "전세가율거품지수":-4.44,
            "검색코드":107737,
            "세대수":670,
            "준공년월":"2016-03-25",
            "준공년차":7,
            "가까운역이름":"NA",
            "가까운역거리":"NA",
            "역세권여부":"NA",
            "30분이내주요거점역":"NA",
            "1시간이내주요거점역":"NA",
            "3km이내백화점수":0,
            "5km이내아울렛몰수":0,
            "1km이내대형먀트수":1,
            "500m이내은행수":1,
            "500m이내병원수":3,
            "5km이내대형병원수":0,
            "500m이내공원수":3,
            "3km이내혐오시설수":0,
            "초등학교학업성취도":88.26,
            "중학교학업성취도":75.4,
            "용적률":214,
            "건폐율":13,
            "Y":35.10401,
            "X":128.919728,
            "rank":17.0,
            "area_info":"26평(89.23), 26평(89.18), 26평(89.13), 33평(111.73), 33평(112.28)",
            "last_sales":"2022-01-08,34800.0,26평(89.18)"
        },
        {
            "index":65,
            "아파트명":"명지두산위브포세이돈",
            "투자타입":"일반",
            "전용면적(m2)":"93.61",
            "전용면적(평)":"28평",
            "법정동주소":"부산시 강서구 명지동 3234",
            "도로명주소":"부산시 강서구 명지오션시티11로 22",
            "세대수":90,
            "입주년차":60,
            "용적률점수":"--",
            "건폐율점수":"--",
            "세대당주차수":30,
            "난방방식":30,
            "공급면적":"--",
            "전용률":"--",
            "욕실수":100,
            "현관타입":100,
            "주거총점":71.0,
            "지역구공급총점":100.0,
            "역세권":"NA",
            "30분내 이동가능 거점":"NA",
            "1시간내 이동가능 거점":"NA",
            "교통총점":"NA",
            "백화점":0,
            "아울렛몰":0,
            "대형마트":0,
            "은행":0,
            "병원":60,
            "종합병원":0,
            "공원":100,
            "혐오시설":-50,
            "인프라총점":8.0,
            "초등학군":90.0,
            "중학군":55.24,
            "학군총점":62.192,
            "인구수":14.25,
            "인구증감":46.74,
            "인구총점":23.997,
            "일자리":17.4,
            "소득수준":64.92,
            "일자리총점":31.656,
            "가치 총점":43.598,
            "매매실거래년":20211223.0,
            "매매실거래가":34500.0,
            "전세실거래년":20220114.0,
            "전세실거래가":26000.0,
            "전세가율":75.36,
            "장기전세가율평균":61.54,
            "전세가율거품지수":-13.82,
            "검색코드":102843,
            "세대수":1256,
            "준공년월":"2013-03-15",
            "준공년차":10,
            "가까운역이름":"NA",
            "가까운역거리":"NA",
            "역세권여부":"NA",
            "30분이내주요거점역":"NA",
            "1시간이내주요거점역":"NA",
            "3km이내백화점수":0,
            "5km이내아울렛몰수":0,
            "1km이내대형먀트수":0,
            "500m이내은행수":1,
            "500m이내병원수":14,
            "5km이내대형병원수":0,
            "500m이내공원수":7,
            "3km이내혐오시설수":1,
            "초등학교학업성취도":90.0,
            "중학교학업성취도":89.0,
            "용적률":210,
            "건폐율":21,
            "Y":35.083223,
            "X":128.897826,
            "rank":18.0,
            "area_info":"28평(93.61), 33평(109.81), 33평(111.57), 33평(112.16), 34평(113.0), 49평(164.37)",
            "last_sales":"2021-12-23,34500.0,28평(93.61)"
        },
        {
            "index":213,
            "아파트명":"협성DS엘리시안",
            "투자타입":"일반",
            "전용면적(m2)":"86.18",
            "전용면적(평)":"26평",
            "법정동주소":"부산시 강서구 지사동 1186",
            "도로명주소":"부산시 강서구 과학산단로306번길 10",
            "세대수":90,
            "입주년차":80,
            "용적률점수":"--",
            "건폐율점수":"--",
            "세대당주차수":30,
            "난방방식":30,
            "공급면적":"--",
            "전용률":"--",
            "욕실수":100,
            "현관타입":100,
            "주거총점":75.0,
            "지역구공급총점":100.0,
            "역세권":"NA",
            "30분내 이동가능 거점":"NA",
            "1시간내 이동가능 거점":"NA",
            "교통총점":"NA",
            "백화점":0,
            "아울렛몰":80,
            "대형마트":0,
            "은행":0,
            "병원":10,
            "종합병원":0,
            "공원":100,
            "혐오시설":0,
            "인프라총점":12.0,
            "초등학군":89.02,
            "중학군":37.14,
            "학군총점":47.516,
            "인구수":14.25,
            "인구증감":46.74,
            "인구총점":23.997,
            "일자리":17.4,
            "소득수준":64.92,
            "일자리총점":31.656,
            "가치 총점":42.929,
            "매매실거래년":20220108.0,
            "매매실거래가":17800.0,
            "전세실거래년":20220112.0,
            "전세실거래가":16000.0,
            "전세가율":88.89,
            "장기전세가율평균":61.54,
            "전세가율거품지수":-27.35,
            "검색코드":106179,
            "세대수":1277,
            "준공년월":"2015-04-17",
            "준공년차":8,
            "가까운역이름":"NA",
            "가까운역거리":"NA",
            "역세권여부":"NA",
            "30분이내주요거점역":"NA",
            "1시간이내주요거점역":"NA",
            "3km이내백화점수":0,
            "5km이내아울렛몰수":1,
            "1km이내대형먀트수":0,
            "500m이내은행수":0,
            "500m이내병원수":3,
            "5km이내대형병원수":0,
            "500m이내공원수":2,
            "3km이내혐오시설수":0,
            "초등학교학업성취도":89.02,
            "중학교학업성취도":61.9,
            "용적률":219,
            "건폐율":17,
            "Y":35.150147,
            "X":128.838176,
            "rank":19.0,
            "area_info":"26평(86.18), 26평(86.93), 26평(87.47), 29평(97.62), 34평(114.49), 34평(114.34)",
            "last_sales":"2022-01-08,17800.0,26평(87.47)"
        },
        {
            "index":200,
            "아파트명":"지사과학삼정그린코아",
            "투자타입":"일반",
            "전용면적(m2)":"84.89",
            "전용면적(평)":"25평",
            "법정동주소":"부산시 강서구 지사동 1185-1",
            "도로명주소":"부산시 강서구 과학산단2로20번길 91",
            "세대수":90,
            "입주년차":80,
            "용적률점수":"--",
            "건폐율점수":"--",
            "세대당주차수":30,
            "난방방식":30,
            "공급면적":"--",
            "전용률":"--",
            "욕실수":100,
            "현관타입":100,
            "주거총점":75.0,
            "지역구공급총점":100.0,
            "역세권":"NA",
            "30분내 이동가능 거점":"NA",
            "1시간내 이동가능 거점":"NA",
            "교통총점":"NA",
            "백화점":0,
            "아울렛몰":80,
            "대형마트":0,
            "은행":0,
            "병원":10,
            "종합병원":0,
            "공원":80,
            "혐오시설":0,
            "인프라총점":11.4,
            "초등학군":89.02,
            "중학군":37.14,
            "학군총점":47.516,
            "인구수":14.25,
            "인구증감":46.74,
            "인구총점":23.997,
            "일자리":17.4,
            "소득수준":64.92,
            "일자리총점":31.656,
            "가치 총점":42.689,
            "매매실거래년":20220112.0,
            "매매실거래가":17200.0,
            "전세실거래년":20220110.0,
            "전세실거래가":12600.0,
            "전세가율":73.26,
            "장기전세가율평균":61.54,
            "전세가율거품지수":-11.72,
            "검색코드":109546,
            "세대수":1013,
            "준공년월":"2017-04-27",
            "준공년차":6,
            "가까운역이름":"NA",
            "가까운역거리":"NA",
            "역세권여부":"NA",
            "30분이내주요거점역":"NA",
            "1시간이내주요거점역":"NA",
            "3km이내백화점수":0,
            "5km이내아울렛몰수":1,
            "1km이내대형먀트수":0,
            "500m이내은행수":0,
            "500m이내병원수":3,
            "5km이내대형병원수":0,
            "500m이내공원수":1,
            "3km이내혐오시설수":0,
            "초등학교학업성취도":89.02,
            "중학교학업성취도":61.9,
            "용적률":218,
            "건폐율":15,
            "Y":35.151666,
            "X":128.841337,
            "rank":20.0,
            "area_info":"25평(84.89), 25평(84.6), 25평(84.58), 27평(92.38), 30평(102.06), 32평(108.44)",
            "last_sales":"2022-01-12,17200.0,25평(84.89)"
        },
        {
            "index":141,
            "아파트명":"엘크루블루오션5단지",
            "투자타입":"일반",
            "전용면적(m2)":"152.13",
            "전용면적(평)":"46평",
            "법정동주소":"부산시 강서구 명지동 3243",
            "도로명주소":"부산시 강서구 명지오션시티12로 92",
            "세대수":30,
            "입주년차":60,
            "용적률점수":"--",
            "건폐율점수":"--",
            "세대당주차수":80,
            "난방방식":100,
            "공급면적":"--",
            "전용률":"--",
            "욕실수":100,
            "현관타입":100,
            "주거총점":64.5,
            "지역구공급총점":100.0,
            "역세권":"NA",
            "30분내 이동가능 거점":"NA",
            "1시간내 이동가능 거점":"NA",
            "교통총점":"NA",
            "백화점":0,
            "아울렛몰":0,
            "대형마트":0,
            "은행":20,
            "병원":60,
            "종합병원":0,
            "공원":100,
            "혐오시설":0,
            "인프라총점":11.0,
            "초등학군":90.0,
            "중학군":55.24,
            "학군총점":62.192,
            "인구수":14.25,
            "인구증감":46.74,
            "인구총점":23.997,
            "일자리":17.4,
            "소득수준":64.92,
            "일자리총점":31.656,
            "가치 총점":42.523,
            "매매실거래년":"18000101",
            "매매실거래가":null,
            "전세실거래년":null,
            "전세실거래가":null,
            "전세가율":null,
            "장기전세가율평균":61.54,
            "전세가율거품지수":null,
            "검색코드":26079,
            "세대수":375,
            "준공년월":"2012-06-29",
            "준공년차":11,
            "가까운역이름":"NA",
            "가까운역거리":"NA",
            "역세권여부":"NA",
            "30분이내주요거점역":"NA",
            "1시간이내주요거점역":"NA",
            "3km이내백화점수":0,
            "5km이내아울렛몰수":0,
            "1km이내대형먀트수":0,
            "500m이내은행수":2,
            "500m이내병원수":22,
            "5km이내대형병원수":0,
            "500m이내공원수":5,
            "3km이내혐오시설수":0,
            "초등학교학업성취도":90.0,
            "중학교학업성취도":89.0,
            "용적률":138,
            "건폐율":24,
            "Y":35.081007,
            "X":128.906048,
            "rank":21.0,
            "area_info":"46평(152.13), 54평(180.12), 54평(181.02), 64평(214.53), 66평(218.21), 68평(226.28), 68평(227.67), 77평(257.52), 79평(262.59), 87평(288.83), 88평(292.76)",
            "last_sales":"1800-01-01,nan,46평(152.13)"
        },
        {
            "index":130,
            "아파트명":"엘크루블루오션4단지",
            "투자타입":"일반",
            "전용면적(m2)":"152.13",
            "전용면적(평)":"46평",
            "법정동주소":"부산시 강서구 명지동 3243",
            "도로명주소":"부산시 강서구 명지오션시티6로 33",
            "세대수":50,
            "입주년차":60,
            "용적률점수":"--",
            "건폐율점수":"--",
            "세대당주차수":80,
            "난방방식":100,
            "공급면적":"--",
            "전용률":"--",
            "욕실수":100,
            "현관타입":100,
            "주거총점":71.5,
            "지역구공급총점":100.0,
            "역세권":"NA",
            "30분내 이동가능 거점":"NA",
            "1시간내 이동가능 거점":"NA",
            "교통총점":"NA",
            "백화점":0,
            "아울렛몰":0,
            "대형마트":0,
            "은행":0,
            "병원":10,
            "종합병원":0,
            "공원":100,
            "혐오시설":0,
            "인프라총점":4.0,
            "초등학군":88.49,
            "중학군":55.24,
            "학군총점":61.89,
            "인구수":14.25,
            "인구증감":46.74,
            "인구총점":23.997,
            "일자리":17.4,
            "소득수준":64.92,
            "일자리총점":31.656,
            "가치 총점":42.0975,
            "매매실거래년":20220105.0,
            "매매실거래가":86500.0,
            "전세실거래년":20211226.0,
            "전세실거래가":31500.0,
            "전세가율":40.54,
            "장기전세가율평균":61.54,
            "전세가율거품지수":21.0,
            "검색코드":26078,
            "세대수":414,
            "준공년월":"2012-06-29",
            "준공년차":11,
            "가까운역이름":"NA",
            "가까운역거리":"NA",
            "역세권여부":"NA",
            "30분이내주요거점역":"NA",
            "1시간이내주요거점역":"NA",
            "3km이내백화점수":0,
            "5km이내아울렛몰수":0,
            "1km이내대형먀트수":0,
            "500m이내은행수":1,
            "500m이내병원수":2,
            "5km이내대형병원수":0,
            "500m이내공원수":5,
            "3km이내혐오시설수":0,
            "초등학교학업성취도":88.49,
            "중학교학업성취도":89.0,
            "용적률":126,
            "건폐율":22,
            "Y":35.082911,
            "X":128.909435,
            "rank":22.0,
            "area_info":"46평(152.13), 46평(155.09), 54평(180.67), 54평(180.12), 65평(216.5), 66평(218.24), 69평(229.5), 76평(251.25), 78평(260.42), 79평(261.53), 88평(293.13)",
            "last_sales":"2022-01-05,86500.0,54평(180.12)"
        },
        {
            "index":42,
            "아파트명":"명지국제신도시호반베르디움1차",
            "투자타입":"일반",
            "전용면적(m2)":"89.68",
            "전용면적(평)":"27평",
            "법정동주소":"부산시 강서구 명지동 3415",
            "도로명주소":"부산시 강서구 명지국제5로 29",
            "세대수":50,
            "입주년차":80,
            "용적률점수":"--",
            "건폐율점수":"--",
            "세대당주차수":30,
            "난방방식":100,
            "공급면적":"--",
            "전용률":"--",
            "욕실수":100,
            "현관타입":100,
            "주거총점":68.0,
            "지역구공급총점":100.0,
            "역세권":"NA",
            "30분내 이동가능 거점":"NA",
            "1시간내 이동가능 거점":"NA",
            "교통총점":"NA",
            "백화점":0,
            "아울렛몰":0,
            "대형마트":0,
            "은행":0,
            "병원":80,
            "종합병원":0,
            "공원":100,
            "혐오시설":0,
            "인프라총점":11.0,
            "초등학군":86.5,
            "중학군":45.24,
            "학군총점":53.492,
            "인구수":14.25,
            "인구증감":46.74,
            "인구총점":23.997,
            "일자리":17.4,
            "소득수준":64.92,
            "일자리총점":31.656,
            "가치 총점":41.573,
            "매매실거래년":20211218.0,
            "매매실거래가":65000.0,
            "전세실거래년":20211211.0,
            "전세실거래가":33000.0,
            "전세가율":60.05,
            "장기전세가율평균":61.54,
            "전세가율거품지수":1.49,
            "검색코드":107717,
            "세대수":642,
            "준공년월":"2016-02-03",
            "준공년차":7,
            "가까운역이름":"NA",
            "가까운역거리":"NA",
            "역세권여부":"NA",
            "30분이내주요거점역":"NA",
            "1시간이내주요거점역":"NA",
            "3km이내백화점수":0,
            "5km이내아울렛몰수":0,
            "1km이내대형먀트수":0,
            "500m이내은행수":1,
            "500m이내병원수":31,
            "5km이내대형병원수":0,
            "500m이내공원수":3,
            "3km이내혐오시설수":0,
            "초등학교학업성취도":86.5,
            "중학교학업성취도":75.4,
            "용적률":194,
            "건폐율":15,
            "Y":35.097237,
            "X":128.918687,
            "rank":23.0,
            "area_info":"27평(89.68), 30평(99.84), 30평(99.5), 34평(113.5)",
            "last_sales":"2021-12-18,65000.0,34평(113.5)"
        },
        {
            "index":206,
            "아파트명":"지사금강펜테리움",
            "투자타입":"일반",
            "전용면적(m2)":"87.07",
            "전용면적(평)":"26평",
            "법정동주소":"부산시 강서구 지사동 1184-1",
            "도로명주소":"부산시 강서구 과학산단2로20번길 69",
            "세대수":90,
            "입주년차":60,
            "용적률점수":"--",
            "건폐율점수":"--",
            "세대당주차수":30,
            "난방방식":30,
            "공급면적":"--",
            "전용률":"--",
            "욕실수":100,
            "현관타입":100,
            "주거총점":71.0,
            "지역구공급총점":100.0,
            "역세권":"NA",
            "30분내 이동가능 거점":"NA",
            "1시간내 이동가능 거점":"NA",
            "교통총점":"NA",
            "백화점":0,
            "아울렛몰":80,
            "대형마트":0,
            "은행":0,
            "병원":10,
            "종합병원":0,
            "공원":100,
            "혐오시설":0,
            "인프라총점":12.0,
            "초등학군":89.02,
            "중학군":37.14,
            "학군총점":47.516,
            "인구수":14.25,
            "인구증감":46.74,
            "인구총점":23.997,
            "일자리":17.4,
            "소득수준":64.92,
            "일자리총점":31.656,
            "가치 총점":41.529,
            "매매실거래년":20220108.0,
            "매매실거래가":18500.0,
            "전세실거래년":20220105.0,
            "전세실거래가":16000.0,
            "전세가율":86.49,
            "장기전세가율평균":61.54,
            "전세가율거품지수":-24.95,
            "검색코드":104076,
            "세대수":1111,
            "준공년월":"2013-11-19",
            "준공년차":10,
            "가까운역이름":"NA",
            "가까운역거리":"NA",
            "역세권여부":"NA",
            "30분이내주요거점역":"NA",
            "1시간이내주요거점역":"NA",
            "3km이내백화점수":0,
            "5km이내아울렛몰수":1,
            "1km이내대형먀트수":0,
            "500m이내은행수":0,
            "500m이내병원수":3,
            "5km이내대형병원수":0,
            "500m이내공원수":2,
            "3km이내혐오시설수":0,
            "초등학교학업성취도":89.02,
            "중학교학업성취도":61.9,
            "용적률":219,
            "건폐율":19,
            "Y":35.151849,
            "X":128.838347,
            "rank":24.0,
            "area_info":"26평(87.07), 26평(87.51), 26평(87.18), 26평(87.27), 26평(87.67), 26평(88.56), 26평(88.14)",
            "last_sales":"2022-01-08,18500.0,26평(87.07)"
        },
        {
            "index":186,
            "아파트명":"영어도시퀸덤1차에디슨타운",
            "투자타입":"일반",
            "전용면적(m2)":"109.99",
            "전용면적(평)":"33평",
            "법정동주소":"부산시 강서구 명지동 3230-11",
            "도로명주소":"부산시 강서구 명지오션시티10로 17",
            "세대수":50,
            "입주년차":60,
            "용적률점수":"--",
            "건폐율점수":"--",
            "세대당주차수":60,
            "난방방식":100,
            "공급면적":"--",
            "전용률":"--",
            "욕실수":100,
            "현관타입":100,
            "주거총점":68.5,
            "지역구공급총점":100.0,
            "역세권":"NA",
            "30분내 이동가능 거점":"NA",
            "1시간내 이동가능 거점":"NA",
            "교통총점":"NA",
            "백화점":0,
            "아울렛몰":0,
            "대형마트":0,
            "은행":20,
            "병원":10,
            "종합병원":0,
            "공원":100,
            "혐오시설":-50,
            "인프라총점":5.0,
            "초등학군":88.76,
            "중학군":55.24,
            "학군총점":61.944,
            "인구수":14.25,
            "인구증감":46.74,
            "인구총점":23.997,
            "일자리":17.4,
            "소득수준":64.92,
            "일자리총점":31.656,
            "가치 총점":41.461,
            "매매실거래년":20211124.0,
            "매매실거래가":61000.0,
            "전세실거래년":20210928.0,
            "전세실거래가":30000.0,
            "전세가율":75.95,
            "장기전세가율평균":61.54,
            "전세가율거품지수":-14.41,
            "검색코드":24757,
            "세대수":652,
            "준공년월":"2009-05-01",
            "준공년차":14,
            "가까운역이름":"NA",
            "가까운역거리":"NA",
            "역세권여부":"NA",
            "30분이내주요거점역":"NA",
            "1시간이내주요거점역":"NA",
            "3km이내백화점수":0,
            "5km이내아울렛몰수":0,
            "1km이내대형먀트수":0,
            "500m이내은행수":2,
            "500m이내병원수":2,
            "5km이내대형병원수":0,
            "500m이내공원수":5,
            "3km이내혐오시설수":1,
            "초등학교학업성취도":88.76,
            "중학교학업성취도":89.0,
            "용적률":212,
            "건폐율":23,
            "Y":35.087503,
            "X":128.898026,
            "rank":25.0,
            "area_info":"33평(109.99), 33평(109.24), 34평(114.35), 34평(115.39), 39평(132.2), 39평(132.08), 46평(155.05), 55평(182.42), 87평(290.39)",
            "last_sales":"2021-11-24,61000.0,46평(155.05)"
        },
        {
            "index":77,
            "아파트명":"명지오션시티삼정그린코아",
            "투자타입":"일반",
            "전용면적(m2)":"95.09",
            "전용면적(평)":"28평",
            "법정동주소":"부산시 강서구 명지동 3246",
            "도로명주소":"부산시 강서구 명지오션시티10로 114",
            "세대수":50,
            "입주년차":80,
            "용적률점수":"--",
            "건폐율점수":"--",
            "세대당주차수":30,
            "난방방식":30,
            "공급면적":"--",
            "전용률":"--",
            "욕실수":100,
            "현관타입":100,
            "주거총점":61.0,
            "지역구공급총점":100.0,
            "역세권":"NA",
            "30분내 이동가능 거점":"NA",
            "1시간내 이동가능 거점":"NA",
            "교통총점":"NA",
            "백화점":0,
            "아울렛몰":0,
            "대형마트":0,
            "은행":70,
            "병원":10,
            "종합병원":0,
            "공원":100,
            "혐오시설":0,
            "인프라총점":11.0,
            "초등학군":88.49,
            "중학군":55.24,
            "학군총점":61.89,
            "인구수":14.25,
            "인구증감":46.74,
            "인구총점":23.997,
            "일자리":17.4,
            "소득수준":64.92,
            "일자리총점":31.656,
            "가치 총점":41.2225,
            "매매실거래년":20211203.0,
            "매매실거래가":41000.0,
            "전세실거래년":20211205.0,
            "전세실거래가":19950.0,
            "전세가율":48.66,
            "장기전세가율평균":61.54,
            "전세가율거품지수":12.88,
            "검색코드":104870,
            "세대수":610,
            "준공년월":"2014-07-01",
            "준공년차":9,
            "가까운역이름":"NA",
            "가까운역거리":"NA",
            "역세권여부":"NA",
            "30분이내주요거점역":"NA",
            "1시간이내주요거점역":"NA",
            "3km이내백화점수":0,
            "5km이내아울렛몰수":0,
            "1km이내대형먀트수":0,
            "500m이내은행수":3,
            "500m이내병원수":4,
            "5km이내대형병원수":0,
            "500m이내공원수":4,
            "3km이내혐오시설수":0,
            "초등학교학업성취도":88.49,
            "중학교학업성취도":89.0,
            "용적률":198,
            "건폐율":29,
            "Y":35.085694,
            "X":128.908567,
            "rank":26.0,
            "area_info":"28평(95.09), 28평(95.08), 31평(105.56), 34평(113.28), 34평(113.45), 39평(131.0)",
            "last_sales":"2021-12-03,41000.0,28평(95.09)"
        },
        {
            "index":196,
            "아파트명":"부산신호사랑으로부영2차",
            "투자타입":"일반",
            "전용면적(m2)":"176.43",
            "전용면적(평)":"53평",
            "법정동주소":"부산시 강서구 신호동 298-1",
            "도로명주소":"부산시 강서구 신호산단4로 27",
            "세대수":90,
            "입주년차":80,
            "용적률점수":"--",
            "건폐율점수":"--",
            "세대당주차수":30,
            "난방방식":30,
            "공급면적":"--",
            "전용률":"--",
            "욕실수":100,
            "현관타입":100,
            "주거총점":75.0,
            "지역구공급총점":100.0,
            "역세권":"NA",
            "30분내 이동가능 거점":"NA",
            "1시간내 이동가능 거점":"NA",
            "교통총점":"NA",
            "백화점":0,
            "아울렛몰":0,
            "대형마트":0,
            "은행":0,
            "병원":30,
            "종합병원":0,
            "공원":0,
            "혐오시설":0,
            "인프라총점":3.0,
            "초등학군":82.92,
            "중학군":46.44,
            "학군총점":53.736,
            "인구수":14.25,
            "인구증감":46.74,
            "인구총점":23.997,
            "일자리":17.4,
            "소득수준":64.92,
            "일자리총점":31.656,
            "가치 총점":40.884,
            "매매실거래년":20210727.0,
            "매매실거래가":37500.0,
            "전세실거래년":20210821.0,
            "전세실거래가":26000.0,
            "전세가율":69.33,
            "장기전세가율평균":61.54,
            "전세가율거품지수":-7.79,
            "검색코드":108393,
            "세대수":1388,
            "준공년월":"2014-06-26",
            "준공년차":9,
            "가까운역이름":"NA",
            "가까운역거리":"NA",
            "역세권여부":"NA",
            "30분이내주요거점역":"NA",
            "1시간이내주요거점역":"NA",
            "3km이내백화점수":0,
            "5km이내아울렛몰수":0,
            "1km이내대형먀트수":0,
            "500m이내은행수":0,
            "500m이내병원수":6,
            "5km이내대형병원수":0,
            "500m이내공원수":0,
            "3km이내혐오시설수":0,
            "초등학교학업성취도":82.92,
            "중학교학업성취도":77.4,
            "용적률":233,
            "건폐율":18,
            "Y":35.086549,
            "X":128.874416,
            "rank":27.0,
            "area_info":"53평(176.43)",
            "last_sales":"2021-07-27,37500.0,53평(176.43)"
        },
        {
            "index":57,
            "아파트명":"명지대방노블랜드오션뷰2차",
            "투자타입":"일반",
            "전용면적(m2)":"112.64",
            "전용면적(평)":"34평",
            "법정동주소":"부산시 강서구 명지동 3417",
            "도로명주소":"부산시 강서구 명지국제5로 11",
            "세대수":50,
            "입주년차":80,
            "용적률점수":"--",
            "건폐율점수":"--",
            "세대당주차수":30,
            "난방방식":100,
            "공급면적":"--",
            "전용률":"--",
            "욕실수":100,
            "현관타입":100,
            "주거총점":68.0,
            "지역구공급총점":100.0,
            "역세권":"NA",
            "30분내 이동가능 거점":"NA",
            "1시간내 이동가능 거점":"NA",
            "교통총점":"NA",
            "백화점":0,
            "아울렛몰":0,
            "대형마트":0,
            "은행":0,
            "병원":60,
            "종합병원":0,
            "공원":100,
            "혐오시설":0,
            "인프라총점":9.0,
            "초등학군":86.3,
            "중학군":45.24,
            "학군총점":53.452,
            "인구수":14.25,
            "인구증감":46.74,
            "인구총점":23.997,
            "일자리":17.4,
            "소득수준":64.92,
            "일자리총점":31.656,
            "가치 총점":40.763,
            "매매실거래년":20211206.0,
            "매매실거래가":62500.0,
            "전세실거래년":20211116.0,
            "전세실거래가":28350.0,
            "전세가율":45.36,
            "장기전세가율평균":61.54,
            "전세가율거품지수":16.18,
            "검색코드":107738,
            "세대수":600,
            "준공년월":"2016-04-29",
            "준공년차":7,
            "가까운역이름":"NA",
            "가까운역거리":"NA",
            "역세권여부":"NA",
            "30분이내주요거점역":"NA",
            "1시간이내주요거점역":"NA",
            "3km이내백화점수":0,
            "5km이내아울렛몰수":0,
            "1km이내대형먀트수":0,
            "500m이내은행수":0,
            "500m이내병원수":29,
            "5km이내대형병원수":0,
            "500m이내공원수":4,
            "3km이내혐오시설수":0,
            "초등학교학업성취도":86.3,
            "중학교학업성취도":75.4,
            "용적률":179,
            "건폐율":14,
            "Y":35.094973,
            "X":128.918434,
            "rank":28.0,
            "area_info":"34평(112.64), 34평(113.21)",
            "last_sales":"2021-12-06,62500.0,34평(112.64)"
        },
        {
            "index":46,
            "아파트명":"명지국제신도시호반베르디움2차",
            "투자타입":"일반",
            "전용면적(m2)":"93.5",
            "전용면적(평)":"28평",
            "법정동주소":"부산시 강서구 명지동 3344",
            "도로명주소":"부산시 강서구 명지국제5로 89",
            "세대수":50,
            "입주년차":80,
            "용적률점수":"--",
            "건폐율점수":"--",
            "세대당주차수":30,
            "난방방식":100,
            "공급면적":"--",
            "전용률":"--",
            "욕실수":100,
            "현관타입":100,
            "주거총점":68.0,
            "지역구공급총점":100.0,
            "역세권":"NA",
            "30분내 이동가능 거점":"NA",
            "1시간내 이동가능 거점":"NA",
            "교통총점":"NA",
            "백화점":0,
            "아울렛몰":0,
            "대형마트":0,
            "은행":0,
            "병원":60,
            "종합병원":0,
            "공원":80,
            "혐오시설":0,
            "인프라총점":8.4,
            "초등학군":86.5,
            "중학군":45.24,
            "학군총점":53.492,
            "인구수":14.25,
            "인구증감":46.74,
            "인구총점":23.997,
            "일자리":17.4,
            "소득수준":64.92,
            "일자리총점":31.656,
            "가치 총점":40.533,
            "매매실거래년":20211109.0,
            "매매실거래가":58800.0,
            "전세실거래년":20210918.0,
            "전세실거래가":34000.0,
            "전세가율":68.0,
            "장기전세가율평균":61.54,
            "전세가율거품지수":-6.46,
            "검색코드":109074,
            "세대수":694,
            "준공년월":"2017-01-25",
            "준공년차":6,
            "가까운역이름":"NA",
            "가까운역거리":"NA",
            "역세권여부":"NA",
            "30분이내주요거점역":"NA",
            "1시간이내주요거점역":"NA",
            "3km이내백화점수":0,
            "5km이내아울렛몰수":0,
            "1km이내대형먀트수":0,
            "500m이내은행수":1,
            "500m이내병원수":16,
            "5km이내대형병원수":0,
            "500m이내공원수":1,
            "3km이내혐오시설수":0,
            "초등학교학업성취도":86.5,
            "중학교학업성취도":75.4,
            "용적률":219,
            "건폐율":12,
            "Y":35.102407,
            "X":128.919424,
            "rank":29.0,
            "area_info":"28평(93.5), 28평(93.34), 28평(94.39), 33평(111.28)",
            "last_sales":"2021-11-09,58800.0,33평(111.28)"
        },
        {
            "index":0,
            "아파트명":"e편한세상명지",
            "투자타입":"일반",
            "전용면적(m2)":"113.9",
            "전용면적(평)":"34평",
            "법정동주소":"부산시 강서구 명지동 3599-1",
            "도로명주소":"부산시 강서구 명지국제2로 80",
            "세대수":30,
            "입주년차":100,
            "용적률점수":"--",
            "건폐율점수":"--",
            "세대당주차수":80,
            "난방방식":100,
            "공급면적":"--",
            "전용률":"--",
            "욕실수":100,
            "현관타입":100,
            "주거총점":72.5,
            "지역구공급총점":100.0,
            "역세권":"NA",
            "30분내 이동가능 거점":"NA",
            "1시간내 이동가능 거점":"NA",
            "교통총점":"NA",
            "백화점":0,
            "아울렛몰":0,
            "대형마트":0,
            "은행":0,
            "병원":0,
            "종합병원":0,
            "공원":100,
            "혐오시설":0,
            "인프라총점":3.0,
            "초등학군":93.1,
            "중학군":45.24,
            "학군총점":54.812,
            "인구수":14.25,
            "인구증감":46.74,
            "인구총점":23.997,
            "일자리":17.4,
            "소득수준":64.92,
            "일자리총점":31.656,
            "가치 총점":40.278,
            "매매실거래년":20210912.0,
            "매매실거래가":89000.0,
            "전세실거래년":null,
            "전세실거래가":null,
            "전세가율":null,
            "장기전세가율평균":61.54,
            "전세가율거품지수":null,
            "검색코드":113505,
            "세대수":377,
            "준공년월":"2019-02-25",
            "준공년차":4,
            "가까운역이름":"NA",
            "가까운역거리":"NA",
            "역세권여부":"NA",
            "30분이내주요거점역":"NA",
            "1시간이내주요거점역":"NA",
            "3km이내백화점수":0,
            "5km이내아울렛몰수":0,
            "1km이내대형먀트수":0,
            "500m이내은행수":0,
            "500m이내병원수":1,
            "5km이내대형병원수":0,
            "500m이내공원수":3,
            "3km이내혐오시설수":0,
            "초등학교학업성취도":93.1,
            "중학교학업성취도":75.4,
            "용적률":415,
            "건폐율":59,
            "Y":35.098585,
            "X":128.909304,
            "rank":30.0,
            "area_info":"34평(113.9), 34평(114.21), 35평(116.29), 38평(128.38), 38평(128.63), 39평(130.17)",
            "last_sales":"2021-09-12,89000.0,39평(130.17)"
        },
        {
            "index":106,
            "아파트명":"부산명지중흥S-클래스더테라스(도시형)",
            "투자타입":"일반",
            "전용면적(m2)":"110.94",
            "전용면적(평)":"33평",
            "법정동주소":"부산시 강서구 명지동 3478-4",
            "도로명주소":"부산시 강서구 명지국제13로38번길 11",
            "세대수":0,
            "입주년차":100,
            "용적률점수":"--",
            "건폐율점수":"--",
            "세대당주차수":60,
            "난방방식":100,
            "공급면적":"--",
            "전용률":"--",
            "욕실수":100,
            "현관타입":100,
            "주거총점":59.0,
            "지역구공급총점":100.0,
            "역세권":"NA",
            "30분내 이동가능 거점":"NA",
            "1시간내 이동가능 거점":"NA",
            "교통총점":"NA",
            "백화점":0,
            "아울렛몰":0,
            "대형마트":80,
            "은행":0,
            "병원":0,
            "종합병원":0,
            "공원":100,
            "혐오시설":0,
            "인프라총점":15.0,
            "초등학군":88.26,
            "중학군":45.24,
            "학군총점":53.844,
            "인구수":14.25,
            "인구증감":46.74,
            "인구총점":23.997,
            "일자리":17.4,
            "소득수준":64.92,
            "일자리총점":31.656,
            "가치 총점":40.111,
            "매매실거래년":"18000101",
            "매매실거래가":null,
            "전세실거래년":null,
            "전세실거래가":null,
            "전세가율":null,
            "장기전세가율평균":61.54,
            "전세가율거품지수":null,
            "검색코드":116374,
            "세대수":222,
            "준공년월":"2019-01-25",
            "준공년차":4,
            "가까운역이름":"NA",
            "가까운역거리":"NA",
            "역세권여부":"NA",
            "30분이내주요거점역":"NA",
            "1시간이내주요거점역":"NA",
            "3km이내백화점수":0,
            "5km이내아울렛몰수":0,
            "1km이내대형먀트수":1,
            "500m이내은행수":0,
            "500m이내병원수":0,
            "5km이내대형병원수":0,
            "500m이내공원수":5,
            "3km이내혐오시설수":0,
            "초등학교학업성취도":88.26,
            "중학교학업성취도":75.4,
            "용적률":93,
            "건폐율":39,
            "Y":35.109239,
            "X":128.923987,
            "rank":31.0,
            "area_info":"33평(110.94), 33평(111.48), 33평(111.46), 33평(112.15), 33평(112.29), 33평(112.34), 34평(113.67), 34평(113.67)",
            "last_sales":"1800-01-01,nan,33평(110.94)"
        },
        {
            "index":195,
            "아파트명":"부산신호사랑으로부영1차",
            "투자타입":"일반",
            "전용면적(m2)":"176.38",
            "전용면적(평)":"53평",
            "법정동주소":"부산시 강서구 신호동 296-1",
            "도로명주소":"부산시 강서구 신호산단3로 27",
            "세대수":90,
            "입주년차":60,
            "용적률점수":"--",
            "건폐율점수":"--",
            "세대당주차수":30,
            "난방방식":30,
            "공급면적":"--",
            "전용률":"--",
            "욕실수":100,
            "현관타입":100,
            "주거총점":71.0,
            "지역구공급총점":100.0,
            "역세권":"NA",
            "30분내 이동가능 거점":"NA",
            "1시간내 이동가능 거점":"NA",
            "교통총점":"NA",
            "백화점":0,
            "아울렛몰":0,
            "대형마트":0,
            "은행":0,
            "병원":30,
            "종합병원":0,
            "공원":0,
            "혐오시설":0,
            "인프라총점":3.0,
            "초등학군":82.92,
            "중학군":46.44,
            "학군총점":53.736,
            "인구수":14.25,
            "인구증감":46.74,
            "인구총점":23.997,
            "일자리":17.4,
            "소득수준":64.92,
            "일자리총점":31.656,
            "가치 총점":39.484,
            "매매실거래년":"18000101",
            "매매실거래가":null,
            "전세실거래년":20210713.0,
            "전세실거래가":25000.0,
            "전세가율":null,
            "장기전세가율평균":61.54,
            "전세가율거품지수":null,
            "검색코드":107340,
            "세대수":1064,
            "준공년월":"2013-12-31",
            "준공년차":10,
            "가까운역이름":"NA",
            "가까운역거리":"NA",
            "역세권여부":"NA",
            "30분이내주요거점역":"NA",
            "1시간이내주요거점역":"NA",
            "3km이내백화점수":0,
            "5km이내아울렛몰수":0,
            "1km이내대형먀트수":0,
            "500m이내은행수":0,
            "500m이내병원수":6,
            "5km이내대형병원수":0,
            "500m이내공원수":0,
            "3km이내혐오시설수":0,
            "초등학교학업성취도":82.92,
            "중학교학업성취도":77.4,
            "용적률":233,
            "건폐율":17,
            "Y":35.088175,
            "X":128.875212,
            "rank":32.0,
            "area_info":"53평(176.38)",
            "last_sales":"1800-01-01,nan,53평(176.38)"
        },
        {
            "index":83,
            "아파트명":"명지오션시티엘크루솔마레",
            "투자타입":"일반",
            "전용면적(m2)":"99.11",
            "전용면적(평)":"29평",
            "법정동주소":"부산시 강서구 명지동 3235",
            "도로명주소":"부산시 강서구 명지오션시티12로 10",
            "세대수":50,
            "입주년차":80,
            "용적률점수":"--",
            "건폐율점수":"--",
            "세대당주차수":30,
            "난방방식":30,
            "공급면적":"--",
            "전용률":"--",
            "욕실수":100,
            "현관타입":100,
            "주거총점":61.0,
            "지역구공급총점":100.0,
            "역세권":"NA",
            "30분내 이동가능 거점":"NA",
            "1시간내 이동가능 거점":"NA",
            "교통총점":"NA",
            "백화점":0,
            "아울렛몰":0,
            "대형마트":0,
            "은행":0,
            "병원":0,
            "종합병원":0,
            "공원":100,
            "혐오시설":0,
            "인프라총점":3.0,
            "초등학군":90.0,
            "중학군":55.24,
            "학군총점":62.192,
            "인구수":14.25,
            "인구증감":46.74,
            "인구총점":23.997,
            "일자리":17.4,
            "소득수준":64.92,
            "일자리총점":31.656,
            "가치 총점":38.098,
            "매매실거래년":20211222.0,
            "매매실거래가":42800.0,
            "전세실거래년":20210309.0,
            "전세실거래가":28000.0,
            "전세가율":75.68,
            "장기전세가율평균":61.54,
            "전세가율거품지수":-14.14,
            "검색코드":100118,
            "세대수":480,
            "준공년월":"2014-11-01",
            "준공년차":9,
            "가까운역이름":"NA",
            "가까운역거리":"NA",
            "역세권여부":"NA",
            "30분이내주요거점역":"NA",
            "1시간이내주요거점역":"NA",
            "3km이내백화점수":0,
            "5km이내아울렛몰수":0,
            "1km이내대형먀트수":0,
            "500m이내은행수":0,
            "500m이내병원수":0,
            "5km이내대형병원수":0,
            "500m이내공원수":5,
            "3km이내혐오시설수":0,
            "초등학교학업성취도":90.0,
            "중학교학업성취도":89.0,
            "용적률":150,
            "건폐율":30,
            "Y":35.080946,
            "X":128.897318,
            "rank":33.0,
            "area_info":"29평(99.11), 32평(106.67), 33평(111.28), 33평(111.79), 33평(112.2), 36평(119.14), 36평(119.66), 36평(121.05), 39평(130.67), 42평(139.28)",
            "last_sales":"2021-12-22,42800.0,33평(111.28)"
        },
        {
            "index":152,
            "아파트명":"엘크루블루오션6단지",
            "투자타입":"일반",
            "전용면적(m2)":"152.13",
            "전용면적(평)":"46평",
            "법정동주소":"부산시 강서구 명지동 3243",
            "도로명주소":"부산시 강서구 명지오션시티6로 33",
            "세대수":0,
            "입주년차":60,
            "용적률점수":"--",
            "건폐율점수":"--",
            "세대당주차수":100,
            "난방방식":100,
            "공급면적":"--",
            "전용률":"--",
            "욕실수":100,
            "현관타입":100,
            "주거총점":57.0,
            "지역구공급총점":100.0,
            "역세권":"NA",
            "30분내 이동가능 거점":"NA",
            "1시간내 이동가능 거점":"NA",
            "교통총점":"NA",
            "백화점":0,
            "아울렛몰":0,
            "대형마트":0,
            "은행":0,
            "병원":10,
            "종합병원":0,
            "공원":100,
            "혐오시설":0,
            "인프라총점":4.0,
            "초등학군":88.49,
            "중학군":55.24,
            "학군총점":61.89,
            "인구수":14.25,
            "인구증감":46.74,
            "인구총점":23.997,
            "일자리":17.4,
            "소득수준":64.92,
            "일자리총점":31.656,
            "가치 총점":37.0225,
            "매매실거래년":"18000101",
            "매매실거래가":null,
            "전세실거래년":null,
            "전세실거래가":null,
            "전세가율":null,
            "장기전세가율평균":61.54,
            "전세가율거품지수":null,
            "검색코드":26080,
            "세대수":252,
            "준공년월":"2012-06-29",
            "준공년차":11,
            "가까운역이름":"NA",
            "가까운역거리":"NA",
            "역세권여부":"NA",
            "30분이내주요거점역":"NA",
            "1시간이내주요거점역":"NA",
            "3km이내백화점수":0,
            "5km이내아울렛몰수":0,
            "1km이내대형먀트수":0,
            "500m이내은행수":1,
            "500m이내병원수":2,
            "5km이내대형병원수":0,
            "500m이내공원수":5,
            "3km이내혐오시설수":0,
            "초등학교학업성취도":88.49,
            "중학교학업성취도":89.0,
            "용적률":126,
            "건폐율":22,
            "Y":35.08147,
            "X":128.909233,
            "rank":34.0,
            "area_info":"46평(152.13), 46평(155.33), 54평(180.12), 54평(180.87), 65평(216.62), 66평(219.09), 67평(223.82), 69평(228.98), 76평(251.25), 78평(260.1), 79평(261.53), 87평(287.91), 88평(292.31)",
            "last_sales":"1800-01-01,nan,46평(152.13)"
        },
        {
            "index":197,
            "아파트명":"부산신호윌더하임",
            "투자타입":"일반",
            "전용면적(m2)":"109.69",
            "전용면적(평)":"33평",
            "법정동주소":"부산시 강서구 신호동 205-1",
            "도로명주소":"부산시 강서구 신호산단3로 55",
            "세대수":50,
            "입주년차":40,
            "용적률점수":"--",
            "건폐율점수":"--",
            "세대당주차수":30,
            "난방방식":30,
            "공급면적":"--",
            "전용률":"--",
            "욕실수":100,
            "현관타입":100,
            "주거총점":53.0,
            "지역구공급총점":100.0,
            "역세권":"NA",
            "30분내 이동가능 거점":"NA",
            "1시간내 이동가능 거점":"NA",
            "교통총점":"NA",
            "백화점":0,
            "아울렛몰":0,
            "대형마트":0,
            "은행":0,
            "병원":30,
            "종합병원":0,
            "공원":80,
            "혐오시설":0,
            "인프라총점":5.4,
            "초등학군":87.2,
            "중학군":46.44,
            "학군총점":54.592,
            "인구수":14.25,
            "인구증감":46.74,
            "인구총점":23.997,
            "일자리":17.4,
            "소득수준":64.92,
            "일자리총점":31.656,
            "가치 총점":34.358,
            "매매실거래년":20211221.0,
            "매매실거래가":31150.0,
            "전세실거래년":20211231.0,
            "전세실거래가":20000.0,
            "전세가율":85.11,
            "장기전세가율평균":61.54,
            "전세가율거품지수":-23.57,
            "검색코드":17615,
            "세대수":671,
            "준공년월":"2005-11-07",
            "준공년차":18,
            "가까운역이름":"NA",
            "가까운역거리":"NA",
            "역세권여부":"NA",
            "30분이내주요거점역":"NA",
            "1시간이내주요거점역":"NA",
            "3km이내백화점수":0,
            "5km이내아울렛몰수":0,
            "1km이내대형먀트수":0,
            "500m이내은행수":0,
            "500m이내병원수":6,
            "5km이내대형병원수":0,
            "500m이내공원수":1,
            "3km이내혐오시설수":0,
            "초등학교학업성취도":87.2,
            "중학교학업성취도":77.4,
            "용적률":234,
            "건폐율":20,
            "Y":35.088462,
            "X":128.879108,
            "rank":35.0,
            "area_info":"33평(109.69), 37평(122.95), 45평(148.79)",
            "last_sales":"2021-12-21,31150.0,45평(148.79)"
        }
    ]
}