{
    "schema":{
        "fields":[
            {
                "name":"index",
                "type":"integer"
            },
            {
                "name":"아파트명",
                "type":"string"
            },
            {
                "name":"투자타입",
                "type":"string"
            },
            {
                "name":"전용면적(m2)",
                "type":"string"
            },
            {
                "name":"전용면적(평)",
                "type":"string"
            },
            {
                "name":"법정동주소",
                "type":"string"
            },
            {
                "name":"도로명주소",
                "type":"string"
            },
            {
                "name":"세대수",
                "type":"integer"
            },
            {
                "name":"입주년차",
                "type":"string"
            },
            {
                "name":"용적률점수",
                "type":"string"
            },
            {
                "name":"건폐율점수",
                "type":"string"
            },
            {
                "name":"세대당주차수",
                "type":"string"
            },
            {
                "name":"난방방식",
                "type":"string"
            },
            {
                "name":"공급면적",
                "type":"string"
            },
            {
                "name":"전용률",
                "type":"string"
            },
            {
                "name":"욕실수",
                "type":"string"
            },
            {
                "name":"현관타입",
                "type":"string"
            },
            {
                "name":"주거총점",
                "type":"number"
            },
            {
                "name":"지역구공급총점",
                "type":"number"
            },
            {
                "name":"역세권",
                "type":"string"
            },
            {
                "name":"30분내 이동가능 거점",
                "type":"string"
            },
            {
                "name":"1시간내 이동가능 거점",
                "type":"string"
            },
            {
                "name":"교통총점",
                "type":"string"
            },
            {
                "name":"백화점",
                "type":"integer"
            },
            {
                "name":"아울렛몰",
                "type":"integer"
            },
            {
                "name":"대형마트",
                "type":"integer"
            },
            {
                "name":"은행",
                "type":"integer"
            },
            {
                "name":"병원",
                "type":"integer"
            },
            {
                "name":"종합병원",
                "type":"integer"
            },
            {
                "name":"공원",
                "type":"integer"
            },
            {
                "name":"혐오시설",
                "type":"integer"
            },
            {
                "name":"인프라총점",
                "type":"number"
            },
            {
                "name":"초등학군",
                "type":"number"
            },
            {
                "name":"중학군",
                "type":"number"
            },
            {
                "name":"학군총점",
                "type":"number"
            },
            {
                "name":"인구수",
                "type":"number"
            },
            {
                "name":"인구증감",
                "type":"number"
            },
            {
                "name":"인구총점",
                "type":"number"
            },
            {
                "name":"일자리",
                "type":"number"
            },
            {
                "name":"소득수준",
                "type":"number"
            },
            {
                "name":"일자리총점",
                "type":"number"
            },
            {
                "name":"가치 총점",
                "type":"number"
            },
            {
                "name":"매매실거래년",
                "type":"string"
            },
            {
                "name":"매매실거래가",
                "type":"number"
            },
            {
                "name":"전세실거래년",
                "type":"number"
            },
            {
                "name":"전세실거래가",
                "type":"number"
            },
            {
                "name":"전세가율",
                "type":"number"
            },
            {
                "name":"장기전세가율평균",
                "type":"number"
            },
            {
                "name":"전세가율거품지수",
                "type":"number"
            },
            {
                "name":"검색코드",
                "type":"integer"
            },
            {
                "name":"세대수",
                "type":"integer"
            },
            {
                "name":"준공년월",
                "type":"string"
            },
            {
                "name":"준공년차",
                "type":"integer"
            },
            {
                "name":"가까운역이름",
                "type":"string"
            },
            {
                "name":"가까운역거리",
                "type":"string"
            },
            {
                "name":"역세권여부",
                "type":"string"
            },
            {
                "name":"30분이내주요거점역",
                "type":"string"
            },
            {
                "name":"1시간이내주요거점역",
                "type":"string"
            },
            {
                "name":"3km이내백화점수",
                "type":"integer"
            },
            {
                "name":"5km이내아울렛몰수",
                "type":"integer"
            },
            {
                "name":"1km이내대형먀트수",
                "type":"integer"
            },
            {
                "name":"500m이내은행수",
                "type":"integer"
            },
            {
                "name":"500m이내병원수",
                "type":"integer"
            },
            {
                "name":"5km이내대형병원수",
                "type":"integer"
            },
            {
                "name":"500m이내공원수",
                "type":"integer"
            },
            {
                "name":"3km이내혐오시설수",
                "type":"integer"
            },
            {
                "name":"초등학교학업성취도",
                "type":"number"
            },
            {
                "name":"중학교학업성취도",
                "type":"number"
            },
            {
                "name":"용적률",
                "type":"integer"
            },
            {
                "name":"건폐율",
                "type":"integer"
            },
            {
                "name":"Y",
                "type":"number"
            },
            {
                "name":"X",
                "type":"number"
            },
            {
                "name":"rank",
                "type":"number"
            },
            {
                "name":"area_info",
                "type":"string"
            },
            {
                "name":"last_sales",
                "type":"string"
            }
        ],
        "primaryKey":[
            "index"
        ],
        "pandas_version":"1.4.0"
    },
    "data":[
        {
            "index":448,
            "아파트명":"연산자이",
            "투자타입":"일반",
            "전용면적(m2)":"106.55",
            "전용면적(평)":"32평",
            "법정동주소":"부산시 연제구 연산동 2262",
            "도로명주소":"부산시 연제구 과정로343번길 43",
            "세대수":100,
            "입주년차":60,
            "용적률점수":"--",
            "건폐율점수":"--",
            "세대당주차수":60,
            "난방방식":30,
            "공급면적":"--",
            "전용률":"--",
            "욕실수":100,
            "현관타입":100,
            "주거총점":79.0,
            "지역구공급총점":0.0,
            "역세권":"NA",
            "30분내 이동가능 거점":"NA",
            "1시간내 이동가능 거점":"NA",
            "교통총점":"NA",
            "백화점":100,
            "아울렛몰":80,
            "대형마트":80,
            "은행":70,
            "병원":60,
            "종합병원":100,
            "공원":100,
            "혐오시설":0,
            "인프라총점":86.0,
            "초등학군":85.71,
            "중학군":46.7,
            "학군총점":54.502,
            "인구수":22.87,
            "인구증감":-12.97,
            "인구총점":12.118,
            "일자리":11.5,
            "소득수준":68.3,
            "일자리총점":28.54,
            "가치 총점":75.6755,
            "매매실거래년":20220103.0,
            "매매실거래가":71000.0,
            "전세실거래년":20211127.0,
            "전세실거래가":29000.0,
            "전세가율":41.43,
            "장기전세가율평균":69.9,
            "전세가율거품지수":28.47,
            "검색코드":26286,
            "세대수":1598,
            "준공년월":"2010-07-28",
            "준공년차":13,
            "가까운역이름":"NA",
            "가까운역거리":"NA",
            "역세권여부":"NA",
            "30분이내주요거점역":"NA",
            "1시간이내주요거점역":"NA",
            "3km이내백화점수":1,
            "5km이내아울렛몰수":1,
            "1km이내대형먀트수":1,
            "500m이내은행수":3,
            "500m이내병원수":20,
            "5km이내대형병원수":8,
            "500m이내공원수":3,
            "3km이내혐오시설수":0,
            "초등학교학업성취도":85.71,
            "중학교학업성취도":75.7,
            "용적률":282,
            "건폐율":15,
            "Y":35.188867,
            "X":129.089061,
            "rank":1.0,
            "area_info":"32평(106.55), 32평(106.73), 32평(106.99), 46평(152.08), 46평(153.39), 50평(166.28), 60평(201.51), 61평(203.85), 69평(230.41), 91평(302.61)",
            "last_sales":"2022-01-03,71000.0,32평(106.73)"
        },
        {
            "index":179,
            "아파트명":"e편한세상연산더퍼스트",
            "투자타입":"일반",
            "전용면적(m2)":"86.6",
            "전용면적(평)":"26평",
            "법정동주소":"부산시 연제구 연산동 2380",
            "도로명주소":"부산시 연제구 반송로 40",
            "세대수":50,
            "입주년차":100,
            "용적률점수":"--",
            "건폐율점수":"--",
            "세대당주차수":30,
            "난방방식":30,
            "공급면적":"--",
            "전용률":"--",
            "욕실수":100,
            "현관타입":100,
            "주거총점":65.0,
            "지역구공급총점":0.0,
            "역세권":"NA",
            "30분내 이동가능 거점":"NA",
            "1시간내 이동가능 거점":"NA",
            "교통총점":"NA",
            "백화점":100,
            "아울렛몰":80,
            "대형마트":80,
            "은행":100,
            "병원":100,
            "종합병원":100,
            "공원":100,
            "혐오시설":0,
            "인프라총점":93.0,
            "초등학군":82.73,
            "중학군":46.7,
            "학군총점":53.906,
            "인구수":22.87,
            "인구증감":-12.97,
            "인구총점":12.118,
            "일자리":11.5,
            "소득수준":68.3,
            "일자리총점":28.54,
            "가치 총점":73.4265,
            "매매실거래년":20211224.0,
            "매매실거래가":45000.0,
            "전세실거래년":20211216.0,
            "전세실거래가":33000.0,
            "전세가율":73.33,
            "장기전세가율평균":69.9,
            "전세가율거품지수":-3.43,
            "검색코드":123890,
            "세대수":455,
            "준공년월":"2021-11-01",
            "준공년차":2,
            "가까운역이름":"NA",
            "가까운역거리":"NA",
            "역세권여부":"NA",
            "30분이내주요거점역":"NA",
            "1시간이내주요거점역":"NA",
            "3km이내백화점수":1,
            "5km이내아울렛몰수":1,
            "1km이내대형먀트수":1,
            "500m이내은행수":8,
            "500m이내병원수":107,
            "5km이내대형병원수":8,
            "500m이내공원수":3,
            "3km이내혐오시설수":0,
            "초등학교학업성취도":82.73,
            "중학교학업성취도":75.7,
            "용적률":787,
            "건폐율":38,
            "Y":35.188098,
            "X":129.085091,
            "rank":2.0,
            "area_info":"26평(86.6), 32평(108.61), 33평(109.94), 36평(119.26), 36평(120.19), 36평(121.27), 36평(121.06), 36평(121.73), 36평(121.03)",
            "last_sales":"2021-12-24,45000.0,26평(86.6)"
        },
        {
            "index":0,
            "아파트명":"거제1차현대홈타운",
            "투자타입":"일반",
            "전용면적(m2)":"78.45",
            "전용면적(평)":"23평",
            "법정동주소":"부산시 연제구 거제동 1481",
            "도로명주소":"부산시 연제구 법원북로 34",
            "세대수":90,
            "입주년차":20,
            "용적률점수":"--",
            "건폐율점수":"--",
            "세대당주차수":30,
            "난방방식":30,
            "공급면적":"--",
            "전용률":"--",
            "욕실수":100,
            "현관타입":100,
            "주거총점":63.0,
            "지역구공급총점":0.0,
            "역세권":"NA",
            "30분내 이동가능 거점":"NA",
            "1시간내 이동가능 거점":"NA",
            "교통총점":"NA",
            "백화점":100,
            "아울렛몰":80,
            "대형마트":80,
            "은행":100,
            "병원":60,
            "종합병원":100,
            "공원":100,
            "혐오시설":0,
            "인프라총점":89.0,
            "초등학군":94.67,
            "중학군":54.58,
            "학군총점":62.598,
            "인구수":22.87,
            "인구증감":-12.97,
            "인구총점":12.118,
            "일자리":11.5,
            "소득수준":68.3,
            "일자리총점":28.54,
            "가치 총점":73.2995,
            "매매실거래년":20211118.0,
            "매매실거래가":56500.0,
            "전세실거래년":20220107.0,
            "전세실거래가":17850.0,
            "전세가율":31.59,
            "장기전세가율평균":69.9,
            "전세가율거품지수":38.31,
            "검색코드":8747,
            "세대수":1127,
            "준공년월":"2001-07-28",
            "준공년차":22,
            "가까운역이름":"NA",
            "가까운역거리":"NA",
            "역세권여부":"NA",
            "30분이내주요거점역":"NA",
            "1시간이내주요거점역":"NA",
            "3km이내백화점수":1,
            "5km이내아울렛몰수":1,
            "1km이내대형먀트수":1,
            "500m이내은행수":6,
            "500m이내병원수":18,
            "5km이내대형병원수":6,
            "500m이내공원수":2,
            "3km이내혐오시설수":0,
            "초등학교학업성취도":94.67,
            "중학교학업성취도":88.5,
            "용적률":335,
            "건폐율":18,
            "Y":35.193233,
            "X":129.071316,
            "rank":3.0,
            "area_info":"23평(78.45), 23평(78.37), 26평(88.48), 32평(106.27), 32평(106.31), 32평(106.16), 32평(106.2), 46평(153.18), 55평(184.86), 64평(211.72)",
            "last_sales":"2021-11-18,56500.0,23평(78.45)"
        },
        {
            "index":12,
            "아파트명":"거제2차현대홈타운",
            "투자타입":"일반",
            "전용면적(m2)":"92.16",
            "전용면적(평)":"27평",
            "법정동주소":"부산시 연제구 거제동 1479",
            "도로명주소":"부산시 연제구 법원북로 16",
            "세대수":90,
            "입주년차":20,
            "용적률점수":"--",
            "건폐율점수":"--",
            "세대당주차수":30,
            "난방방식":30,
            "공급면적":"--",
            "전용률":"--",
            "욕실수":100,
            "현관타입":100,
            "주거총점":63.0,
            "지역구공급총점":0.0,
            "역세권":"NA",
            "30분내 이동가능 거점":"NA",
            "1시간내 이동가능 거점":"NA",
            "교통총점":"NA",
            "백화점":100,
            "아울렛몰":80,
            "대형마트":80,
            "은행":100,
            "병원":60,
            "종합병원":100,
            "공원":100,
            "혐오시설":0,
            "인프라총점":89.0,
            "초등학군":94.67,
            "중학군":54.58,
            "학군총점":62.598,
            "인구수":22.87,
            "인구증감":-12.97,
            "인구총점":12.118,
            "일자리":11.5,
            "소득수준":68.3,
            "일자리총점":28.54,
            "가치 총점":73.2995,
            "매매실거래년":20211019.0,
            "매매실거래가":61500.0,
            "전세실거래년":20211217.0,
            "전세실거래가":21000.0,
            "전세가율":34.15,
            "장기전세가율평균":69.9,
            "전세가율거품지수":35.75,
            "검색코드":8914,
            "세대수":1110,
            "준공년월":"2002-05-27",
            "준공년차":21,
            "가까운역이름":"NA",
            "가까운역거리":"NA",
            "역세권여부":"NA",
            "30분이내주요거점역":"NA",
            "1시간이내주요거점역":"NA",
            "3km이내백화점수":1,
            "5km이내아울렛몰수":1,
            "1km이내대형먀트수":1,
            "500m이내은행수":5,
            "500m이내병원수":18,
            "5km이내대형병원수":6,
            "500m이내공원수":2,
            "3km이내혐오시설수":0,
            "초등학교학업성취도":94.67,
            "중학교학업성취도":88.5,
            "용적률":343,
            "건폐율":17,
            "Y":35.192683,
            "X":129.068458,
            "rank":3.0,
            "area_info":"27평(92.16), 27평(92.16), 35평(118.97), 48평(161.54), 55평(184.83)",
            "last_sales":"2021-10-19,61500.0,27평(92.16)"
        },
        {
            "index":115,
            "아파트명":"아시아드푸르지오",
            "투자타입":"일반",
            "전용면적(m2)":"109.67",
            "전용면적(평)":"33평",
            "법정동주소":"부산시 연제구 거제동 1506",
            "도로명주소":"부산시 연제구 아시아드대로22번길 36",
            "세대수":50,
            "입주년차":60,
            "용적률점수":"--",
            "건폐율점수":"--",
            "세대당주차수":60,
            "난방방식":30,
            "공급면적":"--",
            "전용률":"--",
            "욕실수":100,
            "현관타입":100,
            "주거총점":61.5,
            "지역구공급총점":0.0,
            "역세권":"NA",
            "30분내 이동가능 거점":"NA",
            "1시간내 이동가능 거점":"NA",
            "교통총점":"NA",
            "백화점":100,
            "아울렛몰":80,
            "대형마트":80,
            "은행":100,
            "병원":60,
            "종합병원":100,
            "공원":80,
            "혐오시설":0,
            "인프라총점":88.4,
            "초등학군":85.28,
            "중학군":56.02,
            "학군총점":61.872,
            "인구수":22.87,
            "인구증감":-12.97,
            "인구총점":12.118,
            "일자리":11.5,
            "소득수준":68.3,
            "일자리총점":28.54,
            "가치 총점":72.353,
            "매매실거래년":20210814.0,
            "매매실거래가":74900.0,
            "전세실거래년":20211008.0,
            "전세실거래가":30450.0,
            "전세가율":40.65,
            "장기전세가율평균":69.9,
            "전세가율거품지수":29.25,
            "검색코드":101542,
            "세대수":478,
            "준공년월":"2010-12-27",
            "준공년차":13,
            "가까운역이름":"NA",
            "가까운역거리":"NA",
            "역세권여부":"NA",
            "30분이내주요거점역":"NA",
            "1시간이내주요거점역":"NA",
            "3km이내백화점수":1,
            "5km이내아울렛몰수":1,
            "1km이내대형먀트수":1,
            "500m이내은행수":5,
            "500m이내병원수":10,
            "5km이내대형병원수":8,
            "500m이내공원수":1,
            "3km이내혐오시설수":0,
            "초등학교학업성취도":85.28,
            "중학교학업성취도":91.5,
            "용적률":287,
            "건폐율":0,
            "Y":35.187766,
            "X":129.071029,
            "rank":4.0,
            "area_info":"33평(109.67), 35평(116.72), 35평(116.92), 49평(165.0), 53평(177.79)",
            "last_sales":"2021-08-14,74900.0,33평(109.67)"
        },
        {
            "index":111,
            "아파트명":"아시아드코오롱하늘채",
            "투자타입":"일반",
            "전용면적(m2)":"115.37",
            "전용면적(평)":"34평",
            "법정동주소":"부산시 연제구 거제동 1528",
            "도로명주소":"부산시 연제구 종합운동장로28번길 7",
            "세대수":50,
            "입주년차":100,
            "용적률점수":"--",
            "건폐율점수":"--",
            "세대당주차수":30,
            "난방방식":30,
            "공급면적":"--",
            "전용률":"--",
            "욕실수":100,
            "현관타입":100,
            "주거총점":65.0,
            "지역구공급총점":0.0,
            "역세권":"NA",
            "30분내 이동가능 거점":"NA",
            "1시간내 이동가능 거점":"NA",
            "교통총점":"NA",
            "백화점":100,
            "아울렛몰":80,
            "대형마트":100,
            "은행":70,
            "병원":60,
            "종합병원":100,
            "공원":0,
            "혐오시설":0,
            "인프라총점":86.0,
            "초등학군":85.28,
            "중학군":54.58,
            "학군총점":60.72,
            "인구수":22.87,
            "인구증감":-12.97,
            "인구총점":12.118,
            "일자리":11.5,
            "소득수준":68.3,
            "일자리총점":28.54,
            "가치 총점":72.33,
            "매매실거래년":20210918.0,
            "매매실거래가":107000.0,
            "전세실거래년":20220107.0,
            "전세실거래가":36750.0,
            "전세가율":34.35,
            "장기전세가율평균":69.9,
            "전세가율거품지수":35.55,
            "검색코드":114024,
            "세대수":660,
            "준공년월":"2019-10-08",
            "준공년차":4,
            "가까운역이름":"NA",
            "가까운역거리":"NA",
            "역세권여부":"NA",
            "30분이내주요거점역":"NA",
            "1시간이내주요거점역":"NA",
            "3km이내백화점수":1,
            "5km이내아울렛몰수":1,
            "1km이내대형먀트수":2,
            "500m이내은행수":3,
            "500m이내병원수":14,
            "5km이내대형병원수":6,
            "500m이내공원수":0,
            "3km이내혐오시설수":0,
            "초등학교학업성취도":85.28,
            "중학교학업성취도":88.5,
            "용적률":634,
            "건폐율":47,
            "Y":35.194059,
            "X":129.064776,
            "rank":5.0,
            "area_info":"34평(115.37), 34평(115.69), 34평(115.37), 35평(117.56)",
            "last_sales":"2021-09-18,107000.0,34평(115.37)"
        },
        {
            "index":394,
            "아파트명":"연산롯데캐슬골드포레",
            "투자타입":"일반",
            "전용면적(m2)":"56.39",
            "전용면적(평)":"17평",
            "법정동주소":"부산시 연제구 연산동 2367",
            "도로명주소":"부산시 연제구 황령산로 615",
            "세대수":90,
            "입주년차":100,
            "용적률점수":"--",
            "건폐율점수":"--",
            "세대당주차수":30,
            "난방방식":30,
            "공급면적":"--",
            "전용률":"--",
            "욕실수":50,
            "현관타입":100,
            "주거총점":74.0,
            "지역구공급총점":0.0,
            "역세권":"NA",
            "30분내 이동가능 거점":"NA",
            "1시간내 이동가능 거점":"NA",
            "교통총점":"NA",
            "백화점":100,
            "아울렛몰":80,
            "대형마트":80,
            "은행":0,
            "병원":60,
            "종합병원":100,
            "공원":80,
            "혐오시설":0,
            "인프라총점":78.4,
            "초등학군":81.18,
            "중학군":53.76,
            "학군총점":59.244,
            "인구수":22.87,
            "인구증감":-12.97,
            "인구총점":12.118,
            "일자리":11.5,
            "소득수준":68.3,
            "일자리총점":28.54,
            "가치 총점":72.071,
            "매매실거래년":20200612.0,
            "매매실거래가":82823.0,
            "전세실거래년":20211130.0,
            "전세실거래가":17000.0,
            "전세가율":null,
            "장기전세가율평균":69.9,
            "전세가율거품지수":null,
            "검색코드":119113,
            "세대수":1230,
            "준공년월":"2020-07-01",
            "준공년차":3,
            "가까운역이름":"NA",
            "가까운역거리":"NA",
            "역세권여부":"NA",
            "30분이내주요거점역":"NA",
            "1시간이내주요거점역":"NA",
            "3km이내백화점수":1,
            "5km이내아울렛몰수":1,
            "1km이내대형먀트수":1,
            "500m이내은행수":1,
            "500m이내병원수":11,
            "5km이내대형병원수":11,
            "500m이내공원수":1,
            "3km이내혐오시설수":0,
            "초등학교학업성취도":81.18,
            "중학교학업성취도":87.4,
            "용적률":274,
            "건폐율":15,
            "Y":35.173201,
            "X":129.081473,
            "rank":6.0,
            "area_info":"17평(56.39), 24평(82.05), 24평(82.31), 30평(99.49), 35평(115.85), 35평(116.19), 43평(142.18)",
            "last_sales":"2020-06-12,82823.0,43평(142.18)"
        },
        {
            "index":41,
            "아파트명":"거제월드메르디앙",
            "투자타입":"일반",
            "전용면적(m2)":"110.81",
            "전용면적(평)":"33평",
            "법정동주소":"부산시 연제구 거제동 1468-1",
            "도로명주소":"부산시 연제구 거제천로 233",
            "세대수":90,
            "입주년차":40,
            "용적률점수":"--",
            "건폐율점수":"--",
            "세대당주차수":60,
            "난방방식":30,
            "공급면적":"--",
            "전용률":"--",
            "욕실수":100,
            "현관타입":100,
            "주거총점":71.5,
            "지역구공급총점":0.0,
            "역세권":"NA",
            "30분내 이동가능 거점":"NA",
            "1시간내 이동가능 거점":"NA",
            "교통총점":"NA",
            "백화점":100,
            "아울렛몰":80,
            "대형마트":80,
            "은행":20,
            "병원":60,
            "종합병원":100,
            "공원":0,
            "혐오시설":0,
            "인프라총점":78.0,
            "초등학군":94.11,
            "중학군":54.68,
            "학군총점":62.566,
            "인구수":22.87,
            "인구증감":-12.97,
            "인구총점":12.118,
            "일자리":11.5,
            "소득수준":68.3,
            "일자리총점":28.54,
            "가치 총점":71.8665,
            "매매실거래년":20211027.0,
            "매매실거래가":101200.0,
            "전세실거래년":20211217.0,
            "전세실거래가":34000.0,
            "전세가율":46.7,
            "장기전세가율평균":69.9,
            "전세가율거품지수":23.2,
            "검색코드":12022,
            "세대수":1156,
            "준공년월":"2005-12-09",
            "준공년차":18,
            "가까운역이름":"NA",
            "가까운역거리":"NA",
            "역세권여부":"NA",
            "30분이내주요거점역":"NA",
            "1시간이내주요거점역":"NA",
            "3km이내백화점수":1,
            "5km이내아울렛몰수":1,
            "1km이내대형먀트수":1,
            "500m이내은행수":2,
            "500m이내병원수":13,
            "5km이내대형병원수":7,
            "500m이내공원수":0,
            "3km이내혐오시설수":0,
            "초등학교학업성취도":94.11,
            "중학교학업성취도":88.4,
            "용적률":346,
            "건폐율":22,
            "Y":35.192845,
            "X":129.082757,
            "rank":7.0,
            "area_info":"33평(110.81), 34평(114.45), 41평(136.86), 48평(159.21), 54평(179.95), 56평(186.36), 63평(210.46)",
            "last_sales":"2021-10-27,101200.0,56평(186.36)"
        },
        {
            "index":23,
            "아파트명":"거제롯데캐슬피렌체",
            "투자타입":"일반",
            "전용면적(m2)":"115.91",
            "전용면적(평)":"35평",
            "법정동주소":"부산시 연제구 거제동 1510",
            "도로명주소":"부산시 연제구 월드컵대로 266",
            "세대수":30,
            "입주년차":60,
            "용적률점수":"--",
            "건폐율점수":"--",
            "세대당주차수":80,
            "난방방식":30,
            "공급면적":"--",
            "전용률":"--",
            "욕실수":100,
            "현관타입":100,
            "주거총점":57.5,
            "지역구공급총점":0.0,
            "역세권":"NA",
            "30분내 이동가능 거점":"NA",
            "1시간내 이동가능 거점":"NA",
            "교통총점":"NA",
            "백화점":100,
            "아울렛몰":80,
            "대형마트":80,
            "은행":100,
            "병원":60,
            "종합병원":100,
            "공원":100,
            "혐오시설":0,
            "인프라총점":89.0,
            "초등학군":94.67,
            "중학군":54.58,
            "학군총점":62.598,
            "인구수":22.87,
            "인구증감":-12.97,
            "인구총점":12.118,
            "일자리":11.5,
            "소득수준":68.3,
            "일자리총점":28.54,
            "가치 총점":71.3745,
            "매매실거래년":20210923.0,
            "매매실거래가":165000.0,
            "전세실거래년":20210531.0,
            "전세실거래가":55500.0,
            "전세가율":53.88,
            "장기전세가율평균":69.9,
            "전세가율거품지수":16.02,
            "검색코드":26716,
            "세대수":364,
            "준공년월":"2011-01-24",
            "준공년차":12,
            "가까운역이름":"NA",
            "가까운역거리":"NA",
            "역세권여부":"NA",
            "30분이내주요거점역":"NA",
            "1시간이내주요거점역":"NA",
            "3km이내백화점수":1,
            "5km이내아울렛몰수":1,
            "1km이내대형먀트수":1,
            "500m이내은행수":6,
            "500m이내병원수":20,
            "5km이내대형병원수":6,
            "500m이내공원수":2,
            "3km이내혐오시설수":0,
            "초등학교학업성취도":94.67,
            "중학교학업성취도":88.5,
            "용적률":559,
            "건폐율":23,
            "Y":35.191501,
            "X":129.068673,
            "rank":8.0,
            "area_info":"35평(115.91), 45평(150.88), 51평(170.36), 58평(192.37), 98평(324.81)",
            "last_sales":"2021-09-23,165000.0,58평(192.37)"
        },
        {
            "index":220,
            "아파트명":"더샵파크시티",
            "투자타입":"일반",
            "전용면적(m2)":"94.55",
            "전용면적(평)":"28평",
            "법정동주소":"부산시 연제구 연산동 2311",
            "도로명주소":"부산시 연제구 안연로 33",
            "세대수":100,
            "입주년차":80,
            "용적률점수":"--",
            "건폐율점수":"--",
            "세대당주차수":30,
            "난방방식":30,
            "공급면적":"--",
            "전용률":"--",
            "욕실수":100,
            "현관타입":100,
            "주거총점":78.5,
            "지역구공급총점":0.0,
            "역세권":"NA",
            "30분내 이동가능 거점":"NA",
            "1시간내 이동가능 거점":"NA",
            "교통총점":"NA",
            "백화점":100,
            "아울렛몰":0,
            "대형마트":80,
            "은행":0,
            "병원":60,
            "종합병원":100,
            "공원":100,
            "혐오시설":0,
            "인프라총점":71.0,
            "초등학군":86.12,
            "중학군":52.16,
            "학군총점":58.952,
            "인구수":22.87,
            "인구증감":-12.97,
            "인구총점":12.118,
            "일자리":11.5,
            "소득수준":68.3,
            "일자리총점":28.54,
            "가치 총점":70.613,
            "매매실거래년":20211128.0,
            "매매실거래가":76000.0,
            "전세실거래년":20211205.0,
            "전세실거래가":41000.0,
            "전세가율":61.65,
            "장기전세가율평균":69.9,
            "전세가율거품지수":8.25,
            "검색코드":105448,
            "세대수":1758,
            "준공년월":"2015-06-03",
            "준공년차":8,
            "가까운역이름":"NA",
            "가까운역거리":"NA",
            "역세권여부":"NA",
            "30분이내주요거점역":"NA",
            "1시간이내주요거점역":"NA",
            "3km이내백화점수":1,
            "5km이내아울렛몰수":0,
            "1km이내대형먀트수":1,
            "500m이내은행수":1,
            "500m이내병원수":10,
            "5km이내대형병원수":7,
            "500m이내공원수":2,
            "3km이내혐오시설수":0,
            "초등학교학업성취도":86.12,
            "중학교학업성취도":84.6,
            "용적률":284,
            "건폐율":15,
            "Y":35.191107,
            "X":129.097568,
            "rank":9.0,
            "area_info":"28평(94.55), 28평(94.0), 30평(100.47), 34평(113.55), 34평(113.58), 34평(113.47), 34평(113.57), 34평(114.75), 34평(114.38), 34평(114.28), 34평(114.06), 34평(114.2), 40평(134.78), 40평(134.9), 41평(137.36), 44평(146.32)",
            "last_sales":"2021-11-28,76000.0,34평(114.38)"
        },
        {
            "index":376,
            "아파트명":"연산SK뷰1단지",
            "투자타입":"일반",
            "전용면적(m2)":"107.72",
            "전용면적(평)":"32평",
            "법정동주소":"부산시 연제구 연산동 587-4",
            "도로명주소":"부산시 연제구 중앙대로1124번길 15",
            "세대수":30,
            "입주년차":40,
            "용적률점수":"--",
            "건폐율점수":"--",
            "세대당주차수":60,
            "난방방식":30,
            "공급면적":"--",
            "전용률":"--",
            "욕실수":100,
            "현관타입":50,
            "주거총점":45.5,
            "지역구공급총점":0.0,
            "역세권":"NA",
            "30분내 이동가능 거점":"NA",
            "1시간내 이동가능 거점":"NA",
            "교통총점":"NA",
            "백화점":100,
            "아울렛몰":80,
            "대형마트":80,
            "은행":100,
            "병원":100,
            "종합병원":100,
            "공원":80,
            "혐오시설":0,
            "인프라총점":92.4,
            "초등학군":82.73,
            "중학군":54.68,
            "학군총점":60.29,
            "인구수":22.87,
            "인구증감":-12.97,
            "인구총점":12.118,
            "일자리":11.5,
            "소득수준":68.3,
            "일자리총점":28.54,
            "가치 총점":67.9575,
            "매매실거래년":20211004.0,
            "매매실거래가":45000.0,
            "전세실거래년":20191205.0,
            "전세실거래가":22000.0,
            "전세가율":48.89,
            "장기전세가율평균":69.9,
            "전세가율거품지수":21.01,
            "검색코드":13091,
            "세대수":329,
            "준공년월":"2006-04-28",
            "준공년차":17,
            "가까운역이름":"NA",
            "가까운역거리":"NA",
            "역세권여부":"NA",
            "30분이내주요거점역":"NA",
            "1시간이내주요거점역":"NA",
            "3km이내백화점수":1,
            "5km이내아울렛몰수":1,
            "1km이내대형먀트수":1,
            "500m이내은행수":11,
            "500m이내병원수":111,
            "5km이내대형병원수":7,
            "500m이내공원수":1,
            "3km이내혐오시설수":0,
            "초등학교학업성취도":82.73,
            "중학교학업성취도":88.4,
            "용적률":843,
            "건폐율":49,
            "Y":35.188637,
            "X":129.081996,
            "rank":10.0,
            "area_info":"32평(107.72), 44평(148.72), 46평(154.24), 48평(159.29), 49평(162.1), 51평(168.84), 60평(199.34)",
            "last_sales":"2021-10-04,45000.0,32평(107.72)"
        },
        {
            "index":443,
            "아파트명":"연산일동미라주더스타",
            "투자타입":"일반",
            "전용면적(m2)":"54.98",
            "전용면적(평)":"16평",
            "법정동주소":"부산시 연제구 연산동 2335",
            "도로명주소":"부산시 연제구 반송로 80",
            "세대수":50,
            "입주년차":80,
            "용적률점수":"--",
            "건폐율점수":"--",
            "세대당주차수":30,
            "난방방식":30,
            "공급면적":"--",
            "전용률":"--",
            "욕실수":50,
            "현관타입":100,
            "주거총점":56.0,
            "지역구공급총점":0.0,
            "역세권":"NA",
            "30분내 이동가능 거점":"NA",
            "1시간내 이동가능 거점":"NA",
            "교통총점":"NA",
            "백화점":100,
            "아울렛몰":80,
            "대형마트":80,
            "은행":70,
            "병원":60,
            "종합병원":100,
            "공원":100,
            "혐오시설":0,
            "인프라총점":86.0,
            "초등학군":82.73,
            "중학군":46.7,
            "학군총점":53.906,
            "인구수":22.87,
            "인구증감":-12.97,
            "인구총점":12.118,
            "일자리":11.5,
            "소득수준":68.3,
            "일자리총점":28.54,
            "가치 총점":67.4765,
            "매매실거래년":20211122.0,
            "매매실거래가":59500.0,
            "전세실거래년":20211116.0,
            "전세실거래가":16000.0,
            "전세가율":91.43,
            "장기전세가율평균":69.9,
            "전세가율거품지수":-21.53,
            "검색코드":107982,
            "세대수":624,
            "준공년월":"2017-06-27",
            "준공년차":6,
            "가까운역이름":"NA",
            "가까운역거리":"NA",
            "역세권여부":"NA",
            "30분이내주요거점역":"NA",
            "1시간이내주요거점역":"NA",
            "3km이내백화점수":1,
            "5km이내아울렛몰수":1,
            "1km이내대형먀트수":1,
            "500m이내은행수":4,
            "500m이내병원수":17,
            "5km이내대형병원수":7,
            "500m이내공원수":3,
            "3km이내혐오시설수":0,
            "초등학교학업성취도":82.73,
            "중학교학업성취도":75.7,
            "용적률":473,
            "건폐율":31,
            "Y":35.190482,
            "X":129.088172,
            "rank":11.0,
            "area_info":"16평(54.98), 18평(61.75), 29평(98.53), 32평(107.03), 32평(107.9)",
            "last_sales":"2021-11-22,59500.0,32평(107.9)"
        },
        {
            "index":347,
            "아파트명":"시청역비스타동원",
            "투자타입":"일반",
            "전용면적(m2)":"115.21",
            "전용면적(평)":"34평",
            "법정동주소":"부산시 연제구 연산동 2362",
            "도로명주소":"부산시 연제구 연제로 30",
            "세대수":80,
            "입주년차":100,
            "용적률점수":"--",
            "건폐율점수":"--",
            "세대당주차수":60,
            "난방방식":30,
            "공급면적":"--",
            "전용률":"--",
            "욕실수":100,
            "현관타입":100,
            "주거총점":80.0,
            "지역구공급총점":0.0,
            "역세권":"NA",
            "30분내 이동가능 거점":"NA",
            "1시간내 이동가능 거점":"NA",
            "교통총점":"NA",
            "백화점":0,
            "아울렛몰":80,
            "대형마트":80,
            "은행":100,
            "병원":60,
            "종합병원":100,
            "공원":100,
            "혐오시설":0,
            "인프라총점":59.0,
            "초등학군":88.16,
            "중학군":56.02,
            "학군총점":62.448,
            "인구수":22.87,
            "인구증감":-12.97,
            "인구총점":12.118,
            "일자리":11.5,
            "소득수준":68.3,
            "일자리총점":28.54,
            "가치 총점":67.212,
            "매매실거래년":20220103.0,
            "매매실거래가":81000.0,
            "전세실거래년":20220108.0,
            "전세실거래가":34000.0,
            "전세가율":42.5,
            "장기전세가율평균":69.9,
            "전세가율거품지수":27.4,
            "검색코드":112805,
            "세대수":740,
            "준공년월":"2019-12-01",
            "준공년차":4,
            "가까운역이름":"NA",
            "가까운역거리":"NA",
            "역세권여부":"NA",
            "30분이내주요거점역":"NA",
            "1시간이내주요거점역":"NA",
            "3km이내백화점수":0,
            "5km이내아울렛몰수":1,
            "1km이내대형먀트수":1,
            "500m이내은행수":9,
            "500m이내병원수":17,
            "5km이내대형병원수":10,
            "500m이내공원수":2,
            "3km이내혐오시설수":0,
            "초등학교학업성취도":88.16,
            "중학교학업성취도":91.5,
            "용적률":0,
            "건폐율":0,
            "Y":35.179034,
            "X":129.076887,
            "rank":12.0,
            "area_info":"34평(115.21), 34평(115.23), 35평(116.38), 35평(117.16)",
            "last_sales":"2022-01-03,81000.0,35평(117.16)"
        },
        {
            "index":32,
            "아파트명":"거제센트럴자이",
            "투자타입":"일반",
            "전용면적(m2)":"58.78",
            "전용면적(평)":"17평",
            "법정동주소":"부산시 연제구 거제동 1519",
            "도로명주소":"부산시 연제구 법원북로 93",
            "세대수":80,
            "입주년차":80,
            "용적률점수":"--",
            "건폐율점수":"--",
            "세대당주차수":30,
            "난방방식":30,
            "공급면적":"--",
            "전용률":"--",
            "욕실수":50,
            "현관타입":100,
            "주거총점":66.5,
            "지역구공급총점":0.0,
            "역세권":"NA",
            "30분내 이동가능 거점":"NA",
            "1시간내 이동가능 거점":"NA",
            "교통총점":"NA",
            "백화점":100,
            "아울렛몰":80,
            "대형마트":0,
            "은행":70,
            "병원":30,
            "종합병원":100,
            "공원":80,
            "혐오시설":0,
            "인프라총점":70.4,
            "초등학군":94.11,
            "중학군":54.68,
            "학군총점":62.566,
            "인구수":22.87,
            "인구증감":-12.97,
            "인구총점":12.118,
            "일자리":11.5,
            "소득수준":68.3,
            "일자리총점":28.54,
            "가치 총점":67.0765,
            "매매실거래년":20211218.0,
            "매매실거래가":83000.0,
            "전세실거래년":20211005.0,
            "전세실거래가":27000.0,
            "전세가율":77.14,
            "장기전세가율평균":69.9,
            "전세가율거품지수":-7.24,
            "검색코드":112719,
            "세대수":878,
            "준공년월":"2018-10-29",
            "준공년차":5,
            "가까운역이름":"NA",
            "가까운역거리":"NA",
            "역세권여부":"NA",
            "30분이내주요거점역":"NA",
            "1시간이내주요거점역":"NA",
            "3km이내백화점수":1,
            "5km이내아울렛몰수":1,
            "1km이내대형먀트수":0,
            "500m이내은행수":4,
            "500m이내병원수":7,
            "5km이내대형병원수":7,
            "500m이내공원수":1,
            "3km이내혐오시설수":0,
            "초등학교학업성취도":94.11,
            "중학교학업성취도":88.4,
            "용적률":266,
            "건폐율":19,
            "Y":35.193238,
            "X":129.076906,
            "rank":13.0,
            "area_info":"17평(58.78), 24평(79.75), 29평(98.55), 33평(111.51), 34평(113.23), 34평(113.23), 40평(134.76), 41평(135.75), 42평(140.22)",
            "last_sales":"2021-12-18,83000.0,33평(111.51)"
        },
        {
            "index":487,
            "아파트명":"연제힐스테이트",
            "투자타입":"일반",
            "전용면적(m2)":"162.26",
            "전용면적(평)":"49평",
            "법정동주소":"부산시 연제구 연산동 862",
            "도로명주소":"부산시 연제구 연제로 21",
            "세대수":0,
            "입주년차":40,
            "용적률점수":"--",
            "건폐율점수":"--",
            "세대당주차수":80,
            "난방방식":30,
            "공급면적":"--",
            "전용률":"--",
            "욕실수":100,
            "현관타입":100,
            "주거총점":43.0,
            "지역구공급총점":0.0,
            "역세권":"NA",
            "30분내 이동가능 거점":"NA",
            "1시간내 이동가능 거점":"NA",
            "교통총점":"NA",
            "백화점":100,
            "아울렛몰":80,
            "대형마트":80,
            "은행":100,
            "병원":60,
            "종합병원":100,
            "공원":80,
            "혐오시설":0,
            "인프라총점":88.4,
            "초등학군":88.16,
            "중학군":53.76,
            "학군총점":60.64,
            "인구수":22.87,
            "인구증감":-12.97,
            "인구총점":12.118,
            "일자리":11.5,
            "소득수준":68.3,
            "일자리총점":28.54,
            "가치 총점":65.57,
            "매매실거래년":20210331.0,
            "매매실거래가":115000.0,
            "전세실거래년":20210712.0,
            "전세실거래가":50000.0,
            "전세가율":93.46,
            "장기전세가율평균":69.9,
            "전세가율거품지수":-23.56,
            "검색코드":25938,
            "세대수":220,
            "준공년월":"2008-06-04",
            "준공년차":15,
            "가까운역이름":"NA",
            "가까운역거리":"NA",
            "역세권여부":"NA",
            "30분이내주요거점역":"NA",
            "1시간이내주요거점역":"NA",
            "3km이내백화점수":1,
            "5km이내아울렛몰수":1,
            "1km이내대형먀트수":1,
            "500m이내은행수":12,
            "500m이내병원수":11,
            "5km이내대형병원수":11,
            "500m이내공원수":1,
            "3km이내혐오시설수":0,
            "초등학교학업성취도":88.16,
            "중학교학업성취도":87.4,
            "용적률":290,
            "건폐율":49,
            "Y":35.17661,
            "X":129.07676,
            "rank":14.0,
            "area_info":"49평(162.26), 49평(163.75), 49평(164.18), 54평(178.8), 59평(198.32), 77평(255.55)",
            "last_sales":"2021-03-31,115000.0,77평(255.55)"
        },
        {
            "index":106,
            "아파트명":"쌍용1차",
            "투자타입":"일반",
            "전용면적(m2)":"92.3",
            "전용면적(평)":"27평",
            "법정동주소":"부산시 연제구 거제동 1475",
            "도로명주소":"부산시 연제구 법원북로 13",
            "세대수":50,
            "입주년차":20,
            "용적률점수":"--",
            "건폐율점수":"--",
            "세대당주차수":30,
            "난방방식":30,
            "공급면적":"--",
            "전용률":"--",
            "욕실수":100,
            "현관타입":100,
            "주거총점":49.0,
            "지역구공급총점":0.0,
            "역세권":"NA",
            "30분내 이동가능 거점":"NA",
            "1시간내 이동가능 거점":"NA",
            "교통총점":"NA",
            "백화점":100,
            "아울렛몰":80,
            "대형마트":80,
            "은행":0,
            "병원":60,
            "종합병원":100,
            "공원":100,
            "혐오시설":0,
            "인프라총점":79.0,
            "초등학군":94.67,
            "중학군":54.58,
            "학군총점":62.598,
            "인구수":22.87,
            "인구증감":-12.97,
            "인구총점":12.118,
            "일자리":11.5,
            "소득수준":68.3,
            "일자리총점":28.54,
            "가치 총점":64.3995,
            "매매실거래년":20211119.0,
            "매매실거래가":75000.0,
            "전세실거래년":20211127.0,
            "전세실거래가":24000.0,
            "전세가율":40.34,
            "장기전세가율평균":69.9,
            "전세가율거품지수":29.56,
            "검색코드":8913,
            "세대수":502,
            "준공년월":"2002-06-01",
            "준공년차":21,
            "가까운역이름":"NA",
            "가까운역거리":"NA",
            "역세권여부":"NA",
            "30분이내주요거점역":"NA",
            "1시간이내주요거점역":"NA",
            "3km이내백화점수":1,
            "5km이내아울렛몰수":1,
            "1km이내대형먀트수":1,
            "500m이내은행수":1,
            "500m이내병원수":16,
            "5km이내대형병원수":6,
            "500m이내공원수":2,
            "3km이내혐오시설수":0,
            "초등학교학업성취도":94.67,
            "중학교학업성취도":88.5,
            "용적률":301,
            "건폐율":18,
            "Y":35.194142,
            "X":129.068675,
            "rank":15.0,
            "area_info":"27평(92.3), 27평(92.3), 35평(116.75), 48평(161.75), 58평(193.79)",
            "last_sales":"2021-11-19,75000.0,35평(116.75)"
        },
        {
            "index":325,
            "아파트명":"성일이안시티",
            "투자타입":"일반",
            "전용면적(m2)":"66.27",
            "전용면적(평)":"20평",
            "법정동주소":"부산시 연제구 연산동 867-2",
            "도로명주소":"부산시 연제구 연제로 31",
            "세대수":0,
            "입주년차":80,
            "용적률점수":"--",
            "건폐율점수":"--",
            "세대당주차수":30,
            "난방방식":30,
            "공급면적":"--",
            "전용률":"--",
            "욕실수":50,
            "현관타입":100,
            "주거총점":38.5,
            "지역구공급총점":0.0,
            "역세권":"NA",
            "30분내 이동가능 거점":"NA",
            "1시간내 이동가능 거점":"NA",
            "교통총점":"NA",
            "백화점":100,
            "아울렛몰":80,
            "대형마트":80,
            "은행":100,
            "병원":60,
            "종합병원":100,
            "공원":80,
            "혐오시설":0,
            "인프라총점":88.4,
            "초등학군":88.16,
            "중학군":53.76,
            "학군총점":60.64,
            "인구수":22.87,
            "인구증감":-12.97,
            "인구총점":12.118,
            "일자리":11.5,
            "소득수준":68.3,
            "일자리총점":28.54,
            "가치 총점":63.995,
            "매매실거래년":20210923.0,
            "매매실거래가":35800.0,
            "전세실거래년":20220105.0,
            "전세실거래가":19000.0,
            "전세가율":90.48,
            "장기전세가율평균":69.9,
            "전세가율거품지수":-20.58,
            "검색코드":113164,
            "세대수":105,
            "준공년월":"2016-10-19",
            "준공년차":7,
            "가까운역이름":"NA",
            "가까운역거리":"NA",
            "역세권여부":"NA",
            "30분이내주요거점역":"NA",
            "1시간이내주요거점역":"NA",
            "3km이내백화점수":1,
            "5km이내아울렛몰수":1,
            "1km이내대형먀트수":1,
            "500m이내은행수":12,
            "500m이내병원수":15,
            "5km이내대형병원수":10,
            "500m이내공원수":1,
            "3km이내혐오시설수":0,
            "초등학교학업성취도":88.16,
            "중학교학업성취도":87.4,
            "용적률":848,
            "건폐율":67,
            "Y":35.17751,
            "X":129.076501,
            "rank":16.0,
            "area_info":"20평(66.27), 20평(67.07), 24평(80.48), 25평(83.36), 28평(93.63), 28평(94.1), 42평(140.4), 42평(141.66)",
            "last_sales":"2021-09-23,35800.0,28평(93.63)"
        },
        {
            "index":48,
            "아파트명":"거제유림노르웨이숲",
            "투자타입":"일반",
            "전용면적(m2)":"80.47",
            "전용면적(평)":"24평",
            "법정동주소":"부산시 연제구 거제동 1503",
            "도로명주소":"부산시 연제구 거제대로136번길 30",
            "세대수":50,
            "입주년차":40,
            "용적률점수":"--",
            "건폐율점수":"--",
            "세대당주차수":30,
            "난방방식":30,
            "공급면적":"--",
            "전용률":"--",
            "욕실수":100,
            "현관타입":100,
            "주거총점":53.0,
            "지역구공급총점":0.0,
            "역세권":"NA",
            "30분내 이동가능 거점":"NA",
            "1시간내 이동가능 거점":"NA",
            "교통총점":"NA",
            "백화점":100,
            "아울렛몰":80,
            "대형마트":0,
            "은행":100,
            "병원":60,
            "종합병원":100,
            "공원":0,
            "혐오시설":0,
            "인프라총점":74.0,
            "초등학군":85.25,
            "중학군":56.02,
            "학군총점":61.866,
            "인구수":22.87,
            "인구증감":-12.97,
            "인구총점":12.118,
            "일자리":11.5,
            "소득수준":68.3,
            "일자리총점":28.54,
            "가치 총점":63.6165,
            "매매실거래년":20211102.0,
            "매매실거래가":44000.0,
            "전세실거래년":20211224.0,
            "전세실거래가":30000.0,
            "전세가율":71.43,
            "장기전세가율평균":69.9,
            "전세가율거품지수":-1.53,
            "검색코드":24283,
            "세대수":418,
            "준공년월":"2007-08-10",
            "준공년차":16,
            "가까운역이름":"NA",
            "가까운역거리":"NA",
            "역세권여부":"NA",
            "30분이내주요거점역":"NA",
            "1시간이내주요거점역":"NA",
            "3km이내백화점수":1,
            "5km이내아울렛몰수":1,
            "1km이내대형먀트수":0,
            "500m이내은행수":8,
            "500m이내병원수":13,
            "5km이내대형병원수":10,
            "500m이내공원수":0,
            "3km이내혐오시설수":0,
            "초등학교학업성취도":85.25,
            "중학교학업성취도":91.5,
            "용적률":314,
            "건폐율":26,
            "Y":35.179979,
            "X":129.070938,
            "rank":17.0,
            "area_info":"24평(80.47), 32평(106.01), 32평(108.92), 32평(108.54), 34평(113.19), 34평(113.54), 45평(149.67), 46평(152.9)",
            "last_sales":"2021-11-02,44000.0,32평(108.92)"
        },
        {
            "index":17,
            "아파트명":"거제동원타워",
            "투자타입":"일반",
            "전용면적(m2)":"78.5",
            "전용면적(평)":"23평",
            "법정동주소":"부산시 연제구 거제동 1029-2",
            "도로명주소":"부산시 연제구 월드컵대로243번길 19",
            "세대수":50,
            "입주년차":0,
            "용적률점수":"--",
            "건폐율점수":"--",
            "세대당주차수":0,
            "난방방식":30,
            "공급면적":"--",
            "전용률":"--",
            "욕실수":50,
            "현관타입":100,
            "주거총점":35.5,
            "지역구공급총점":0.0,
            "역세권":"NA",
            "30분내 이동가능 거점":"NA",
            "1시간내 이동가능 거점":"NA",
            "교통총점":"NA",
            "백화점":100,
            "아울렛몰":80,
            "대형마트":80,
            "은행":100,
            "병원":60,
            "종합병원":100,
            "공원":80,
            "혐오시설":0,
            "인프라총점":88.4,
            "초등학군":85.28,
            "중학군":54.94,
            "학군총점":61.008,
            "인구수":22.87,
            "인구증감":-12.97,
            "인구총점":12.118,
            "일자리":11.5,
            "소득수준":68.3,
            "일자리총점":28.54,
            "가치 총점":63.037,
            "매매실거래년":20211129.0,
            "매매실거래가":37000.0,
            "전세실거래년":20220111.0,
            "전세실거래가":27000.0,
            "전세가율":72.97,
            "장기전세가율평균":69.9,
            "전세가율거품지수":-3.07,
            "검색코드":4417,
            "세대수":414,
            "준공년월":"1996-10-29",
            "준공년차":27,
            "가까운역이름":"NA",
            "가까운역거리":"NA",
            "역세권여부":"NA",
            "30분이내주요거점역":"NA",
            "1시간이내주요거점역":"NA",
            "3km이내백화점수":1,
            "5km이내아울렛몰수":1,
            "1km이내대형먀트수":1,
            "500m이내은행수":6,
            "500m이내병원수":18,
            "5km이내대형병원수":7,
            "500m이내공원수":1,
            "3km이내혐오시설수":0,
            "초등학교학업성취도":85.28,
            "중학교학업성취도":88.7,
            "용적률":401,
            "건폐율":0,
            "Y":35.189286,
            "X":129.070401,
            "rank":18.0,
            "area_info":"23평(78.5), 31평(105.0), 43평(144.17)",
            "last_sales":"2021-11-29,37000.0,23평(78.5)"
        },
        {
            "index":423,
            "아파트명":"연산쌍용",
            "투자타입":"일반",
            "전용면적(m2)":"88.7",
            "전용면적(평)":"26평",
            "법정동주소":"부산시 연제구 연산동 603-7",
            "도로명주소":"부산시 연제구 고분로13번길 25",
            "세대수":0,
            "입주년차":20,
            "용적률점수":"--",
            "건폐율점수":"--",
            "세대당주차수":80,
            "난방방식":30,
            "공급면적":"--",
            "전용률":"--",
            "욕실수":50,
            "현관타입":100,
            "주거총점":34.0,
            "지역구공급총점":0.0,
            "역세권":"NA",
            "30분내 이동가능 거점":"NA",
            "1시간내 이동가능 거점":"NA",
            "교통총점":"NA",
            "백화점":100,
            "아울렛몰":80,
            "대형마트":80,
            "은행":100,
            "병원":100,
            "종합병원":100,
            "공원":100,
            "혐오시설":0,
            "인프라총점":93.0,
            "초등학군":85.71,
            "중학군":46.7,
            "학군총점":54.502,
            "인구수":22.87,
            "인구증감":-12.97,
            "인구총점":12.118,
            "일자리":11.5,
            "소득수준":68.3,
            "일자리총점":28.54,
            "가치 총점":62.7255,
            "매매실거래년":20210626.0,
            "매매실거래가":35800.0,
            "전세실거래년":20190417.0,
            "전세실거래가":18000.0,
            "전세가율":58.25,
            "장기전세가율평균":69.9,
            "전세가율거품지수":11.65,
            "검색코드":4344,
            "세대수":159,
            "준공년월":"1999-10-16",
            "준공년차":24,
            "가까운역이름":"NA",
            "가까운역거리":"NA",
            "역세권여부":"NA",
            "30분이내주요거점역":"NA",
            "1시간이내주요거점역":"NA",
            "3km이내백화점수":1,
            "5km이내아울렛몰수":1,
            "1km이내대형먀트수":1,
            "500m이내은행수":10,
            "500m이내병원수":106,
            "5km이내대형병원수":8,
            "500m이내공원수":2,
            "3km이내혐오시설수":0,
            "초등학교학업성취도":85.71,
            "중학교학업성취도":75.7,
            "용적률":584,
            "건폐율":68,
            "Y":35.187132,
            "X":129.084493,
            "rank":19.0,
            "area_info":"26평(88.7), 33평(111.09), 40평(132.58)",
            "last_sales":"2021-06-26,35800.0,33평(111.09)"
        },
        {
            "index":426,
            "아파트명":"연산엘지",
            "투자타입":"일반",
            "전용면적(m2)":"80.84",
            "전용면적(평)":"24평",
            "법정동주소":"부산시 연제구 연산동 243-18",
            "도로명주소":"부산시 연제구 고분로 200",
            "세대수":100,
            "입주년차":20,
            "용적률점수":"--",
            "건폐율점수":"--",
            "세대당주차수":30,
            "난방방식":30,
            "공급면적":"--",
            "전용률":"--",
            "욕실수":50,
            "현관타입":100,
            "주거총점":61.5,
            "지역구공급총점":0.0,
            "역세권":"NA",
            "30분내 이동가능 거점":"NA",
            "1시간내 이동가능 거점":"NA",
            "교통총점":"NA",
            "백화점":100,
            "아울렛몰":0,
            "대형마트":0,
            "은행":100,
            "병원":60,
            "종합병원":100,
            "공원":100,
            "혐오시설":-100,
            "인프라총점":67.0,
            "초등학군":79.96,
            "중학군":51.88,
            "학군총점":57.496,
            "인구수":22.87,
            "인구증감":-12.97,
            "인구총점":12.118,
            "일자리":11.5,
            "소득수준":68.3,
            "일자리총점":28.54,
            "가치 총점":62.699,
            "매매실거래년":20220110.0,
            "매매실거래가":45700.0,
            "전세실거래년":20211125.0,
            "전세실거래가":17850.0,
            "전세가율":54.59,
            "장기전세가율평균":69.9,
            "전세가율거품지수":15.31,
            "검색코드":4352,
            "세대수":2302,
            "준공년월":"1999-03-27",
            "준공년차":24,
            "가까운역이름":"NA",
            "가까운역거리":"NA",
            "역세권여부":"NA",
            "30분이내주요거점역":"NA",
            "1시간이내주요거점역":"NA",
            "3km이내백화점수":1,
            "5km이내아울렛몰수":0,
            "1km이내대형먀트수":0,
            "500m이내은행수":5,
            "500m이내병원수":21,
            "5km이내대형병원수":7,
            "500m이내공원수":2,
            "3km이내혐오시설수":2,
            "초등학교학업성취도":79.96,
            "중학교학업성취도":84.0,
            "용적률":352,
            "건폐율":20,
            "Y":35.184899,
            "X":129.103227,
            "rank":20.0,
            "area_info":"24평(80.84), 24평(80.72), 32평(107.86), 43평(144.77), 51평(170.78), 63평(209.71)",
            "last_sales":"2022-01-10,45700.0,32평(107.86)"
        },
        {
            "index":144,
            "아파트명":"월드마크아시아드",
            "투자타입":"일반",
            "전용면적(m2)":"130.43",
            "전용면적(평)":"39평",
            "법정동주소":"부산시 연제구 거제동 898-1",
            "도로명주소":"부산시 연제구 종합운동장로12번길 8",
            "세대수":0,
            "입주년차":40,
            "용적률점수":"--",
            "건폐율점수":"--",
            "세대당주차수":80,
            "난방방식":30,
            "공급면적":"--",
            "전용률":"--",
            "욕실수":100,
            "현관타입":100,
            "주거총점":43.0,
            "지역구공급총점":0.0,
            "역세권":"NA",
            "30분내 이동가능 거점":"NA",
            "1시간내 이동가능 거점":"NA",
            "교통총점":"NA",
            "백화점":100,
            "아울렛몰":80,
            "대형마트":80,
            "은행":20,
            "병원":60,
            "종합병원":100,
            "공원":80,
            "혐오시설":0,
            "인프라총점":80.4,
            "초등학군":85.28,
            "중학군":54.94,
            "학군총점":61.008,
            "인구수":22.87,
            "인구증감":-12.97,
            "인구총점":12.118,
            "일자리":11.5,
            "소득수준":68.3,
            "일자리총점":28.54,
            "가치 총점":62.462,
            "매매실거래년":20210909.0,
            "매매실거래가":115000.0,
            "전세실거래년":20210809.0,
            "전세실거래가":45000.0,
            "전세가율":39.13,
            "장기전세가율평균":69.9,
            "전세가율거품지수":30.77,
            "검색코드":22769,
            "세대수":299,
            "준공년월":"2008-02-25",
            "준공년차":15,
            "가까운역이름":"NA",
            "가까운역거리":"NA",
            "역세권여부":"NA",
            "30분이내주요거점역":"NA",
            "1시간이내주요거점역":"NA",
            "3km이내백화점수":1,
            "5km이내아울렛몰수":1,
            "1km이내대형먀트수":1,
            "500m이내은행수":2,
            "500m이내병원수":18,
            "5km이내대형병원수":7,
            "500m이내공원수":1,
            "3km이내혐오시설수":0,
            "초등학교학업성취도":85.28,
            "중학교학업성취도":88.7,
            "용적률":598,
            "건폐율":42,
            "Y":35.191472,
            "X":129.065774,
            "rank":21.0,
            "area_info":"39평(130.43), 48평(159.61), 57평(191.13), 61평(203.33)",
            "last_sales":"2021-09-09,115000.0,39평(130.43)"
        },
        {
            "index":516,
            "아파트명":"한성기린",
            "투자타입":"일반",
            "전용면적(m2)":"74.8",
            "전용면적(평)":"22평",
            "법정동주소":"부산시 연제구 연산동 584-1",
            "도로명주소":"부산시 연제구 세병로 16",
            "세대수":50,
            "입주년차":0,
            "용적률점수":"--",
            "건폐율점수":"--",
            "세대당주차수":0,
            "난방방식":30,
            "공급면적":"--",
            "전용률":"--",
            "욕실수":50,
            "현관타입":100,
            "주거총점":35.5,
            "지역구공급총점":0.0,
            "역세권":"NA",
            "30분내 이동가능 거점":"NA",
            "1시간내 이동가능 거점":"NA",
            "교통총점":"NA",
            "백화점":100,
            "아울렛몰":80,
            "대형마트":80,
            "은행":100,
            "병원":80,
            "종합병원":100,
            "공원":100,
            "혐오시설":0,
            "인프라총점":91.0,
            "초등학군":82.73,
            "중학군":46.7,
            "학군총점":53.906,
            "인구수":22.87,
            "인구증감":-12.97,
            "인구총점":12.118,
            "일자리":11.5,
            "소득수준":68.3,
            "일자리총점":28.54,
            "가치 총점":62.3015,
            "매매실거래년":20211116.0,
            "매매실거래가":26300.0,
            "전세실거래년":20211012.0,
            "전세실거래가":20000.0,
            "전세가율":75.47,
            "장기전세가율평균":69.9,
            "전세가율거품지수":-5.57,
            "검색코드":4333,
            "세대수":450,
            "준공년월":"1993-11-05",
            "준공년차":30,
            "가까운역이름":"NA",
            "가까운역거리":"NA",
            "역세권여부":"NA",
            "30분이내주요거점역":"NA",
            "1시간이내주요거점역":"NA",
            "3km이내백화점수":1,
            "5km이내아울렛몰수":1,
            "1km이내대형먀트수":1,
            "500m이내은행수":6,
            "500m이내병원수":59,
            "5km이내대형병원수":7,
            "500m이내공원수":2,
            "3km이내혐오시설수":0,
            "초등학교학업성취도":82.73,
            "중학교학업성취도":75.7,
            "용적률":0,
            "건폐율":0,
            "Y":35.190212,
            "X":129.08483,
            "rank":22.0,
            "area_info":"22평(74.8), 22평(74.08), 30평(102.14), 30평(102.11), 42평(140.44), 44평(147.49), 46평(152.47), 56평(186.59)",
            "last_sales":"2021-11-16,26300.0,22평(74.08)"
        },
        {
            "index":417,
            "아파트명":"연산센터빌",
            "투자타입":"일반",
            "전용면적(m2)":"74.68",
            "전용면적(평)":"22평",
            "법정동주소":"부산시 연제구 연산동 585-6",
            "도로명주소":"부산시 연제구 거제천로230번길 53",
            "세대수":30,
            "입주년차":0,
            "용적률점수":"--",
            "건폐율점수":"--",
            "세대당주차수":0,
            "난방방식":30,
            "공급면적":"--",
            "전용률":"--",
            "욕실수":50,
            "현관타입":100,
            "주거총점":28.5,
            "지역구공급총점":0.0,
            "역세권":"NA",
            "30분내 이동가능 거점":"NA",
            "1시간내 이동가능 거점":"NA",
            "교통총점":"NA",
            "백화점":100,
            "아울렛몰":80,
            "대형마트":80,
            "은행":100,
            "병원":100,
            "종합병원":100,
            "공원":100,
            "혐오시설":0,
            "인프라총점":93.0,
            "초등학군":82.73,
            "중학군":54.68,
            "학군총점":60.29,
            "인구수":22.87,
            "인구증감":-12.97,
            "인구총점":12.118,
            "일자리":11.5,
            "소득수준":68.3,
            "일자리총점":28.54,
            "가치 총점":62.2475,
            "매매실거래년":20211208.0,
            "매매실거래가":37500.0,
            "전세실거래년":20210810.0,
            "전세실거래가":20000.0,
            "전세가율":86.96,
            "장기전세가율평균":69.9,
            "전세가율거품지수":-17.06,
            "검색코드":4345,
            "세대수":312,
            "준공년월":"1995-07-13",
            "준공년차":28,
            "가까운역이름":"NA",
            "가까운역거리":"NA",
            "역세권여부":"NA",
            "30분이내주요거점역":"NA",
            "1시간이내주요거점역":"NA",
            "3km이내백화점수":1,
            "5km이내아울렛몰수":1,
            "1km이내대형먀트수":1,
            "500m이내은행수":8,
            "500m이내병원수":90,
            "5km이내대형병원수":7,
            "500m이내공원수":2,
            "3km이내혐오시설수":0,
            "초등학교학업성취도":82.73,
            "중학교학업성취도":88.4,
            "용적률":242,
            "건폐율":26,
            "Y":35.18965,
            "X":129.083176,
            "rank":23.0,
            "area_info":"22평(74.68), 25평(84.11), 31평(105.66)",
            "last_sales":"2021-12-08,37500.0,31평(105.66)"
        },
        {
            "index":148,
            "아파트명":"유림아시아드타워",
            "투자타입":"일반",
            "전용면적(m2)":"80.99",
            "전용면적(평)":"24평",
            "법정동주소":"부산시 연제구 거제동 768-1",
            "도로명주소":"부산시 연제구 화지로 84",
            "세대수":50,
            "입주년차":40,
            "용적률점수":"--",
            "건폐율점수":"--",
            "세대당주차수":0,
            "난방방식":30,
            "공급면적":"--",
            "전용률":"--",
            "욕실수":100,
            "현관타입":100,
            "주거총점":48.5,
            "지역구공급총점":0.0,
            "역세권":"NA",
            "30분내 이동가능 거점":"NA",
            "1시간내 이동가능 거점":"NA",
            "교통총점":"NA",
            "백화점":100,
            "아울렛몰":80,
            "대형마트":80,
            "은행":0,
            "병원":30,
            "종합병원":100,
            "공원":0,
            "혐오시설":0,
            "인프라총점":73.0,
            "초등학군":90.57,
            "중학군":56.02,
            "학군총점":62.93,
            "인구수":22.87,
            "인구증감":-12.97,
            "인구총점":12.118,
            "일자리":11.5,
            "소득수준":68.3,
            "일자리총점":28.54,
            "가치 총점":61.9075,
            "매매실거래년":20220101.0,
            "매매실거래가":25700.0,
            "전세실거래년":20211205.0,
            "전세실거래가":15700.0,
            "전세가율":61.09,
            "장기전세가율평균":69.9,
            "전세가율거품지수":8.81,
            "검색코드":9982,
            "세대수":408,
            "준공년월":"2004-08-31",
            "준공년차":19,
            "가까운역이름":"NA",
            "가까운역거리":"NA",
            "역세권여부":"NA",
            "30분이내주요거점역":"NA",
            "1시간이내주요거점역":"NA",
            "3km이내백화점수":1,
            "5km이내아울렛몰수":1,
            "1km이내대형먀트수":1,
            "500m이내은행수":1,
            "500m이내병원수":6,
            "5km이내대형병원수":9,
            "500m이내공원수":0,
            "3km이내혐오시설수":0,
            "초등학교학업성취도":90.57,
            "중학교학업성취도":91.5,
            "용적률":365,
            "건폐율":21,
            "Y":35.182581,
            "X":129.066152,
            "rank":24.0,
            "area_info":"24평(80.99), 25평(84.03), 33평(109.98)",
            "last_sales":"2022-01-01,25700.0,24평(80.99)"
        },
        {
            "index":80,
            "아파트명":"대우",
            "투자타입":"일반",
            "전용면적(m2)":"93.1",
            "전용면적(평)":"28평",
            "법정동주소":"부산시 연제구 거제동 917-1",
            "도로명주소":"부산시 연제구 아시아드대로28번길 9",
            "세대수":50,
            "입주년차":0,
            "용적률점수":"--",
            "건폐율점수":"--",
            "세대당주차수":30,
            "난방방식":30,
            "공급면적":"--",
            "전용률":"--",
            "욕실수":50,
            "현관타입":10,
            "주거총점":31.0,
            "지역구공급총점":0.0,
            "역세권":"NA",
            "30분내 이동가능 거점":"NA",
            "1시간내 이동가능 거점":"NA",
            "교통총점":"NA",
            "백화점":100,
            "아울렛몰":80,
            "대형마트":80,
            "은행":100,
            "병원":60,
            "종합병원":100,
            "공원":80,
            "혐오시설":0,
            "인프라총점":88.4,
            "초등학군":85.28,
            "중학군":54.94,
            "학군총점":61.008,
            "인구수":22.87,
            "인구증감":-12.97,
            "인구총점":12.118,
            "일자리":11.5,
            "소득수준":68.3,
            "일자리총점":28.54,
            "가치 총점":61.462,
            "매매실거래년":20211111.0,
            "매매실거래가":47000.0,
            "전세실거래년":20211203.0,
            "전세실거래가":25000.0,
            "전세가율":71.84,
            "장기전세가율평균":69.9,
            "전세가율거품지수":-1.94,
            "검색코드":4440,
            "세대수":412,
            "준공년월":"1993-09-17",
            "준공년차":30,
            "가까운역이름":"NA",
            "가까운역거리":"NA",
            "역세권여부":"NA",
            "30분이내주요거점역":"NA",
            "1시간이내주요거점역":"NA",
            "3km이내백화점수":1,
            "5km이내아울렛몰수":1,
            "1km이내대형먀트수":1,
            "500m이내은행수":6,
            "500m이내병원수":11,
            "5km이내대형병원수":8,
            "500m이내공원수":1,
            "3km이내혐오시설수":0,
            "초등학교학업성취도":85.28,
            "중학교학업성취도":88.7,
            "용적률":374,
            "건폐율":37,
            "Y":35.18805,
            "X":129.069506,
            "rank":25.0,
            "area_info":"28평(93.1), 31평(105.52)",
            "last_sales":"2021-11-11,47000.0,31평(105.52)"
        },
        {
            "index":56,
            "아파트명":"거제유림아시아드",
            "투자타입":"일반",
            "전용면적(m2)":"64.36",
            "전용면적(평)":"19평",
            "법정동주소":"부산시 연제구 거제동 714-144",
            "도로명주소":"부산시 연제구 해맞이로 23",
            "세대수":90,
            "입주년차":20,
            "용적률점수":"--",
            "건폐율점수":"--",
            "세대당주차수":60,
            "난방방식":30,
            "공급면적":"--",
            "전용률":"--",
            "욕실수":50,
            "현관타입":100,
            "주거총점":62.5,
            "지역구공급총점":0.0,
            "역세권":"NA",
            "30분내 이동가능 거점":"NA",
            "1시간내 이동가능 거점":"NA",
            "교통총점":"NA",
            "백화점":100,
            "아울렛몰":80,
            "대형마트":0,
            "은행":0,
            "병원":0,
            "종합병원":100,
            "공원":0,
            "혐오시설":0,
            "인프라총점":58.0,
            "초등학군":90.57,
            "중학군":56.02,
            "학군총점":62.93,
            "인구수":22.87,
            "인구증감":-12.97,
            "인구총점":12.118,
            "일자리":11.5,
            "소득수준":68.3,
            "일자리총점":28.54,
            "가치 총점":60.8075,
            "매매실거래년":20220107.0,
            "매매실거래가":60000.0,
            "전세실거래년":20211030.0,
            "전세실거래가":21500.0,
            "전세가율":83.33,
            "장기전세가율평균":69.9,
            "전세가율거품지수":-13.43,
            "검색코드":9713,
            "세대수":1330,
            "준공년월":"2001-09-22",
            "준공년차":22,
            "가까운역이름":"NA",
            "가까운역거리":"NA",
            "역세권여부":"NA",
            "30분이내주요거점역":"NA",
            "1시간이내주요거점역":"NA",
            "3km이내백화점수":1,
            "5km이내아울렛몰수":1,
            "1km이내대형먀트수":0,
            "500m이내은행수":1,
            "500m이내병원수":0,
            "5km이내대형병원수":10,
            "500m이내공원수":0,
            "3km이내혐오시설수":0,
            "초등학교학업성취도":90.57,
            "중학교학업성취도":91.5,
            "용적률":328,
            "건폐율":22,
            "Y":35.177262,
            "X":129.066203,
            "rank":26.0,
            "area_info":"19평(64.36), 24평(80.37), 32평(106.92), 32평(106.69), 32평(107.13), 47평(156.49), 54평(179.75), 61평(203.77)",
            "last_sales":"2022-01-07,60000.0,54평(179.75)"
        },
        {
            "index":20,
            "아파트명":"거제롯데캐슬",
            "투자타입":"일반",
            "전용면적(m2)":"84.64",
            "전용면적(평)":"25평",
            "법정동주소":"부산시 연제구 거제동 1467-1",
            "도로명주소":"부산시 연제구 세병로 44",
            "세대수":50,
            "입주년차":20,
            "용적률점수":"--",
            "건폐율점수":"--",
            "세대당주차수":30,
            "난방방식":30,
            "공급면적":"--",
            "전용률":"--",
            "욕실수":50,
            "현관타입":100,
            "주거총점":44.0,
            "지역구공급총점":0.0,
            "역세권":"NA",
            "30분내 이동가능 거점":"NA",
            "1시간내 이동가능 거점":"NA",
            "교통총점":"NA",
            "백화점":100,
            "아울렛몰":0,
            "대형마트":80,
            "은행":70,
            "병원":60,
            "종합병원":100,
            "공원":0,
            "혐오시설":0,
            "인프라총점":75.0,
            "초등학군":82.73,
            "중학군":54.68,
            "학군총점":60.29,
            "인구수":22.87,
            "인구증감":-12.97,
            "인구총점":12.118,
            "일자리":11.5,
            "소득수준":68.3,
            "일자리총점":28.54,
            "가치 총점":60.4725,
            "매매실거래년":20211115.0,
            "매매실거래가":61200.0,
            "전세실거래년":20211210.0,
            "전세실거래가":31000.0,
            "전세가율":103.33,
            "장기전세가율평균":69.9,
            "전세가율거품지수":-33.43,
            "검색코드":9849,
            "세대수":540,
            "준공년월":"2001-11-29",
            "준공년차":22,
            "가까운역이름":"NA",
            "가까운역거리":"NA",
            "역세권여부":"NA",
            "30분이내주요거점역":"NA",
            "1시간이내주요거점역":"NA",
            "3km이내백화점수":1,
            "5km이내아울렛몰수":0,
            "1km이내대형먀트수":1,
            "500m이내은행수":4,
            "500m이내병원수":17,
            "5km이내대형병원수":7,
            "500m이내공원수":0,
            "3km이내혐오시설수":0,
            "초등학교학업성취도":82.73,
            "중학교학업성취도":88.4,
            "용적률":271,
            "건폐율":17,
            "Y":35.193087,
            "X":129.083836,
            "rank":27.0,
            "area_info":"25평(84.64), 34평(114.71), 40평(134.82)",
            "last_sales":"2021-11-15,61200.0,40평(134.82)"
        },
        {
            "index":388,
            "아파트명":"연산더샵",
            "투자타입":"일반",
            "전용면적(m2)":"59.47",
            "전용면적(평)":"17평",
            "법정동주소":"부산시 연제구 연산동 2352",
            "도로명주소":"부산시 연제구 연수로 130",
            "세대수":90,
            "입주년차":100,
            "용적률점수":"--",
            "건폐율점수":"--",
            "세대당주차수":30,
            "난방방식":30,
            "공급면적":"--",
            "전용률":"--",
            "욕실수":50,
            "현관타입":100,
            "주거총점":74.0,
            "지역구공급총점":0.0,
            "역세권":"NA",
            "30분내 이동가능 거점":"NA",
            "1시간내 이동가능 거점":"NA",
            "교통총점":"NA",
            "백화점":0,
            "아울렛몰":80,
            "대형마트":80,
            "은행":0,
            "병원":60,
            "종합병원":100,
            "공원":80,
            "혐오시설":0,
            "인프라총점":48.4,
            "초등학군":88.16,
            "중학군":53.76,
            "학군총점":60.64,
            "인구수":22.87,
            "인구증감":-12.97,
            "인구총점":12.118,
            "일자리":11.5,
            "소득수준":68.3,
            "일자리총점":28.54,
            "가치 총점":60.42,
            "매매실거래년":20211113.0,
            "매매실거래가":82000.0,
            "전세실거래년":20190813.0,
            "전세실거래가":12900.0,
            "전세가율":null,
            "장기전세가율평균":69.9,
            "전세가율거품지수":null,
            "검색코드":112331,
            "세대수":1071,
            "준공년월":"2019-03-27",
            "준공년차":4,
            "가까운역이름":"NA",
            "가까운역거리":"NA",
            "역세권여부":"NA",
            "30분이내주요거점역":"NA",
            "1시간이내주요거점역":"NA",
            "3km이내백화점수":0,
            "5km이내아울렛몰수":1,
            "1km이내대형먀트수":1,
            "500m이내은행수":0,
            "500m이내병원수":19,
            "5km이내대형병원수":10,
            "500m이내공원수":1,
            "3km이내혐오시설수":0,
            "초등학교학업성취도":88.16,
            "중학교학업성취도":87.4,
            "용적률":289,
            "건폐율":19,
            "Y":35.173625,
            "X":129.084504,
            "rank":28.0,
            "area_info":"17평(59.47), 25평(85.48), 30평(101.88), 34평(112.78), 34평(113.42), 34평(113.04)",
            "last_sales":"2021-11-13,82000.0,34평(113.04)"
        },
        {
            "index":297,
            "아파트명":"삼익",
            "투자타입":"재건축",
            "전용면적(m2)":"57.79",
            "전용면적(평)":"17평",
            "법정동주소":"부산시 연제구 연산동 578-1",
            "도로명주소":"부산시 연제구 중앙대로 1164",
            "세대수":30,
            "입주년차":"--",
            "용적률점수":0,
            "건폐율점수":80,
            "세대당주차수":"--",
            "난방방식":"--",
            "공급면적":50,
            "전용률":60,
            "욕실수":"--",
            "현관타입":"--",
            "주거총점":30.5,
            "지역구공급총점":0.0,
            "역세권":"NA",
            "30분내 이동가능 거점":"NA",
            "1시간내 이동가능 거점":"NA",
            "교통총점":"NA",
            "백화점":100,
            "아울렛몰":80,
            "대형마트":80,
            "은행":100,
            "병원":60,
            "종합병원":100,
            "공원":0,
            "혐오시설":0,
            "인프라총점":86.0,
            "초등학군":82.73,
            "중학군":54.68,
            "학군총점":60.29,
            "인구수":22.87,
            "인구증감":-12.97,
            "인구총점":12.118,
            "일자리":11.5,
            "소득수준":68.3,
            "일자리총점":28.54,
            "가치 총점":60.1475,
            "매매실거래년":20211111.0,
            "매매실거래가":47000.0,
            "전세실거래년":20210628.0,
            "전세실거래가":13000.0,
            "전세가율":60.47,
            "장기전세가율평균":69.9,
            "전세가율거품지수":9.43,
            "검색코드":4339,
            "세대수":305,
            "준공년월":"1979-07-10",
            "준공년차":44,
            "가까운역이름":"NA",
            "가까운역거리":"NA",
            "역세권여부":"NA",
            "30분이내주요거점역":"NA",
            "1시간이내주요거점역":"NA",
            "3km이내백화점수":1,
            "5km이내아울렛몰수":1,
            "1km이내대형먀트수":1,
            "500m이내은행수":5,
            "500m이내병원수":28,
            "5km이내대형병원수":7,
            "500m이내공원수":0,
            "3km이내혐오시설수":0,
            "초등학교학업성취도":82.73,
            "중학교학업성취도":88.4,
            "용적률":268,
            "건폐율":22,
            "Y":35.191381,
            "X":129.081178,
            "rank":29.0,
            "area_info":"17평(57.79), 17평(57.79), 18평(61.75), 18평(61.75), 18평(61.75), 25평(84.4), 25평(84.2), 26평(86.15), 34평(113.55)",
            "last_sales":"2021-11-11,47000.0,34평(113.55)"
        },
        {
            "index":28,
            "아파트명":"거제삼정그린코아",
            "투자타입":"일반",
            "전용면적(m2)":"84.05",
            "전용면적(평)":"25평",
            "법정동주소":"부산시 연제구 거제동 1272",
            "도로명주소":"부산시 연제구 월드컵대로 325",
            "세대수":50,
            "입주년차":20,
            "용적률점수":"--",
            "건폐율점수":"--",
            "세대당주차수":30,
            "난방방식":30,
            "공급면적":"--",
            "전용률":"--",
            "욕실수":50,
            "현관타입":100,
            "주거총점":44.0,
            "지역구공급총점":0.0,
            "역세권":"NA",
            "30분내 이동가능 거점":"NA",
            "1시간내 이동가능 거점":"NA",
            "교통총점":"NA",
            "백화점":100,
            "아울렛몰":80,
            "대형마트":80,
            "은행":0,
            "병원":30,
            "종합병원":100,
            "공원":0,
            "혐오시설":0,
            "인프라총점":73.0,
            "초등학군":85.28,
            "중학군":54.94,
            "학군총점":61.008,
            "인구수":22.87,
            "인구증감":-12.97,
            "인구총점":12.118,
            "일자리":11.5,
            "소득수준":68.3,
            "일자리총점":28.54,
            "가치 총점":59.852,
            "매매실거래년":20211127.0,
            "매매실거래가":46000.0,
            "전세실거래년":20210619.0,
            "전세실거래가":16800.0,
            "전세가율":84.0,
            "장기전세가율평균":69.9,
            "전세가율거품지수":-14.1,
            "검색코드":10486,
            "세대수":408,
            "준공년월":"2001-10-26",
            "준공년차":22,
            "가까운역이름":"NA",
            "가까운역거리":"NA",
            "역세권여부":"NA",
            "30분이내주요거점역":"NA",
            "1시간이내주요거점역":"NA",
            "3km이내백화점수":1,
            "5km이내아울렛몰수":1,
            "1km이내대형먀트수":1,
            "500m이내은행수":1,
            "500m이내병원수":7,
            "5km이내대형병원수":7,
            "500m이내공원수":0,
            "3km이내혐오시설수":0,
            "초등학교학업성취도":85.28,
            "중학교학업성취도":88.7,
            "용적률":290,
            "건폐율":20,
            "Y":35.18873,
            "X":129.062927,
            "rank":30.0,
            "area_info":"25평(84.05), 30평(102.18), 35평(116.05), 42평(142.11)",
            "last_sales":"2021-11-27,46000.0,35평(116.05)"
        },
        {
            "index":555,
            "아파트명":"힐스테이트연산2단지",
            "투자타입":"일반",
            "전용면적(m2)":"82.19",
            "전용면적(평)":"24평",
            "법정동주소":"부산시 연제구 연산동 2022",
            "도로명주소":"부산시 연제구",
            "세대수":90,
            "입주년차":100,
            "용적률점수":"--",
            "건폐율점수":"--",
            "세대당주차수":0,
            "난방방식":30,
            "공급면적":"--",
            "전용률":"--",
            "욕실수":100,
            "현관타입":100,
            "주거총점":74.5,
            "지역구공급총점":0.0,
            "역세권":"NA",
            "30분내 이동가능 거점":"NA",
            "1시간내 이동가능 거점":"NA",
            "교통총점":"NA",
            "백화점":0,
            "아울렛몰":80,
            "대형마트":80,
            "은행":0,
            "병원":60,
            "종합병원":100,
            "공원":0,
            "혐오시설":0,
            "인프라총점":46.0,
            "초등학군":85.65,
            "중학군":53.76,
            "학군총점":60.138,
            "인구수":22.87,
            "인구증감":-12.97,
            "인구총점":12.118,
            "일자리":11.5,
            "소득수준":68.3,
            "일자리총점":28.54,
            "가치 총점":59.5095,
            "매매실거래년":"18000101",
            "매매실거래가":null,
            "전세실거래년":null,
            "전세실거래가":null,
            "전세가율":null,
            "장기전세가율평균":69.9,
            "전세가율거품지수":null,
            "검색코드":124249,
            "세대수":1309,
            "준공년월":"2021-11-01",
            "준공년차":2,
            "가까운역이름":"NA",
            "가까운역거리":"NA",
            "역세권여부":"NA",
            "30분이내주요거점역":"NA",
            "1시간이내주요거점역":"NA",
            "3km이내백화점수":0,
            "5km이내아울렛몰수":1,
            "1km이내대형먀트수":1,
            "500m이내은행수":0,
            "500m이내병원수":11,
            "5km이내대형병원수":11,
            "500m이내공원수":0,
            "3km이내혐오시설수":0,
            "초등학교학업성취도":85.65,
            "중학교학업성취도":87.4,
            "용적률":0,
            "건폐율":0,
            "Y":35.17103,
            "X":129.087831,
            "rank":31.0,
            "area_info":"24평(82.19), 30평(101.27), 33평(111.25), 33평(111.7), 33평(111.26)",
            "last_sales":"1800-01-01,nan,24평(82.19)"
        },
        {
            "index":478,
            "아파트명":"연제롯데캐슬앤데시앙",
            "투자타입":"일반",
            "전용면적(m2)":"83.83",
            "전용면적(평)":"25평",
            "법정동주소":"부산시 연제구 연산동 2341",
            "도로명주소":"부산시 연제구 월드컵대로 55",
            "세대수":90,
            "입주년차":80,
            "용적률점수":"--",
            "건폐율점수":"--",
            "세대당주차수":30,
            "난방방식":30,
            "공급면적":"--",
            "전용률":"--",
            "욕실수":100,
            "현관타입":100,
            "주거총점":75.0,
            "지역구공급총점":0.0,
            "역세권":"NA",
            "30분내 이동가능 거점":"NA",
            "1시간내 이동가능 거점":"NA",
            "교통총점":"NA",
            "백화점":0,
            "아울렛몰":80,
            "대형마트":80,
            "은행":0,
            "병원":30,
            "종합병원":100,
            "공원":100,
            "혐오시설":0,
            "인프라총점":46.0,
            "초등학군":88.16,
            "중학군":48.6,
            "학군총점":56.512,
            "인구수":22.87,
            "인구증감":-12.97,
            "인구총점":12.118,
            "일자리":11.5,
            "소득수준":68.3,
            "일자리총점":28.54,
            "가치 총점":58.778,
            "매매실거래년":20210904.0,
            "매매실거래가":105000.0,
            "전세실거래년":20211111.0,
            "전세실거래가":41000.0,
            "전세가율":58.82,
            "장기전세가율평균":69.9,
            "전세가율거품지수":11.08,
            "검색코드":110733,
            "세대수":1168,
            "준공년월":"2018-10-12",
            "준공년차":5,
            "가까운역이름":"NA",
            "가까운역거리":"NA",
            "역세권여부":"NA",
            "30분이내주요거점역":"NA",
            "1시간이내주요거점역":"NA",
            "3km이내백화점수":0,
            "5km이내아울렛몰수":1,
            "1km이내대형먀트수":1,
            "500m이내은행수":0,
            "500m이내병원수":9,
            "5km이내대형병원수":10,
            "500m이내공원수":2,
            "3km이내혐오시설수":0,
            "초등학교학업성취도":88.16,
            "중학교학업성취도":79.6,
            "용적률":307,
            "건폐율":17,
            "Y":35.179555,
            "X":129.083264,
            "rank":32.0,
            "area_info":"25평(83.83), 25평(84.08), 29평(98.45), 33평(111.31), 33평(111.26), 33평(112.39), 33평(112.34), 34평(113.07), 40평(133.17)",
            "last_sales":"2021-09-04,105000.0,40평(133.17)"
        },
        {
            "index":138,
            "아파트명":"온천천쌍용예가",
            "투자타입":"일반",
            "전용면적(m2)":"111.44",
            "전용면적(평)":"33평",
            "법정동주소":"부산시 연제구 거제동 1466-17",
            "도로명주소":"부산시 연제구 세병로 68",
            "세대수":30,
            "입주년차":40,
            "용적률점수":"--",
            "건폐율점수":"--",
            "세대당주차수":30,
            "난방방식":30,
            "공급면적":"--",
            "전용률":"--",
            "욕실수":100,
            "현관타입":100,
            "주거총점":46.0,
            "지역구공급총점":0.0,
            "역세권":"NA",
            "30분내 이동가능 거점":"NA",
            "1시간내 이동가능 거점":"NA",
            "교통총점":"NA",
            "백화점":100,
            "아울렛몰":0,
            "대형마트":80,
            "은행":0,
            "병원":60,
            "종합병원":100,
            "공원":0,
            "혐오시설":0,
            "인프라총점":68.0,
            "초등학군":82.73,
            "중학군":54.68,
            "학군총점":60.29,
            "인구수":22.87,
            "인구증감":-12.97,
            "인구총점":12.118,
            "일자리":11.5,
            "소득수준":68.3,
            "일자리총점":28.54,
            "가치 총점":58.3725,
            "매매실거래년":20210822.0,
            "매매실거래가":61000.0,
            "전세실거래년":20220110.0,
            "전세실거래가":30450.0,
            "전세가율":49.92,
            "장기전세가율평균":69.9,
            "전세가율거품지수":19.98,
            "검색코드":13919,
            "세대수":336,
            "준공년월":"2006-06-02",
            "준공년차":17,
            "가까운역이름":"NA",
            "가까운역거리":"NA",
            "역세권여부":"NA",
            "30분이내주요거점역":"NA",
            "1시간이내주요거점역":"NA",
            "3km이내백화점수":1,
            "5km이내아울렛몰수":0,
            "1km이내대형먀트수":1,
            "500m이내은행수":1,
            "500m이내병원수":11,
            "5km이내대형병원수":6,
            "500m이내공원수":0,
            "3km이내혐오시설수":0,
            "초등학교학업성취도":82.73,
            "중학교학업성취도":88.4,
            "용적률":318,
            "건폐율":19,
            "Y":35.194628,
            "X":129.083922,
            "rank":33.0,
            "area_info":"33평(111.44), 46평(152.79)",
            "last_sales":"2021-08-22,61000.0,33평(111.44)"
        },
        {
            "index":68,
            "아파트명":"거제한일유앤아이",
            "투자타입":"일반",
            "전용면적(m2)":"108.85",
            "전용면적(평)":"32평",
            "법정동주소":"부산시 연제구 거제동 18-3",
            "도로명주소":"부산시 연제구 월드컵대로 196",
            "세대수":0,
            "입주년차":40,
            "용적률점수":"--",
            "건폐율점수":"--",
            "세대당주차수":60,
            "난방방식":30,
            "공급면적":"--",
            "전용률":"--",
            "욕실수":100,
            "현관타입":50,
            "주거총점":35.0,
            "지역구공급총점":0.0,
            "역세권":"NA",
            "30분내 이동가능 거점":"NA",
            "1시간내 이동가능 거점":"NA",
            "교통총점":"NA",
            "백화점":100,
            "아울렛몰":80,
            "대형마트":0,
            "은행":100,
            "병원":60,
            "종합병원":100,
            "공원":80,
            "혐오시설":0,
            "인프라총점":76.4,
            "초등학군":89.6,
            "중학군":54.68,
            "학군총점":61.664,
            "인구수":22.87,
            "인구증감":-12.97,
            "인구총점":12.118,
            "일자리":11.5,
            "소득수준":68.3,
            "일자리총점":28.54,
            "가치 총점":58.226,
            "매매실거래년":20210705.0,
            "매매실거래가":64800.0,
            "전세실거래년":20200129.0,
            "전세실거래가":26000.0,
            "전세가율":57.78,
            "장기전세가율평균":69.9,
            "전세가율거품지수":12.12,
            "검색코드":24305,
            "세대수":202,
            "준공년월":"2007-10-30",
            "준공년차":16,
            "가까운역이름":"NA",
            "가까운역거리":"NA",
            "역세권여부":"NA",
            "30분이내주요거점역":"NA",
            "1시간이내주요거점역":"NA",
            "3km이내백화점수":1,
            "5km이내아울렛몰수":1,
            "1km이내대형먀트수":0,
            "500m이내은행수":7,
            "500m이내병원수":16,
            "5km이내대형병원수":8,
            "500m이내공원수":1,
            "3km이내혐오시설수":0,
            "초등학교학업성취도":89.6,
            "중학교학업성취도":88.4,
            "용적률":456,
            "건폐율":27,
            "Y":35.188737,
            "X":129.075423,
            "rank":34.0,
            "area_info":"32평(108.85), 32평(108.67), 42평(139.86), 42평(139.73), 45평(150.03)",
            "last_sales":"2021-07-05,64800.0,45평(150.03)"
        },
        {
            "index":275,
            "아파트명":"부산더샵시티애비뉴",
            "투자타입":"일반",
            "전용면적(m2)":"84.87",
            "전용면적(평)":"25평",
            "법정동주소":"부산시 연제구 연산동 1361-7",
            "도로명주소":"부산시 연제구 시청로 6",
            "세대수":0,
            "입주년차":80,
            "용적률점수":"--",
            "건폐율점수":"--",
            "세대당주차수":80,
            "난방방식":30,
            "공급면적":"--",
            "전용률":"--",
            "욕실수":100,
            "현관타입":100,
            "주거총점":51.0,
            "지역구공급총점":0.0,
            "역세권":"NA",
            "30분내 이동가능 거점":"NA",
            "1시간내 이동가능 거점":"NA",
            "교통총점":"NA",
            "백화점":0,
            "아울렛몰":80,
            "대형마트":80,
            "은행":100,
            "병원":80,
            "종합병원":100,
            "공원":100,
            "혐오시설":0,
            "인프라총점":61.0,
            "초등학군":89.6,
            "중학군":56.02,
            "학군총점":62.736,
            "인구수":22.87,
            "인구증감":-12.97,
            "인구총점":12.118,
            "일자리":11.5,
            "소득수준":68.3,
            "일자리총점":28.54,
            "가치 총점":57.934,
            "매매실거래년":20211123.0,
            "매매실거래가":45000.0,
            "전세실거래년":20211002.0,
            "전세실거래가":37000.0,
            "전세가율":82.22,
            "장기전세가율평균":69.9,
            "전세가율거품지수":-12.32,
            "검색코드":106654,
            "세대수":232,
            "준공년월":"2015-11-30",
            "준공년차":8,
            "가까운역이름":"NA",
            "가까운역거리":"NA",
            "역세권여부":"NA",
            "30분이내주요거점역":"NA",
            "1시간이내주요거점역":"NA",
            "3km이내백화점수":0,
            "5km이내아울렛몰수":1,
            "1km이내대형먀트수":1,
            "500m이내은행수":9,
            "500m이내병원수":31,
            "5km이내대형병원수":10,
            "500m이내공원수":3,
            "3km이내혐오시설수":0,
            "초등학교학업성취도":89.6,
            "중학교학업성취도":91.5,
            "용적률":881,
            "건폐율":55,
            "Y":35.181111,
            "X":129.076502,
            "rank":35.0,
            "area_info":"25평(84.87), 33평(110.37), 33평(110.37)",
            "last_sales":"2021-11-23,45000.0,25평(84.87)"
        },
        {
            "index":285,
            "아파트명":"브라운스톤연제1단지",
            "투자타입":"일반",
            "전용면적(m2)":"83.3",
            "전용면적(평)":"25평",
            "법정동주소":"부산시 연제구 연산동 2322",
            "도로명주소":"부산시 연제구 연제로8번길 29",
            "세대수":30,
            "입주년차":80,
            "용적률점수":"--",
            "건폐율점수":"--",
            "세대당주차수":30,
            "난방방식":30,
            "공급면적":"--",
            "전용률":"--",
            "욕실수":100,
            "현관타입":100,
            "주거총점":54.0,
            "지역구공급총점":0.0,
            "역세권":"NA",
            "30분내 이동가능 거점":"NA",
            "1시간내 이동가능 거점":"NA",
            "교통총점":"NA",
            "백화점":0,
            "아울렛몰":80,
            "대형마트":80,
            "은행":100,
            "병원":60,
            "종합병원":100,
            "공원":100,
            "혐오시설":0,
            "인프라총점":59.0,
            "초등학군":88.16,
            "중학군":53.76,
            "학군총점":60.64,
            "인구수":22.87,
            "인구증감":-12.97,
            "인구총점":12.118,
            "일자리":11.5,
            "소득수준":68.3,
            "일자리총점":28.54,
            "가치 총점":57.66,
            "매매실거래년":20211212.0,
            "매매실거래가":68500.0,
            "전세실거래년":20211006.0,
            "전세실거래가":27200.0,
            "전세가율":60.44,
            "장기전세가율평균":69.9,
            "전세가율거품지수":9.46,
            "검색코드":108252,
            "세대수":304,
            "준공년월":"2016-12-30",
            "준공년차":7,
            "가까운역이름":"NA",
            "가까운역거리":"NA",
            "역세권여부":"NA",
            "30분이내주요거점역":"NA",
            "1시간이내주요거점역":"NA",
            "3km이내백화점수":0,
            "5km이내아울렛몰수":1,
            "1km이내대형먀트수":1,
            "500m이내은행수":9,
            "500m이내병원수":17,
            "5km이내대형병원수":10,
            "500m이내공원수":2,
            "3km이내혐오시설수":0,
            "초등학교학업성취도":88.16,
            "중학교학업성취도":87.4,
            "용적률":229,
            "건폐율":26,
            "Y":35.177751,
            "X":129.078468,
            "rank":36.0,
            "area_info":"25평(83.3), 29평(99.08), 33평(110.0)",
            "last_sales":"2021-12-12,68500.0,33평(110.0)"
        },
        {
            "index":77,
            "아파트명":"다뉴브하이타운",
            "투자타입":"일반",
            "전용면적(m2)":"88.23",
            "전용면적(평)":"26평",
            "법정동주소":"부산시 연제구 거제동 1088-5",
            "도로명주소":"부산시 연제구 월드컵대로252번길 5",
            "세대수":0,
            "입주년차":0,
            "용적률점수":"--",
            "건폐율점수":"--",
            "세대당주차수":0,
            "난방방식":30,
            "공급면적":"--",
            "전용률":"--",
            "욕실수":50,
            "현관타입":100,
            "주거총점":18.0,
            "지역구공급총점":0.0,
            "역세권":"NA",
            "30분내 이동가능 거점":"NA",
            "1시간내 이동가능 거점":"NA",
            "교통총점":"NA",
            "백화점":100,
            "아울렛몰":80,
            "대형마트":80,
            "은행":100,
            "병원":60,
            "종합병원":100,
            "공원":100,
            "혐오시설":0,
            "인프라총점":89.0,
            "초등학군":94.67,
            "중학군":54.58,
            "학군총점":62.598,
            "인구수":22.87,
            "인구증감":-12.97,
            "인구총점":12.118,
            "일자리":11.5,
            "소득수준":68.3,
            "일자리총점":28.54,
            "가치 총점":57.5495,
            "매매실거래년":20211016.0,
            "매매실거래가":33000.0,
            "전세실거래년":20211022.0,
            "전세실거래가":19000.0,
            "전세가율":75.1,
            "장기전세가율평균":69.9,
            "전세가율거품지수":-5.2,
            "검색코드":4409,
            "세대수":144,
            "준공년월":"1993-11-06",
            "준공년차":30,
            "가까운역이름":"NA",
            "가까운역거리":"NA",
            "역세권여부":"NA",
            "30분이내주요거점역":"NA",
            "1시간이내주요거점역":"NA",
            "3km이내백화점수":1,
            "5km이내아울렛몰수":1,
            "1km이내대형먀트수":1,
            "500m이내은행수":6,
            "500m이내병원수":21,
            "5km이내대형병원수":6,
            "500m이내공원수":2,
            "3km이내혐오시설수":0,
            "초등학교학업성취도":94.67,
            "중학교학업성취도":88.5,
            "용적률":444,
            "건폐율":28,
            "Y":35.191075,
            "X":129.069897,
            "rank":37.0,
            "area_info":"26평(88.23), 30평(100.06), 30평(101.87)",
            "last_sales":"2021-10-16,33000.0,30평(101.87)"
        },
        {
            "index":151,
            "아파트명":"일동미라주리버",
            "투자타입":"일반",
            "전용면적(m2)":"109.66",
            "전용면적(평)":"33평",
            "법정동주소":"부산시 연제구 거제동 1515",
            "도로명주소":"부산시 연제구 세병로 74",
            "세대수":0,
            "입주년차":80,
            "용적률점수":"--",
            "건폐율점수":"--",
            "세대당주차수":30,
            "난방방식":30,
            "공급면적":"--",
            "전용률":"--",
            "욕실수":100,
            "현관타입":100,
            "주거총점":43.5,
            "지역구공급총점":0.0,
            "역세권":"NA",
            "30분내 이동가능 거점":"NA",
            "1시간내 이동가능 거점":"NA",
            "교통총점":"NA",
            "백화점":100,
            "아울렛몰":0,
            "대형마트":80,
            "은행":0,
            "병원":60,
            "종합병원":100,
            "공원":0,
            "혐오시설":0,
            "인프라총점":68.0,
            "초등학군":82.73,
            "중학군":54.68,
            "학군총점":60.29,
            "인구수":22.87,
            "인구증감":-12.97,
            "인구총점":12.118,
            "일자리":11.5,
            "소득수준":68.3,
            "일자리총점":28.54,
            "가치 총점":57.4975,
            "매매실거래년":20210821.0,
            "매매실거래가":67500.0,
            "전세실거래년":20210604.0,
            "전세실거래가":44500.0,
            "전세가율":77.39,
            "장기전세가율평균":69.9,
            "전세가율거품지수":-7.49,
            "검색코드":104174,
            "세대수":220,
            "준공년월":"2014-08-28",
            "준공년차":9,
            "가까운역이름":"NA",
            "가까운역거리":"NA",
            "역세권여부":"NA",
            "30분이내주요거점역":"NA",
            "1시간이내주요거점역":"NA",
            "3km이내백화점수":1,
            "5km이내아울렛몰수":0,
            "1km이내대형먀트수":1,
            "500m이내은행수":1,
            "500m이내병원수":11,
            "5km이내대형병원수":6,
            "500m이내공원수":0,
            "3km이내혐오시설수":0,
            "초등학교학업성취도":82.73,
            "중학교학업성취도":88.4,
            "용적률":299,
            "건폐율":18,
            "Y":35.195048,
            "X":129.083324,
            "rank":38.0,
            "area_info":"33평(109.66), 33평(110.17), 33평(110.25), 33평(110.33), 33평(110.33), 33평(111.1)",
            "last_sales":"2021-08-21,67500.0,33평(110.33)"
        },
        {
            "index":355,
            "아파트명":"시청역퀸즈W(도시형)",
            "투자타입":"일반",
            "전용면적(m2)":"47.58",
            "전용면적(평)":"14평",
            "법정동주소":"부산시 연제구 연산동 859-2",
            "도로명주소":"부산시 연제구 연제로 7",
            "세대수":0,
            "입주년차":80,
            "용적률점수":"--",
            "건폐율점수":"--",
            "세대당주차수":0,
            "난방방식":30,
            "공급면적":"--",
            "전용률":"--",
            "욕실수":50,
            "현관타입":10,
            "주거총점":25.0,
            "지역구공급총점":0.0,
            "역세권":"NA",
            "30분내 이동가능 거점":"NA",
            "1시간내 이동가능 거점":"NA",
            "교통총점":"NA",
            "백화점":100,
            "아울렛몰":80,
            "대형마트":80,
            "은행":100,
            "병원":10,
            "종합병원":100,
            "공원":80,
            "혐오시설":0,
            "인프라총점":83.4,
            "초등학군":88.16,
            "중학군":53.76,
            "학군총점":60.64,
            "인구수":22.87,
            "인구증감":-12.97,
            "인구총점":12.118,
            "일자리":11.5,
            "소득수준":68.3,
            "일자리총점":28.54,
            "가치 총점":57.27,
            "매매실거래년":20170303.0,
            "매매실거래가":18900.0,
            "전세실거래년":null,
            "전세실거래가":null,
            "전세가율":null,
            "장기전세가율평균":69.9,
            "전세가율거품지수":null,
            "검색코드":109950,
            "세대수":143,
            "준공년월":"2016-11-01",
            "준공년차":7,
            "가까운역이름":"NA",
            "가까운역거리":"NA",
            "역세권여부":"NA",
            "30분이내주요거점역":"NA",
            "1시간이내주요거점역":"NA",
            "3km이내백화점수":1,
            "5km이내아울렛몰수":1,
            "1km이내대형먀트수":1,
            "500m이내은행수":10,
            "500m이내병원수":4,
            "5km이내대형병원수":11,
            "500m이내공원수":1,
            "3km이내혐오시설수":0,
            "초등학교학업성취도":88.16,
            "중학교학업성취도":87.4,
            "용적률":810,
            "건폐율":69,
            "Y":35.17594,
            "X":129.078097,
            "rank":39.0,
            "area_info":"14평(47.58), 18평(61.54), 18평(62.57), 19평(65.52), 21평(69.77), 21평(70.53), 21평(72.32), 22평(72.92), 21평(72.23), 21평(72.17), 22평(73.98), 22평(73.85), 22평(73.94), 22평(73.04), 22평(73.79), 22평(73.62), 22평(73.62), 22평(74.31)",
            "last_sales":"2017-03-03,18900.0,21평(72.23)"
        },
        {
            "index":166,
            "아파트명":"현대(1025)",
            "투자타입":"일반",
            "전용면적(m2)":"72.77",
            "전용면적(평)":"22평",
            "법정동주소":"부산시 연제구 거제동 1025",
            "도로명주소":"부산시 연제구 아시아드대로46번길 15",
            "세대수":0,
            "입주년차":0,
            "용적률점수":"--",
            "건폐율점수":"--",
            "세대당주차수":0,
            "난방방식":30,
            "공급면적":"--",
            "전용률":"--",
            "욕실수":50,
            "현관타입":100,
            "주거총점":18.0,
            "지역구공급총점":0.0,
            "역세권":"NA",
            "30분내 이동가능 거점":"NA",
            "1시간내 이동가능 거점":"NA",
            "교통총점":"NA",
            "백화점":100,
            "아울렛몰":80,
            "대형마트":80,
            "은행":100,
            "병원":60,
            "종합병원":100,
            "공원":80,
            "혐오시설":0,
            "인프라총점":88.4,
            "초등학군":85.28,
            "중학군":54.94,
            "학군총점":61.008,
            "인구수":22.87,
            "인구증감":-12.97,
            "인구총점":12.118,
            "일자리":11.5,
            "소득수준":68.3,
            "일자리총점":28.54,
            "가치 총점":56.912,
            "매매실거래년":20211028.0,
            "매매실거래가":34000.0,
            "전세실거래년":20210911.0,
            "전세실거래가":17300.0,
            "전세가율":50.88,
            "장기전세가율평균":69.9,
            "전세가율거품지수":19.02,
            "검색코드":4450,
            "세대수":273,
            "준공년월":"1995-09-05",
            "준공년차":28,
            "가까운역이름":"NA",
            "가까운역거리":"NA",
            "역세권여부":"NA",
            "30분이내주요거점역":"NA",
            "1시간이내주요거점역":"NA",
            "3km이내백화점수":1,
            "5km이내아울렛몰수":1,
            "1km이내대형먀트수":1,
            "500m이내은행수":6,
            "500m이내병원수":19,
            "5km이내대형병원수":7,
            "500m이내공원수":1,
            "3km이내혐오시설수":0,
            "초등학교학업성취도":85.28,
            "중학교학업성취도":88.7,
            "용적률":326,
            "건폐율":25,
            "Y":35.189132,
            "X":129.069433,
            "rank":40.0,
            "area_info":"22평(72.77), 22평(73.04), 31평(103.58)",
            "last_sales":"2021-10-28,34000.0,22평(72.77)"
        },
        {
            "index":10,
            "아파트명":"거제2차월드메르디앙",
            "투자타입":"일반",
            "전용면적(m2)":"111.23",
            "전용면적(평)":"33평",
            "법정동주소":"부산시 연제구 거제동 1502",
            "도로명주소":"부산시 연제구 중앙대로 1188",
            "세대수":0,
            "입주년차":40,
            "용적률점수":"--",
            "건폐율점수":"--",
            "세대당주차수":60,
            "난방방식":30,
            "공급면적":"--",
            "전용률":"--",
            "욕실수":100,
            "현관타입":100,
            "주거총점":40.0,
            "지역구공급총점":0.0,
            "역세권":"NA",
            "30분내 이동가능 거점":"NA",
            "1시간내 이동가능 거점":"NA",
            "교통총점":"NA",
            "백화점":100,
            "아울렛몰":0,
            "대형마트":80,
            "은행":0,
            "병원":60,
            "종합병원":100,
            "공원":0,
            "혐오시설":0,
            "인프라총점":68.0,
            "초등학군":94.11,
            "중학군":54.68,
            "학군총점":62.566,
            "인구수":22.87,
            "인구증감":-12.97,
            "인구총점":12.118,
            "일자리":11.5,
            "소득수준":68.3,
            "일자리총점":28.54,
            "가치 총점":56.8415,
            "매매실거래년":20201116.0,
            "매매실거래가":59200.0,
            "전세실거래년":20210605.0,
            "전세실거래가":42000.0,
            "전세가율":77.06,
            "장기전세가율평균":69.9,
            "전세가율거품지수":-7.16,
            "검색코드":22438,
            "세대수":142,
            "준공년월":"2007-08-02",
            "준공년차":16,
            "가까운역이름":"NA",
            "가까운역거리":"NA",
            "역세권여부":"NA",
            "30분이내주요거점역":"NA",
            "1시간이내주요거점역":"NA",
            "3km이내백화점수":1,
            "5km이내아울렛몰수":0,
            "1km이내대형먀트수":1,
            "500m이내은행수":1,
            "500m이내병원수":11,
            "5km이내대형병원수":7,
            "500m이내공원수":0,
            "3km이내혐오시설수":0,
            "초등학교학업성취도":94.11,
            "중학교학업성취도":88.4,
            "용적률":305,
            "건폐율":18,
            "Y":35.194115,
            "X":129.080764,
            "rank":41.0,
            "area_info":"33평(111.23), 48평(159.87)",
            "last_sales":"2020-11-16,59200.0,48평(159.87)"
        },
        {
            "index":333,
            "아파트명":"센텀리버SK뷰",
            "투자타입":"일반",
            "전용면적(m2)":"85.44",
            "전용면적(평)":"25평",
            "법정동주소":"부산시 연제구 연산동 2317",
            "도로명주소":"부산시 연제구 좌수영로 225",
            "세대수":50,
            "입주년차":80,
            "용적률점수":"--",
            "건폐율점수":"--",
            "세대당주차수":30,
            "난방방식":30,
            "공급면적":"--",
            "전용률":"--",
            "욕실수":100,
            "현관타입":100,
            "주거총점":61.0,
            "지역구공급총점":0.0,
            "역세권":"NA",
            "30분내 이동가능 거점":"NA",
            "1시간내 이동가능 거점":"NA",
            "교통총점":"NA",
            "백화점":100,
            "아울렛몰":0,
            "대형마트":0,
            "은행":0,
            "병원":0,
            "종합병원":100,
            "공원":100,
            "혐오시설":-100,
            "인프라총점":51.0,
            "초등학군":86.03,
            "중학군":50.18,
            "학군총점":57.35,
            "인구수":22.87,
            "인구증감":-12.97,
            "인구총점":12.118,
            "일자리":11.5,
            "소득수준":68.3,
            "일자리총점":28.54,
            "가치 총점":56.0875,
            "매매실거래년":20211228.0,
            "매매실거래가":53000.0,
            "전세실거래년":20211123.0,
            "전세실거래가":26250.0,
            "전세가율":49.53,
            "장기전세가율평균":69.9,
            "전세가율거품지수":20.37,
            "검색코드":108489,
            "세대수":529,
            "준공년월":"2017-01-23",
            "준공년차":6,
            "가까운역이름":"NA",
            "가까운역거리":"NA",
            "역세권여부":"NA",
            "30분이내주요거점역":"NA",
            "1시간이내주요거점역":"NA",
            "3km이내백화점수":2,
            "5km이내아울렛몰수":0,
            "1km이내대형먀트수":0,
            "500m이내은행수":0,
            "500m이내병원수":0,
            "5km이내대형병원수":8,
            "500m이내공원수":2,
            "3km이내혐오시설수":3,
            "초등학교학업성취도":86.03,
            "중학교학업성취도":82.3,
            "용적률":273,
            "건폐율":21,
            "Y":35.182908,
            "X":129.113904,
            "rank":42.0,
            "area_info":"25평(85.44), 34평(112.49), 34평(113.4)",
            "last_sales":"2021-12-28,53000.0,25평(85.44)"
        },
        {
            "index":281,
            "아파트명":"부산센텀푸르지오",
            "투자타입":"일반",
            "전용면적(m2)":"79.78",
            "전용면적(평)":"24평",
            "법정동주소":"부산시 연제구 연산동 2307",
            "도로명주소":"부산시 연제구 고분로 280",
            "세대수":50,
            "입주년차":80,
            "용적률점수":"--",
            "건폐율점수":"--",
            "세대당주차수":30,
            "난방방식":30,
            "공급면적":"--",
            "전용률":"--",
            "욕실수":100,
            "현관타입":100,
            "주거총점":61.0,
            "지역구공급총점":0.0,
            "역세권":"NA",
            "30분내 이동가능 거점":"NA",
            "1시간내 이동가능 거점":"NA",
            "교통총점":"NA",
            "백화점":100,
            "아울렛몰":0,
            "대형마트":0,
            "은행":0,
            "병원":0,
            "종합병원":100,
            "공원":100,
            "혐오시설":-100,
            "인프라총점":51.0,
            "초등학군":86.03,
            "중학군":50.18,
            "학군총점":57.35,
            "인구수":22.87,
            "인구증감":-12.97,
            "인구총점":12.118,
            "일자리":11.5,
            "소득수준":68.3,
            "일자리총점":28.54,
            "가치 총점":56.0875,
            "매매실거래년":20211120.0,
            "매매실거래가":50500.0,
            "전세실거래년":20211129.0,
            "전세실거래가":32000.0,
            "전세가율":63.37,
            "장기전세가율평균":69.9,
            "전세가율거품지수":6.53,
            "검색코드":105134,
            "세대수":560,
            "준공년월":"2015-01-29",
            "준공년차":8,
            "가까운역이름":"NA",
            "가까운역거리":"NA",
            "역세권여부":"NA",
            "30분이내주요거점역":"NA",
            "1시간이내주요거점역":"NA",
            "3km이내백화점수":2,
            "5km이내아울렛몰수":0,
            "1km이내대형먀트수":0,
            "500m이내은행수":0,
            "500m이내병원수":0,
            "5km이내대형병원수":8,
            "500m이내공원수":2,
            "3km이내혐오시설수":3,
            "초등학교학업성취도":86.03,
            "중학교학업성취도":82.3,
            "용적률":260,
            "건폐율":21,
            "Y":35.18315,
            "X":129.113084,
            "rank":42.0,
            "area_info":"24평(79.78), 29평(98.47), 33평(111.72), 34평(112.86)",
            "last_sales":"2021-11-20,50500.0,24평(79.78)"
        },
        {
            "index":336,
            "아파트명":"센텀수영강푸르지오",
            "투자타입":"일반",
            "전용면적(m2)":"78.0",
            "전용면적(평)":"23평",
            "법정동주소":"부산시 연제구 연산동 129",
            "도로명주소":"부산시 연제구 고분로 270",
            "세대수":50,
            "입주년차":40,
            "용적률점수":"--",
            "건폐율점수":"--",
            "세대당주차수":30,
            "난방방식":30,
            "공급면적":"--",
            "전용률":"--",
            "욕실수":100,
            "현관타입":100,
            "주거총점":53.0,
            "지역구공급총점":0.0,
            "역세권":"NA",
            "30분내 이동가능 거점":"NA",
            "1시간내 이동가능 거점":"NA",
            "교통총점":"NA",
            "백화점":100,
            "아울렛몰":0,
            "대형마트":0,
            "은행":0,
            "병원":60,
            "종합병원":100,
            "공원":100,
            "혐오시설":-100,
            "인프라총점":57.0,
            "초등학군":86.03,
            "중학군":50.18,
            "학군총점":57.35,
            "인구수":22.87,
            "인구증감":-12.97,
            "인구총점":12.118,
            "일자리":11.5,
            "소득수준":68.3,
            "일자리총점":28.54,
            "가치 총점":55.6875,
            "매매실거래년":20210903.0,
            "매매실거래가":39000.0,
            "전세실거래년":20211009.0,
            "전세실거래가":22000.0,
            "전세가율":56.41,
            "장기전세가율평균":69.9,
            "전세가율거품지수":13.49,
            "검색코드":24250,
            "세대수":430,
            "준공년월":"2007-06-22",
            "준공년차":16,
            "가까운역이름":"NA",
            "가까운역거리":"NA",
            "역세권여부":"NA",
            "30분이내주요거점역":"NA",
            "1시간이내주요거점역":"NA",
            "3km이내백화점수":2,
            "5km이내아울렛몰수":0,
            "1km이내대형먀트수":0,
            "500m이내은행수":1,
            "500m이내병원수":14,
            "5km이내대형병원수":8,
            "500m이내공원수":4,
            "3km이내혐오시설수":3,
            "초등학교학업성취도":86.03,
            "중학교학업성취도":82.3,
            "용적률":233,
            "건폐율":21,
            "Y":35.183241,
            "X":129.112064,
            "rank":43.0,
            "area_info":"23평(78.0), 31평(104.75), 42평(138.91)",
            "last_sales":"2021-09-03,39000.0,23평(78.0)"
        },
        {
            "index":95,
            "아파트명":"벽산e-메타폴리스",
            "투자타입":"일반",
            "전용면적(m2)":"99.37",
            "전용면적(평)":"30평",
            "법정동주소":"부산시 연제구 거제동 139-1",
            "도로명주소":"부산시 연제구 온천천공원길 4",
            "세대수":30,
            "입주년차":40,
            "용적률점수":"--",
            "건폐율점수":"--",
            "세대당주차수":0,
            "난방방식":30,
            "공급면적":"--",
            "전용률":"--",
            "욕실수":100,
            "현관타입":50,
            "주거총점":36.5,
            "지역구공급총점":0.0,
            "역세권":"NA",
            "30분내 이동가능 거점":"NA",
            "1시간내 이동가능 거점":"NA",
            "교통총점":"NA",
            "백화점":100,
            "아울렛몰":0,
            "대형마트":100,
            "은행":0,
            "병원":30,
            "종합병원":100,
            "공원":0,
            "혐오시설":0,
            "인프라총점":68.0,
            "초등학군":94.11,
            "중학군":54.68,
            "학군총점":62.566,
            "인구수":22.87,
            "인구증감":-12.97,
            "인구총점":12.118,
            "일자리":11.5,
            "소득수준":68.3,
            "일자리총점":28.54,
            "가치 총점":55.6165,
            "매매실거래년":20210911.0,
            "매매실거래가":43700.0,
            "전세실거래년":20220108.0,
            "전세실거래가":30000.0,
            "전세가율":68.65,
            "장기전세가율평균":69.9,
            "전세가율거품지수":1.25,
            "검색코드":22758,
            "세대수":394,
            "준공년월":"2005-09-27",
            "준공년차":18,
            "가까운역이름":"NA",
            "가까운역거리":"NA",
            "역세권여부":"NA",
            "30분이내주요거점역":"NA",
            "1시간이내주요거점역":"NA",
            "3km이내백화점수":1,
            "5km이내아울렛몰수":0,
            "1km이내대형먀트수":2,
            "500m이내은행수":1,
            "500m이내병원수":9,
            "5km이내대형병원수":6,
            "500m이내공원수":0,
            "3km이내혐오시설수":0,
            "초등학교학업성취도":94.11,
            "중학교학업성취도":88.4,
            "용적률":710,
            "건폐율":79,
            "Y":35.195673,
            "X":129.082004,
            "rank":44.0,
            "area_info":"30평(99.37), 30평(99.37), 31평(104.56), 31평(104.35)",
            "last_sales":"2021-09-11,43700.0,30평(99.37)"
        },
        {
            "index":258,
            "아파트명":"동원베네스트",
            "투자타입":"일반",
            "전용면적(m2)":"93.56",
            "전용면적(평)":"28평",
            "법정동주소":"부산시 연제구 연산동 346-11",
            "도로명주소":"부산시 연제구 과정로294번길 10",
            "세대수":0,
            "입주년차":40,
            "용적률점수":"--",
            "건폐율점수":"--",
            "세대당주차수":30,
            "난방방식":30,
            "공급면적":"--",
            "전용률":"--",
            "욕실수":100,
            "현관타입":100,
            "주거총점":35.5,
            "지역구공급총점":0.0,
            "역세권":"NA",
            "30분내 이동가능 거점":"NA",
            "1시간내 이동가능 거점":"NA",
            "교통총점":"NA",
            "백화점":100,
            "아울렛몰":0,
            "대형마트":80,
            "은행":0,
            "병원":60,
            "종합병원":100,
            "공원":100,
            "혐오시설":0,
            "인프라총점":71.0,
            "초등학군":86.12,
            "중학군":52.16,
            "학군총점":58.952,
            "인구수":22.87,
            "인구증감":-12.97,
            "인구총점":12.118,
            "일자리":11.5,
            "소득수준":68.3,
            "일자리총점":28.54,
            "가치 총점":55.563,
            "매매실거래년":20211016.0,
            "매매실거래가":37000.0,
            "전세실거래년":20210501.0,
            "전세실거래가":7000.0,
            "전세가율":24.14,
            "장기전세가율평균":69.9,
            "전세가율거품지수":45.76,
            "검색코드":18925,
            "세대수":150,
            "준공년월":"2006-03-30",
            "준공년차":17,
            "가까운역이름":"NA",
            "가까운역거리":"NA",
            "역세권여부":"NA",
            "30분이내주요거점역":"NA",
            "1시간이내주요거점역":"NA",
            "3km이내백화점수":1,
            "5km이내아울렛몰수":0,
            "1km이내대형먀트수":1,
            "500m이내은행수":1,
            "500m이내병원수":12,
            "5km이내대형병원수":7,
            "500m이내공원수":3,
            "3km이내혐오시설수":0,
            "초등학교학업성취도":86.12,
            "중학교학업성취도":84.6,
            "용적률":207,
            "건폐율":21,
            "Y":35.189608,
            "X":129.095879,
            "rank":45.0,
            "area_info":"28평(93.56), 28평(95.09), 32평(106.78), 32평(106.78)",
            "last_sales":"2021-10-16,37000.0,32평(106.78)"
        },
        {
            "index":495,
            "아파트명":"월드파크4",
            "투자타입":"일반",
            "전용면적(m2)":"56.77",
            "전용면적(평)":"17평",
            "법정동주소":"부산시 연제구 연산동 309-5",
            "도로명주소":"부산시 연제구 과정로 320",
            "세대수":0,
            "입주년차":80,
            "용적률점수":"--",
            "건폐율점수":"--",
            "세대당주차수":30,
            "난방방식":30,
            "공급면적":"--",
            "전용률":"--",
            "욕실수":50,
            "현관타입":100,
            "주거총점":38.5,
            "지역구공급총점":0.0,
            "역세권":"NA",
            "30분내 이동가능 거점":"NA",
            "1시간내 이동가능 거점":"NA",
            "교통총점":"NA",
            "백화점":100,
            "아울렛몰":0,
            "대형마트":80,
            "은행":0,
            "병원":60,
            "종합병원":100,
            "공원":100,
            "혐오시설":0,
            "인프라총점":71.0,
            "초등학군":86.12,
            "중학군":46.7,
            "학군총점":54.584,
            "인구수":22.87,
            "인구증감":-12.97,
            "인구총점":12.118,
            "일자리":11.5,
            "소득수준":68.3,
            "일자리총점":28.54,
            "가치 총점":55.521,
            "매매실거래년":20210904.0,
            "매매실거래가":32300.0,
            "전세실거래년":20200629.0,
            "전세실거래가":16000.0,
            "전세가율":84.21,
            "장기전세가율평균":69.9,
            "전세가율거품지수":-14.31,
            "검색코드":118776,
            "세대수":108,
            "준공년월":"2017-10-30",
            "준공년차":6,
            "가까운역이름":"NA",
            "가까운역거리":"NA",
            "역세권여부":"NA",
            "30분이내주요거점역":"NA",
            "1시간이내주요거점역":"NA",
            "3km이내백화점수":1,
            "5km이내아울렛몰수":0,
            "1km이내대형먀트수":1,
            "500m이내은행수":0,
            "500m이내병원수":16,
            "5km이내대형병원수":7,
            "500m이내공원수":3,
            "3km이내혐오시설수":0,
            "초등학교학업성취도":86.12,
            "중학교학업성취도":75.7,
            "용적률":496,
            "건폐율":42,
            "Y":35.18946,
            "X":129.092984,
            "rank":46.0,
            "area_info":"17평(56.77), 18평(62.66), 22평(73.28), 22평(73.43), 29평(96.57), 29평(96.63)",
            "last_sales":"2021-09-04,32300.0,29평(96.63)"
        },
        {
            "index":135,
            "아파트명":"온천천동원로얄듀크",
            "투자타입":"일반",
            "전용면적(m2)":"87.86",
            "전용면적(평)":"26평",
            "법정동주소":"부산시 연제구 거제동 1465-3",
            "도로명주소":"부산시 연제구 거제천로269번길 31",
            "세대수":0,
            "입주년차":40,
            "용적률점수":"--",
            "건폐율점수":"--",
            "세대당주차수":30,
            "난방방식":30,
            "공급면적":"--",
            "전용률":"--",
            "욕실수":100,
            "현관타입":100,
            "주거총점":35.5,
            "지역구공급총점":0.0,
            "역세권":"NA",
            "30분내 이동가능 거점":"NA",
            "1시간내 이동가능 거점":"NA",
            "교통총점":"NA",
            "백화점":100,
            "아울렛몰":0,
            "대형마트":80,
            "은행":20,
            "병원":60,
            "종합병원":100,
            "공원":0,
            "혐오시설":0,
            "인프라총점":70.0,
            "초등학군":82.73,
            "중학군":54.68,
            "학군총점":60.29,
            "인구수":22.87,
            "인구증감":-12.97,
            "인구총점":12.118,
            "일자리":11.5,
            "소득수준":68.3,
            "일자리총점":28.54,
            "가치 총점":55.4975,
            "매매실거래년":20211027.0,
            "매매실거래가":72600.0,
            "전세실거래년":20220106.0,
            "전세실거래가":28000.0,
            "전세가율":62.22,
            "장기전세가율평균":69.9,
            "전세가율거품지수":7.68,
            "검색코드":10834,
            "세대수":298,
            "준공년월":"2005-07-26",
            "준공년차":18,
            "가까운역이름":"NA",
            "가까운역거리":"NA",
            "역세권여부":"NA",
            "30분이내주요거점역":"NA",
            "1시간이내주요거점역":"NA",
            "3km이내백화점수":1,
            "5km이내아울렛몰수":0,
            "1km이내대형먀트수":1,
            "500m이내은행수":2,
            "500m이내병원수":17,
            "5km이내대형병원수":6,
            "500m이내공원수":0,
            "3km이내혐오시설수":0,
            "초등학교학업성취도":82.73,
            "중학교학업성취도":88.4,
            "용적률":298,
            "건폐율":21,
            "Y":35.193464,
            "X":129.086059,
            "rank":47.0,
            "area_info":"26평(87.86), 32평(109.09), 44평(148.69)",
            "last_sales":"2021-10-27,72600.0,44평(148.69)"
        },
        {
            "index":278,
            "아파트명":"부산더샵시티애비뉴2차",
            "투자타입":"일반",
            "전용면적(m2)":"86.15",
            "전용면적(평)":"26평",
            "법정동주소":"부산시 연제구 연산동 1366-1",
            "도로명주소":"부산시 연제구 시청로 12",
            "세대수":0,
            "입주년차":80,
            "용적률점수":"--",
            "건폐율점수":"--",
            "세대당주차수":30,
            "난방방식":30,
            "공급면적":"--",
            "전용률":"--",
            "욕실수":100,
            "현관타입":100,
            "주거총점":43.5,
            "지역구공급총점":0.0,
            "역세권":"NA",
            "30분내 이동가능 거점":"NA",
            "1시간내 이동가능 거점":"NA",
            "교통총점":"NA",
            "백화점":0,
            "아울렛몰":80,
            "대형마트":80,
            "은행":100,
            "병원":80,
            "종합병원":100,
            "공원":100,
            "혐오시설":0,
            "인프라총점":61.0,
            "초등학군":89.6,
            "중학군":56.02,
            "학군총점":62.736,
            "인구수":22.87,
            "인구증감":-12.97,
            "인구총점":12.118,
            "일자리":11.5,
            "소득수준":68.3,
            "일자리총점":28.54,
            "가치 총점":55.309,
            "매매실거래년":20210912.0,
            "매매실거래가":64000.0,
            "전세실거래년":20210120.0,
            "전세실거래가":35000.0,
            "전세가율":62.5,
            "장기전세가율평균":69.9,
            "전세가율거품지수":7.4,
            "검색코드":109206,
            "세대수":216,
            "준공년월":"2016-12-14",
            "준공년차":7,
            "가까운역이름":"NA",
            "가까운역거리":"NA",
            "역세권여부":"NA",
            "30분이내주요거점역":"NA",
            "1시간이내주요거점역":"NA",
            "3km이내백화점수":0,
            "5km이내아울렛몰수":1,
            "1km이내대형먀트수":1,
            "500m이내은행수":8,
            "500m이내병원수":33,
            "5km이내대형병원수":10,
            "500m이내공원수":2,
            "3km이내혐오시설수":0,
            "초등학교학업성취도":89.6,
            "중학교학업성취도":91.5,
            "용적률":870,
            "건폐율":61,
            "Y":35.181391,
            "X":129.075889,
            "rank":48.0,
            "area_info":"26평(86.15), 33평(109.64), 33평(111.32)",
            "last_sales":"2021-09-12,64000.0,33평(111.32)"
        },
        {
            "index":342,
            "아파트명":"시청역SK뷰",
            "투자타입":"일반",
            "전용면적(m2)":"79.73",
            "전용면적(평)":"24평",
            "법정동주소":"부산시 연제구 연산동 1361-9",
            "도로명주소":"부산시 연제구 중앙대로1043번길 34",
            "세대수":0,
            "입주년차":80,
            "용적률점수":"--",
            "건폐율점수":"--",
            "세대당주차수":30,
            "난방방식":30,
            "공급면적":"--",
            "전용률":"--",
            "욕실수":100,
            "현관타입":100,
            "주거총점":43.5,
            "지역구공급총점":0.0,
            "역세권":"NA",
            "30분내 이동가능 거점":"NA",
            "1시간내 이동가능 거점":"NA",
            "교통총점":"NA",
            "백화점":0,
            "아울렛몰":80,
            "대형마트":80,
            "은행":100,
            "병원":80,
            "종합병원":100,
            "공원":100,
            "혐오시설":0,
            "인프라총점":61.0,
            "초등학군":89.6,
            "중학군":56.02,
            "학군총점":62.736,
            "인구수":22.87,
            "인구증감":-12.97,
            "인구총점":12.118,
            "일자리":11.5,
            "소득수준":68.3,
            "일자리총점":28.54,
            "가치 총점":55.309,
            "매매실거래년":20211105.0,
            "매매실거래가":49700.0,
            "전세실거래년":20210216.0,
            "전세실거래가":40000.0,
            "전세가율":80.48,
            "장기전세가율평균":69.9,
            "전세가율거품지수":-10.58,
            "검색코드":111456,
            "세대수":298,
            "준공년월":"2018-11-15",
            "준공년차":5,
            "가까운역이름":"NA",
            "가까운역거리":"NA",
            "역세권여부":"NA",
            "30분이내주요거점역":"NA",
            "1시간이내주요거점역":"NA",
            "3km이내백화점수":0,
            "5km이내아울렛몰수":1,
            "1km이내대형먀트수":1,
            "500m이내은행수":8,
            "500m이내병원수":34,
            "5km이내대형병원수":10,
            "500m이내공원수":2,
            "3km이내혐오시설수":0,
            "초등학교학업성취도":89.6,
            "중학교학업성취도":91.5,
            "용적률":800,
            "건폐율":59,
            "Y":35.181919,
            "X":129.076466,
            "rank":48.0,
            "area_info":"24평(79.73), 33평(111.72), 33평(112.32), 34평(113.34), 49평(164.7)",
            "last_sales":"2021-11-05,49700.0,24평(79.73)"
        },
        {
            "index":134,
            "아파트명":"온천천2차동원로얄듀크",
            "투자타입":"일반",
            "전용면적(m2)":"99.74",
            "전용면적(평)":"30평",
            "법정동주소":"부산시 연제구 거제동 1513",
            "도로명주소":"부산시 연제구 거제천로269번길 41",
            "세대수":0,
            "입주년차":60,
            "용적률점수":"--",
            "건폐율점수":"--",
            "세대당주차수":0,
            "난방방식":30,
            "공급면적":"--",
            "전용률":"--",
            "욕실수":100,
            "현관타입":100,
            "주거총점":35.0,
            "지역구공급총점":0.0,
            "역세권":"NA",
            "30분내 이동가능 거점":"NA",
            "1시간내 이동가능 거점":"NA",
            "교통총점":"NA",
            "백화점":100,
            "아울렛몰":0,
            "대형마트":80,
            "은행":0,
            "병원":60,
            "종합병원":100,
            "공원":0,
            "혐오시설":0,
            "인프라총점":68.0,
            "초등학군":82.73,
            "중학군":54.68,
            "학군총점":60.29,
            "인구수":22.87,
            "인구증감":-12.97,
            "인구총점":12.118,
            "일자리":11.5,
            "소득수준":68.3,
            "일자리총점":28.54,
            "가치 총점":54.5225,
            "매매실거래년":20211214.0,
            "매매실거래가":52750.0,
            "전세실거래년":20210917.0,
            "전세실거래가":39000.0,
            "전세가율":73.93,
            "장기전세가율평균":69.9,
            "전세가율거품지수":-4.03,
            "검색코드":105187,
            "세대수":118,
            "준공년월":"2013-05-16",
            "준공년차":10,
            "가까운역이름":"NA",
            "가까운역거리":"NA",
            "역세권여부":"NA",
            "30분이내주요거점역":"NA",
            "1시간이내주요거점역":"NA",
            "3km이내백화점수":1,
            "5km이내아울렛몰수":0,
            "1km이내대형먀트수":1,
            "500m이내은행수":1,
            "500m이내병원수":16,
            "5km이내대형병원수":6,
            "500m이내공원수":0,
            "3km이내혐오시설수":0,
            "초등학교학업성취도":82.73,
            "중학교학업성취도":88.4,
            "용적률":299,
            "건폐율":22,
            "Y":35.193869,
            "X":129.086098,
            "rank":49.0,
            "area_info":"30평(99.74)",
            "last_sales":"2021-12-14,52750.0,30평(99.74)"
        },
        {
            "index":99,
            "아파트명":"삼익퓨처타워",
            "투자타입":"일반",
            "전용면적(m2)":"77.75",
            "전용면적(평)":"23평",
            "법정동주소":"부산시 연제구 거제동 36-8",
            "도로명주소":"부산시 연제구 명륜로2번길 7",
            "세대수":30,
            "입주년차":40,
            "용적률점수":"--",
            "건폐율점수":"--",
            "세대당주차수":0,
            "난방방식":30,
            "공급면적":"--",
            "전용률":"--",
            "욕실수":50,
            "현관타입":100,
            "주거총점":36.5,
            "지역구공급총점":0.0,
            "역세권":"NA",
            "30분내 이동가능 거점":"NA",
            "1시간내 이동가능 거점":"NA",
            "교통총점":"NA",
            "백화점":100,
            "아울렛몰":0,
            "대형마트":80,
            "은행":0,
            "병원":30,
            "종합병원":100,
            "공원":0,
            "혐오시설":0,
            "인프라총점":65.0,
            "초등학군":94.11,
            "중학군":54.68,
            "학군총점":62.566,
            "인구수":22.87,
            "인구증감":-12.97,
            "인구총점":12.118,
            "일자리":11.5,
            "소득수준":68.3,
            "일자리총점":28.54,
            "가치 총점":54.4165,
            "매매실거래년":20211206.0,
            "매매실거래가":34000.0,
            "전세실거래년":20210515.0,
            "전세실거래가":24000.0,
            "전세가율":68.57,
            "장기전세가율평균":69.9,
            "전세가율거품지수":1.33,
            "검색코드":19702,
            "세대수":313,
            "준공년월":"2006-10-04",
            "준공년차":17,
            "가까운역이름":"NA",
            "가까운역거리":"NA",
            "역세권여부":"NA",
            "30분이내주요거점역":"NA",
            "1시간이내주요거점역":"NA",
            "3km이내백화점수":1,
            "5km이내아울렛몰수":0,
            "1km이내대형먀트수":1,
            "500m이내은행수":1,
            "500m이내병원수":9,
            "5km이내대형병원수":6,
            "500m이내공원수":0,
            "3km이내혐오시설수":0,
            "초등학교학업성취도":94.11,
            "중학교학업성취도":88.4,
            "용적률":607,
            "건폐율":32,
            "Y":35.195456,
            "X":129.081002,
            "rank":50.0,
            "area_info":"23평(77.75), 33평(110.25), 33평(110.23), 42평(141.11)",
            "last_sales":"2021-12-06,34000.0,33평(110.23)"
        },
        {
            "index":383,
            "아파트명":"연산경동메르빌",
            "투자타입":"일반",
            "전용면적(m2)":"105.31",
            "전용면적(평)":"31평",
            "법정동주소":"부산시 연제구 연산동 2298",
            "도로명주소":"부산시 연제구 연수로 110",
            "세대수":50,
            "입주년차":60,
            "용적률점수":"--",
            "건폐율점수":"--",
            "세대당주차수":30,
            "난방방식":30,
            "공급면적":"--",
            "전용률":"--",
            "욕실수":100,
            "현관타입":100,
            "주거총점":57.0,
            "지역구공급총점":0.0,
            "역세권":"NA",
            "30분내 이동가능 거점":"NA",
            "1시간내 이동가능 거점":"NA",
            "교통총점":"NA",
            "백화점":0,
            "아울렛몰":80,
            "대형마트":80,
            "은행":0,
            "병원":60,
            "종합병원":100,
            "공원":80,
            "혐오시설":0,
            "인프라총점":48.4,
            "초등학군":81.18,
            "중학군":53.76,
            "학군총점":59.244,
            "인구수":22.87,
            "인구증감":-12.97,
            "인구총점":12.118,
            "일자리":11.5,
            "소득수준":68.3,
            "일자리총점":28.54,
            "가치 총점":54.121,
            "매매실거래년":20211219.0,
            "매매실거래가":60000.0,
            "전세실거래년":20211217.0,
            "전세실거래가":33000.0,
            "전세가율":55.0,
            "장기전세가율평균":69.9,
            "전세가율거품지수":14.9,
            "검색코드":103421,
            "세대수":470,
            "준공년월":"2013-12-06",
            "준공년차":10,
            "가까운역이름":"NA",
            "가까운역거리":"NA",
            "역세권여부":"NA",
            "30분이내주요거점역":"NA",
            "1시간이내주요거점역":"NA",
            "3km이내백화점수":0,
            "5km이내아울렛몰수":1,
            "1km이내대형먀트수":1,
            "500m이내은행수":0,
            "500m이내병원수":18,
            "5km이내대형병원수":10,
            "500m이내공원수":1,
            "3km이내혐오시설수":0,
            "초등학교학업성취도":81.18,
            "중학교학업성취도":87.4,
            "용적률":489,
            "건폐율":36,
            "Y":35.174743,
            "X":129.083022,
            "rank":51.0,
            "area_info":"31평(105.31), 33평(111.27), 34평(114.05), 37평(124.11), 38평(128.38)",
            "last_sales":"2021-12-19,60000.0,31평(105.31)"
        },
        {
            "index":524,
            "아파트명":"한양(타워)",
            "투자타입":"재건축",
            "전용면적(m2)":"93.25",
            "전용면적(평)":"28평",
            "법정동주소":"부산시 연제구 연산동 307-10",
            "도로명주소":"부산시 연제구 과정로344번길 22",
            "세대수":30,
            "입주년차":"--",
            "용적률점수":0,
            "건폐율점수":80,
            "세대당주차수":"--",
            "난방방식":"--",
            "공급면적":70,
            "전용률":80,
            "욕실수":"--",
            "현관타입":"--",
            "주거총점":32.5,
            "지역구공급총점":0.0,
            "역세권":"NA",
            "30분내 이동가능 거점":"NA",
            "1시간내 이동가능 거점":"NA",
            "교통총점":"NA",
            "백화점":100,
            "아울렛몰":0,
            "대형마트":80,
            "은행":0,
            "병원":60,
            "종합병원":100,
            "공원":100,
            "혐오시설":0,
            "인프라총점":71.0,
            "초등학군":86.12,
            "중학군":46.7,
            "학군총점":54.584,
            "인구수":22.87,
            "인구증감":-12.97,
            "인구총점":12.118,
            "일자리":11.5,
            "소득수준":68.3,
            "일자리총점":28.54,
            "가치 총점":53.421,
            "매매실거래년":20211230.0,
            "매매실거래가":35300.0,
            "전세실거래년":20151215.0,
            "전세실거래가":15000.0,
            "전세가율":61.22,
            "장기전세가율평균":69.9,
            "전세가율거품지수":8.68,
            "검색코드":4374,
            "세대수":302,
            "준공년월":"1992-08-04",
            "준공년차":31,
            "가까운역이름":"NA",
            "가까운역거리":"NA",
            "역세권여부":"NA",
            "30분이내주요거점역":"NA",
            "1시간이내주요거점역":"NA",
            "3km이내백화점수":1,
            "5km이내아울렛몰수":0,
            "1km이내대형먀트수":1,
            "500m이내은행수":0,
            "500m이내병원수":13,
            "5km이내대형병원수":7,
            "500m이내공원수":3,
            "3km이내혐오시설수":0,
            "초등학교학업성취도":86.12,
            "중학교학업성취도":75.7,
            "용적률":235,
            "건폐율":20,
            "Y":35.19092,
            "X":129.092306,
            "rank":52.0,
            "area_info":"28평(93.25), 31평(103.78)",
            "last_sales":"2021-12-30,35300.0,31평(103.78)"
        },
        {
            "index":288,
            "아파트명":"브라운스톤연제2단지",
            "투자타입":"일반",
            "전용면적(m2)":"83.94",
            "전용면적(평)":"25평",
            "법정동주소":"부산시 연제구 연산동 2331",
            "도로명주소":"부산시 연제구 연제로8번길 30",
            "세대수":0,
            "입주년차":80,
            "용적률점수":"--",
            "건폐율점수":"--",
            "세대당주차수":30,
            "난방방식":30,
            "공급면적":"--",
            "전용률":"--",
            "욕실수":100,
            "현관타입":100,
            "주거총점":43.5,
            "지역구공급총점":0.0,
            "역세권":"NA",
            "30분내 이동가능 거점":"NA",
            "1시간내 이동가능 거점":"NA",
            "교통총점":"NA",
            "백화점":0,
            "아울렛몰":80,
            "대형마트":80,
            "은행":70,
            "병원":60,
            "종합병원":100,
            "공원":100,
            "혐오시설":0,
            "인프라총점":56.0,
            "초등학군":88.16,
            "중학군":53.76,
            "학군총점":60.64,
            "인구수":22.87,
            "인구증감":-12.97,
            "인구총점":12.118,
            "일자리":11.5,
            "소득수준":68.3,
            "일자리총점":28.54,
            "가치 총점":52.785,
            "매매실거래년":20210816.0,
            "매매실거래가":69000.0,
            "전세실거래년":20201107.0,
            "전세실거래가":30000.0,
            "전세가율":60.85,
            "장기전세가율평균":69.9,
            "전세가율거품지수":9.05,
            "검색코드":108253,
            "세대수":217,
            "준공년월":"2016-12-30",
            "준공년차":7,
            "가까운역이름":"NA",
            "가까운역거리":"NA",
            "역세권여부":"NA",
            "30분이내주요거점역":"NA",
            "1시간이내주요거점역":"NA",
            "3km이내백화점수":0,
            "5km이내아울렛몰수":1,
            "1km이내대형먀트수":1,
            "500m이내은행수":3,
            "500m이내병원수":11,
            "5km이내대형병원수":10,
            "500m이내공원수":4,
            "3km이내혐오시설수":0,
            "초등학교학업성취도":88.16,
            "중학교학업성취도":87.4,
            "용적률":212,
            "건폐율":30,
            "Y":35.17684,
            "X":129.080405,
            "rank":53.0,
            "area_info":"25평(83.94), 29평(99.08), 33평(109.9)",
            "last_sales":"2021-08-16,69000.0,33평(109.9)"
        },
        {
            "index":306,
            "아파트명":"새연산",
            "투자타입":"재건축",
            "전용면적(m2)":"71.89",
            "전용면적(평)":"21평",
            "법정동주소":"부산시 연제구 연산동 588-1",
            "도로명주소":"부산시 연제구 세병로 5",
            "세대수":0,
            "입주년차":"--",
            "용적률점수":0,
            "건폐율점수":0,
            "세대당주차수":"--",
            "난방방식":"--",
            "공급면적":50,
            "전용률":60,
            "욕실수":"--",
            "현관타입":"--",
            "주거총점":5.5,
            "지역구공급총점":0.0,
            "역세권":"NA",
            "30분내 이동가능 거점":"NA",
            "1시간내 이동가능 거점":"NA",
            "교통총점":"NA",
            "백화점":100,
            "아울렛몰":80,
            "대형마트":80,
            "은행":100,
            "병원":100,
            "종합병원":100,
            "공원":100,
            "혐오시설":0,
            "인프라총점":93.0,
            "초등학군":82.73,
            "중학군":46.7,
            "학군총점":53.906,
            "인구수":22.87,
            "인구증감":-12.97,
            "인구총점":12.118,
            "일자리":11.5,
            "소득수준":68.3,
            "일자리총점":28.54,
            "가치 총점":52.6015,
            "매매실거래년":20200717.0,
            "매매실거래가":38500.0,
            "전세실거래년":null,
            "전세실거래가":null,
            "전세가율":null,
            "장기전세가율평균":69.9,
            "전세가율거품지수":null,
            "검색코드":9953,
            "세대수":184,
            "준공년월":"1979-07-12",
            "준공년차":44,
            "가까운역이름":"NA",
            "가까운역거리":"NA",
            "역세권여부":"NA",
            "30분이내주요거점역":"NA",
            "1시간이내주요거점역":"NA",
            "3km이내백화점수":1,
            "5km이내아울렛몰수":1,
            "1km이내대형먀트수":1,
            "500m이내은행수":9,
            "500m이내병원수":108,
            "5km이내대형병원수":8,
            "500m이내공원수":2,
            "3km이내혐오시설수":0,
            "초등학교학업성취도":82.73,
            "중학교학업성취도":75.7,
            "용적률":0,
            "건폐율":0,
            "Y":35.189094,
            "X":129.083882,
            "rank":54.0,
            "area_info":"21평(71.89), 21평(72.12), 21평(72.12), 25평(84.88), 26평(86.07), 26평(86.07), 31평(103.99), 31평(103.99), 34평(113.97), 34평(113.97)",
            "last_sales":"2020-07-17,38500.0,34평(113.97)"
        },
        {
            "index":550,
            "아파트명":"힐스테이트연산1단지",
            "투자타입":"일반",
            "전용면적(m2)":"82.57",
            "전용면적(평)":"24평",
            "법정동주소":"부산시 연제구 연산동 2022",
            "도로명주소":"부산시 연제구",
            "세대수":30,
            "입주년차":100,
            "용적률점수":"--",
            "건폐율점수":"--",
            "세대당주차수":0,
            "난방방식":30,
            "공급면적":"--",
            "전용률":"--",
            "욕실수":100,
            "현관타입":100,
            "주거총점":53.5,
            "지역구공급총점":0.0,
            "역세권":"NA",
            "30분내 이동가능 거점":"NA",
            "1시간내 이동가능 거점":"NA",
            "교통총점":"NA",
            "백화점":0,
            "아울렛몰":80,
            "대형마트":80,
            "은행":0,
            "병원":60,
            "종합병원":100,
            "공원":80,
            "혐오시설":0,
            "인프라총점":48.4,
            "초등학군":85.65,
            "중학군":48.6,
            "학군총점":56.01,
            "인구수":22.87,
            "인구증감":-12.97,
            "인구총점":12.118,
            "일자리":11.5,
            "소득수준":68.3,
            "일자리총점":28.54,
            "가치 총점":52.0875,
            "매매실거래년":20211211.0,
            "매매실거래가":69518.0,
            "전세실거래년":null,
            "전세실거래가":null,
            "전세가율":null,
            "장기전세가율평균":69.9,
            "전세가율거품지수":null,
            "검색코드":124251,
            "세대수":342,
            "준공년월":"2021-11-01",
            "준공년차":2,
            "가까운역이름":"NA",
            "가까운역거리":"NA",
            "역세권여부":"NA",
            "30분이내주요거점역":"NA",
            "1시간이내주요거점역":"NA",
            "3km이내백화점수":0,
            "5km이내아울렛몰수":1,
            "1km이내대형먀트수":1,
            "500m이내은행수":0,
            "500m이내병원수":21,
            "5km이내대형병원수":10,
            "500m이내공원수":1,
            "3km이내혐오시설수":0,
            "초등학교학업성취도":85.65,
            "중학교학업성취도":79.6,
            "용적률":270,
            "건폐율":0,
            "Y":35.173684,
            "X":129.089181,
            "rank":55.0,
            "area_info":"24평(82.57), 30평(102.08), 33평(110.57), 33평(110.47), 33평(110.25)",
            "last_sales":"2021-12-11,69518.0,33평(110.47)"
        },
        {
            "index":351,
            "아파트명":"시청역이즈팰리스센트럴(도시형)",
            "투자타입":"일반",
            "전용면적(m2)":"70.64",
            "전용면적(평)":"21평",
            "법정동주소":"부산시 연제구 연산동 1355-6",
            "도로명주소":"부산시 연제구 신촌로 11",
            "세대수":0,
            "입주년차":80,
            "용적률점수":"--",
            "건폐율점수":"--",
            "세대당주차수":0,
            "난방방식":30,
            "공급면적":"--",
            "전용률":"--",
            "욕실수":50,
            "현관타입":100,
            "주거총점":34.0,
            "지역구공급총점":0.0,
            "역세권":"NA",
            "30분내 이동가능 거점":"NA",
            "1시간내 이동가능 거점":"NA",
            "교통총점":"NA",
            "백화점":0,
            "아울렛몰":80,
            "대형마트":80,
            "은행":100,
            "병원":80,
            "종합병원":100,
            "공원":100,
            "혐오시설":0,
            "인프라총점":61.0,
            "초등학군":89.6,
            "중학군":56.02,
            "학군총점":62.736,
            "인구수":22.87,
            "인구증감":-12.97,
            "인구총점":12.118,
            "일자리":11.5,
            "소득수준":68.3,
            "일자리총점":28.54,
            "가치 총점":51.984,
            "매매실거래년":20191130.0,
            "매매실거래가":20000.0,
            "전세실거래년":20191122.0,
            "전세실거래가":20000.0,
            "전세가율":90.91,
            "장기전세가율평균":69.9,
            "전세가율거품지수":-21.01,
            "검색코드":109601,
            "세대수":130,
            "준공년월":"2016-09-02",
            "준공년차":7,
            "가까운역이름":"NA",
            "가까운역거리":"NA",
            "역세권여부":"NA",
            "30분이내주요거점역":"NA",
            "1시간이내주요거점역":"NA",
            "3km이내백화점수":0,
            "5km이내아울렛몰수":1,
            "1km이내대형먀트수":1,
            "500m이내은행수":9,
            "500m이내병원수":40,
            "5km이내대형병원수":10,
            "500m이내공원수":2,
            "3km이내혐오시설수":0,
            "초등학교학업성취도":89.6,
            "중학교학업성취도":91.5,
            "용적률":752,
            "건폐율":46,
            "Y":35.182529,
            "X":129.076841,
            "rank":56.0,
            "area_info":"21평(70.64), 21평(70.34), 21평(70.44), 21평(71.8)",
            "last_sales":"2019-11-30,20000.0,21평(71.8)"
        },
        {
            "index":467,
            "아파트명":"연산한솔솔파크",
            "투자타입":"일반",
            "전용면적(m2)":"81.0",
            "전용면적(평)":"24평",
            "법정동주소":"부산시 연제구 연산동 406-10",
            "도로명주소":"부산시 연제구 과정로 211",
            "세대수":0,
            "입주년차":40,
            "용적률점수":"--",
            "건폐율점수":"--",
            "세대당주차수":30,
            "난방방식":30,
            "공급면적":"--",
            "전용률":"--",
            "욕실수":50,
            "현관타입":100,
            "주거총점":30.5,
            "지역구공급총점":0.0,
            "역세권":"NA",
            "30분내 이동가능 거점":"NA",
            "1시간내 이동가능 거점":"NA",
            "교통총점":"NA",
            "백화점":100,
            "아울렛몰":0,
            "대형마트":0,
            "은행":100,
            "병원":60,
            "종합병원":100,
            "공원":100,
            "혐오시설":-100,
            "인프라총점":67.0,
            "초등학군":79.96,
            "중학군":51.88,
            "학군총점":57.496,
            "인구수":22.87,
            "인구증감":-12.97,
            "인구총점":12.118,
            "일자리":11.5,
            "소득수준":68.3,
            "일자리총점":28.54,
            "가치 총점":51.849,
            "매매실거래년":20201209.0,
            "매매실거래가":42000.0,
            "전세실거래년":null,
            "전세실거래가":null,
            "전세가율":null,
            "장기전세가율평균":69.9,
            "전세가율거품지수":null,
            "검색코드":24764,
            "세대수":165,
            "준공년월":"2007-12-26",
            "준공년차":16,
            "가까운역이름":"NA",
            "가까운역거리":"NA",
            "역세권여부":"NA",
            "30분이내주요거점역":"NA",
            "1시간이내주요거점역":"NA",
            "3km이내백화점수":1,
            "5km이내아울렛몰수":0,
            "1km이내대형먀트수":0,
            "500m이내은행수":6,
            "500m이내병원수":19,
            "5km이내대형병원수":7,
            "500m이내공원수":3,
            "3km이내혐오시설수":2,
            "초등학교학업성취도":79.96,
            "중학교학업성취도":84.0,
            "용적률":535,
            "건폐율":59,
            "Y":35.187406,
            "X":129.104106,
            "rank":57.0,
            "area_info":"24평(81.0), 31평(105.47), 34평(112.69), 34평(112.5), 34평(113.88), 34평(113.8), 47평(157.77)",
            "last_sales":"2020-12-09,42000.0,47평(157.77)"
        },
        {
            "index":197,
            "아파트명":"남일",
            "투자타입":"재건축",
            "전용면적(m2)":"44.26",
            "전용면적(평)":"13평",
            "법정동주소":"부산시 연제구 연산동 1122-1",
            "도로명주소":"부산시 연제구 중앙대로 1159",
            "세대수":0,
            "입주년차":"--",
            "용적률점수":0,
            "건폐율점수":0,
            "세대당주차수":"--",
            "난방방식":"--",
            "공급면적":50,
            "전용률":80,
            "욕실수":"--",
            "현관타입":"--",
            "주거총점":6.5,
            "지역구공급총점":0.0,
            "역세권":"NA",
            "30분내 이동가능 거점":"NA",
            "1시간내 이동가능 거점":"NA",
            "교통총점":"NA",
            "백화점":100,
            "아울렛몰":80,
            "대형마트":80,
            "은행":70,
            "병원":80,
            "종합병원":100,
            "공원":0,
            "혐오시설":0,
            "인프라총점":85.0,
            "초등학군":89.6,
            "중학군":54.68,
            "학군총점":61.664,
            "인구수":22.87,
            "인구증감":-12.97,
            "인구총점":12.118,
            "일자리":11.5,
            "소득수준":68.3,
            "일자리총점":28.54,
            "가치 총점":51.691,
            "매매실거래년":20201119.0,
            "매매실거래가":28000.0,
            "전세실거래년":null,
            "전세실거래가":null,
            "전세가율":null,
            "장기전세가율평균":69.9,
            "전세가율거품지수":null,
            "검색코드":4316,
            "세대수":118,
            "준공년월":"1976-11-05",
            "준공년차":47,
            "가까운역이름":"NA",
            "가까운역거리":"NA",
            "역세권여부":"NA",
            "30분이내주요거점역":"NA",
            "1시간이내주요거점역":"NA",
            "3km이내백화점수":1,
            "5km이내아울렛몰수":1,
            "1km이내대형먀트수":1,
            "500m이내은행수":4,
            "500m이내병원수":54,
            "5km이내대형병원수":7,
            "500m이내공원수":0,
            "3km이내혐오시설수":0,
            "초등학교학업성취도":89.6,
            "중학교학업성취도":88.4,
            "용적률":0,
            "건폐율":0,
            "Y":35.190959,
            "X":129.079954,
            "rank":58.0,
            "area_info":"13평(44.26), 15평(49.88), 15평(50.51), 17평(58.31), 18평(60.9), 18평(60.89), 18평(62.59), 19평(62.95), 19평(65.49), 19평(65.46), 19평(65.59), 24평(80.14), 24평(80.17), 24평(81.16), 24평(81.12)",
            "last_sales":"2020-11-19,28000.0,19평(65.49)"
        },
        {
            "index":140,
            "아파트명":"우성",
            "투자타입":"일반",
            "전용면적(m2)":"71.85",
            "전용면적(평)":"21평",
            "법정동주소":"부산시 연제구 거제동 1464-3",
            "도로명주소":"부산시 연제구 거제천로 255",
            "세대수":0,
            "입주년차":0,
            "용적률점수":"--",
            "건폐율점수":"--",
            "세대당주차수":0,
            "난방방식":30,
            "공급면적":"--",
            "전용률":"--",
            "욕실수":50,
            "현관타입":100,
            "주거총점":18.0,
            "지역구공급총점":0.0,
            "역세권":"NA",
            "30분내 이동가능 거점":"NA",
            "1시간내 이동가능 거점":"NA",
            "교통총점":"NA",
            "백화점":100,
            "아울렛몰":0,
            "대형마트":80,
            "은행":70,
            "병원":60,
            "종합병원":100,
            "공원":0,
            "혐오시설":0,
            "인프라총점":75.0,
            "초등학군":82.73,
            "중학군":54.68,
            "학군총점":60.29,
            "인구수":22.87,
            "인구증감":-12.97,
            "인구총점":12.118,
            "일자리":11.5,
            "소득수준":68.3,
            "일자리총점":28.54,
            "가치 총점":51.3725,
            "매매실거래년":20211214.0,
            "매매실거래가":24000.0,
            "전세실거래년":20201120.0,
            "전세실거래가":13000.0,
            "전세가율":54.17,
            "장기전세가율평균":69.9,
            "전세가율거품지수":15.73,
            "검색코드":4424,
            "세대수":197,
            "준공년월":"1997-05-30",
            "준공년차":26,
            "가까운역이름":"NA",
            "가까운역거리":"NA",
            "역세권여부":"NA",
            "30분이내주요거점역":"NA",
            "1시간이내주요거점역":"NA",
            "3km이내백화점수":1,
            "5km이내아울렛몰수":0,
            "1km이내대형먀트수":1,
            "500m이내은행수":4,
            "500m이내병원수":18,
            "5km이내대형병원수":7,
            "500m이내공원수":0,
            "3km이내혐오시설수":0,
            "초등학교학업성취도":82.73,
            "중학교학업성취도":88.4,
            "용적률":387,
            "건폐율":32,
            "Y":35.192183,
            "X":129.085208,
            "rank":59.0,
            "area_info":"21평(71.85), 21평(71.52), 26평(88.41), 30평(101.8)",
            "last_sales":"2021-12-14,24000.0,21평(71.85)"
        },
        {
            "index":103,
            "아파트명":"성원맨투로빌",
            "투자타입":"일반",
            "전용면적(m2)":"81.59",
            "전용면적(평)":"24평",
            "법정동주소":"부산시 연제구 거제동 739-1",
            "도로명주소":"부산시 연제구 거제대로 128",
            "세대수":0,
            "입주년차":20,
            "용적률점수":"--",
            "건폐율점수":"--",
            "세대당주차수":0,
            "난방방식":30,
            "공급면적":"--",
            "전용률":"--",
            "욕실수":100,
            "현관타입":100,
            "주거총점":27.0,
            "지역구공급총점":0.0,
            "역세권":"NA",
            "30분내 이동가능 거점":"NA",
            "1시간내 이동가능 거점":"NA",
            "교통총점":"NA",
            "백화점":100,
            "아울렛몰":80,
            "대형마트":0,
            "은행":20,
            "병원":60,
            "종합병원":100,
            "공원":0,
            "혐오시설":0,
            "인프라총점":66.0,
            "초등학군":85.25,
            "중학군":56.02,
            "학군총점":61.866,
            "인구수":22.87,
            "인구증감":-12.97,
            "인구총점":12.118,
            "일자리":11.5,
            "소득수준":68.3,
            "일자리총점":28.54,
            "가치 총점":51.3165,
            "매매실거래년":20220112.0,
            "매매실거래가":23000.0,
            "전세실거래년":20161031.0,
            "전세실거래가":18000.0,
            "전세가율":78.26,
            "장기전세가율평균":69.9,
            "전세가율거품지수":-8.36,
            "검색코드":9796,
            "세대수":114,
            "준공년월":"2003-12-04",
            "준공년차":20,
            "가까운역이름":"NA",
            "가까운역거리":"NA",
            "역세권여부":"NA",
            "30분이내주요거점역":"NA",
            "1시간이내주요거점역":"NA",
            "3km이내백화점수":1,
            "5km이내아울렛몰수":1,
            "1km이내대형먀트수":0,
            "500m이내은행수":2,
            "500m이내병원수":12,
            "5km이내대형병원수":10,
            "500m이내공원수":0,
            "3km이내혐오시설수":0,
            "초등학교학업성취도":85.25,
            "중학교학업성취도":91.5,
            "용적률":499,
            "건폐율":35,
            "Y":35.17964,
            "X":129.0694,
            "rank":60.0,
            "area_info":"24평(81.59), 28평(93.67), 31평(103.99)",
            "last_sales":"2022-01-12,23000.0,24평(81.59)"
        },
        {
            "index":273,
            "아파트명":"반도보라",
            "투자타입":"일반",
            "전용면적(m2)":"108.59",
            "전용면적(평)":"32평",
            "법정동주소":"부산시 연제구 연산동 766-2",
            "도로명주소":"부산시 연제구 월드컵대로114번길 20",
            "세대수":0,
            "입주년차":20,
            "용적률점수":"--",
            "건폐율점수":"--",
            "세대당주차수":30,
            "난방방식":30,
            "공급면적":"--",
            "전용률":"--",
            "욕실수":100,
            "현관타입":100,
            "주거총점":31.5,
            "지역구공급총점":0.0,
            "역세권":"NA",
            "30분내 이동가능 거점":"NA",
            "1시간내 이동가능 거점":"NA",
            "교통총점":"NA",
            "백화점":0,
            "아울렛몰":80,
            "대형마트":100,
            "은행":100,
            "병원":100,
            "종합병원":100,
            "공원":80,
            "혐오시설":0,
            "인프라총점":65.4,
            "초등학군":85.71,
            "중학군":46.7,
            "학군총점":54.502,
            "인구수":22.87,
            "인구증감":-12.97,
            "인구총점":12.118,
            "일자리":11.5,
            "소득수준":68.3,
            "일자리총점":28.54,
            "가치 총점":50.8105,
            "매매실거래년":20210428.0,
            "매매실거래가":42000.0,
            "전세실거래년":20210510.0,
            "전세실거래가":30000.0,
            "전세가율":71.43,
            "장기전세가율평균":69.9,
            "전세가율거품지수":-1.53,
            "검색코드":4359,
            "세대수":294,
            "준공년월":"2000-12-09",
            "준공년차":23,
            "가까운역이름":"NA",
            "가까운역거리":"NA",
            "역세권여부":"NA",
            "30분이내주요거점역":"NA",
            "1시간이내주요거점역":"NA",
            "3km이내백화점수":0,
            "5km이내아울렛몰수":1,
            "1km이내대형먀트수":2,
            "500m이내은행수":6,
            "500m이내병원수":102,
            "5km이내대형병원수":9,
            "500m이내공원수":1,
            "3km이내혐오시설수":0,
            "초등학교학업성취도":85.71,
            "중학교학업성취도":75.7,
            "용적률":302,
            "건폐율":21,
            "Y":35.18401,
            "X":129.08335,
            "rank":61.0,
            "area_info":"32평(108.59), 39평(131.93)",
            "last_sales":"2021-04-28,42000.0,32평(108.59)"
        },
        {
            "index":91,
            "아파트명":"동래화신타운",
            "투자타입":"일반",
            "전용면적(m2)":"79.47",
            "전용면적(평)":"24평",
            "법정동주소":"부산시 연제구 거제동 1461-2",
            "도로명주소":"부산시 연제구 온천천공원길 74",
            "세대수":0,
            "입주년차":0,
            "용적률점수":"--",
            "건폐율점수":"--",
            "세대당주차수":0,
            "난방방식":30,
            "공급면적":"--",
            "전용률":"--",
            "욕실수":50,
            "현관타입":100,
            "주거총점":18.0,
            "지역구공급총점":0.0,
            "역세권":"NA",
            "30분내 이동가능 거점":"NA",
            "1시간내 이동가능 거점":"NA",
            "교통총점":"NA",
            "백화점":100,
            "아울렛몰":0,
            "대형마트":80,
            "은행":70,
            "병원":60,
            "종합병원":100,
            "공원":80,
            "혐오시설":0,
            "인프라총점":77.4,
            "초등학군":82.73,
            "중학군":46.7,
            "학군총점":53.906,
            "인구수":22.87,
            "인구증감":-12.97,
            "인구총점":12.118,
            "일자리":11.5,
            "소득수준":68.3,
            "일자리총점":28.54,
            "가치 총점":50.7365,
            "매매실거래년":20210908.0,
            "매매실거래가":26300.0,
            "전세실거래년":20210906.0,
            "전세실거래가":20000.0,
            "전세가율":76.05,
            "장기전세가율평균":69.9,
            "전세가율거품지수":-6.15,
            "검색코드":4473,
            "세대수":276,
            "준공년월":"1995-10-31",
            "준공년차":28,
            "가까운역이름":"NA",
            "가까운역거리":"NA",
            "역세권여부":"NA",
            "30분이내주요거점역":"NA",
            "1시간이내주요거점역":"NA",
            "3km이내백화점수":1,
            "5km이내아울렛몰수":0,
            "1km이내대형먀트수":1,
            "500m이내은행수":3,
            "500m이내병원수":12,
            "5km이내대형병원수":6,
            "500m이내공원수":1,
            "3km이내혐오시설수":0,
            "초등학교학업성취도":82.73,
            "중학교학업성취도":75.7,
            "용적률":0,
            "건폐율":0,
            "Y":35.192987,
            "X":129.089018,
            "rank":62.0,
            "area_info":"24평(79.47), 28평(94.24), 30평(99.68), 32평(106.93)",
            "last_sales":"2021-09-08,26300.0,24평(79.47)"
        },
        {
            "index":291,
            "아파트명":"삼보",
            "투자타입":"재건축",
            "전용면적(m2)":"78.54",
            "전용면적(평)":"23평",
            "법정동주소":"부산시 연제구 연산동 580-4",
            "도로명주소":"부산시 연제구 세병로 34",
            "세대수":0,
            "입주년차":"--",
            "용적률점수":0,
            "건폐율점수":0,
            "세대당주차수":"--",
            "난방방식":"--",
            "공급면적":50,
            "전용률":80,
            "욕실수":"--",
            "현관타입":"--",
            "주거총점":6.5,
            "지역구공급총점":0.0,
            "역세권":"NA",
            "30분내 이동가능 거점":"NA",
            "1시간내 이동가능 거점":"NA",
            "교통총점":"NA",
            "백화점":100,
            "아울렛몰":80,
            "대형마트":80,
            "은행":70,
            "병원":60,
            "종합병원":100,
            "공원":0,
            "혐오시설":0,
            "인프라총점":83.0,
            "초등학군":82.73,
            "중학군":54.68,
            "학군총점":60.29,
            "인구수":22.87,
            "인구증감":-12.97,
            "인구총점":12.118,
            "일자리":11.5,
            "소득수준":68.3,
            "일자리총점":28.54,
            "가치 총점":50.5475,
            "매매실거래년":20210423.0,
            "매매실거래가":22600.0,
            "전세실거래년":20190311.0,
            "전세실거래가":15000.0,
            "전세가율":71.43,
            "장기전세가율평균":69.9,
            "전세가율거품지수":-1.53,
            "검색코드":4332,
            "세대수":209,
            "준공년월":"1984-10-22",
            "준공년차":39,
            "가까운역이름":"NA",
            "가까운역거리":"NA",
            "역세권여부":"NA",
            "30분이내주요거점역":"NA",
            "1시간이내주요거점역":"NA",
            "3km이내백화점수":1,
            "5km이내아울렛몰수":1,
            "1km이내대형먀트수":1,
            "500m이내은행수":4,
            "500m이내병원수":28,
            "5km이내대형병원수":7,
            "500m이내공원수":0,
            "3km이내혐오시설수":0,
            "초등학교학업성취도":82.73,
            "중학교학업성취도":88.4,
            "용적률":0,
            "건폐율":0,
            "Y":35.191615,
            "X":129.084212,
            "rank":63.0,
            "area_info":"23평(78.54), 28평(95.5), 29평(96.1), 29평(97.82), 30평(102.35), 31평(105.1)",
            "last_sales":"2021-04-23,22600.0,30평(102.35)"
        },
        {
            "index":73,
            "아파트명":"경남",
            "투자타입":"재건축",
            "전용면적(m2)":"81.7",
            "전용면적(평)":"24평",
            "법정동주소":"부산시 연제구 거제동 38-45",
            "도로명주소":"부산시 연제구 거제대로214번길 6",
            "세대수":30,
            "입주년차":"--",
            "용적률점수":0,
            "건폐율점수":0,
            "세대당주차수":"--",
            "난방방식":"--",
            "공급면적":70,
            "전용률":60,
            "욕실수":"--",
            "현관타입":"--",
            "주거총점":15.5,
            "지역구공급총점":0.0,
            "역세권":"NA",
            "30분내 이동가능 거점":"NA",
            "1시간내 이동가능 거점":"NA",
            "교통총점":"NA",
            "백화점":100,
            "아울렛몰":80,
            "대형마트":0,
            "은행":70,
            "병원":60,
            "종합병원":100,
            "공원":80,
            "혐오시설":0,
            "인프라총점":73.4,
            "초등학군":89.6,
            "중학군":56.02,
            "학군총점":62.736,
            "인구수":22.87,
            "인구증감":-12.97,
            "인구총점":12.118,
            "일자리":11.5,
            "소득수준":68.3,
            "일자리총점":28.54,
            "가치 총점":50.469,
            "매매실거래년":20210702.0,
            "매매실거래가":53000.0,
            "전세실거래년":20211103.0,
            "전세실거래가":17000.0,
            "전세가율":32.08,
            "장기전세가율평균":69.9,
            "전세가율거품지수":37.82,
            "검색코드":4396,
            "세대수":384,
            "준공년월":"1984-09-18",
            "준공년차":39,
            "가까운역이름":"NA",
            "가까운역거리":"NA",
            "역세권여부":"NA",
            "30분이내주요거점역":"NA",
            "1시간이내주요거점역":"NA",
            "3km이내백화점수":1,
            "5km이내아울렛몰수":1,
            "1km이내대형먀트수":0,
            "500m이내은행수":3,
            "500m이내병원수":18,
            "5km이내대형병원수":8,
            "500m이내공원수":1,
            "3km이내혐오시설수":0,
            "초등학교학업성취도":89.6,
            "중학교학업성취도":91.5,
            "용적률":0,
            "건폐율":0,
            "Y":35.186271,
            "X":129.073908,
            "rank":64.0,
            "area_info":"24평(81.7), 31평(102.92), 38평(128.53), 48평(161.75)",
            "last_sales":"2021-07-02,53000.0,24평(81.7)"
        },
        {
            "index":169,
            "아파트명":"현대(840)",
            "투자타입":"재건축",
            "전용면적(m2)":"89.67",
            "전용면적(평)":"27평",
            "법정동주소":"부산시 연제구 거제동 840",
            "도로명주소":"부산시 연제구 거제대로 198",
            "세대수":50,
            "입주년차":"--",
            "용적률점수":0,
            "건폐율점수":0,
            "세대당주차수":"--",
            "난방방식":"--",
            "공급면적":70,
            "전용률":80,
            "욕실수":"--",
            "현관타입":"--",
            "주거총점":22.5,
            "지역구공급총점":0.0,
            "역세권":"NA",
            "30분내 이동가능 거점":"NA",
            "1시간내 이동가능 거점":"NA",
            "교통총점":"NA",
            "백화점":100,
            "아울렛몰":80,
            "대형마트":0,
            "은행":0,
            "병원":60,
            "종합병원":100,
            "공원":80,
            "혐오시설":0,
            "인프라총점":66.4,
            "초등학군":89.6,
            "중학군":56.02,
            "학군총점":62.736,
            "인구수":22.87,
            "인구증감":-12.97,
            "인구총점":12.118,
            "일자리":11.5,
            "소득수준":68.3,
            "일자리총점":28.54,
            "가치 총점":50.119,
            "매매실거래년":20211201.0,
            "매매실거래가":69000.0,
            "전세실거래년":20210904.0,
            "전세실거래가":15000.0,
            "전세가율":37.5,
            "장기전세가율평균":69.9,
            "전세가율거품지수":32.4,
            "검색코드":4443,
            "세대수":618,
            "준공년월":"1986-05-28",
            "준공년차":37,
            "가까운역이름":"NA",
            "가까운역거리":"NA",
            "역세권여부":"NA",
            "30분이내주요거점역":"NA",
            "1시간이내주요거점역":"NA",
            "3km이내백화점수":1,
            "5km이내아울렛몰수":1,
            "1km이내대형먀트수":0,
            "500m이내은행수":1,
            "500m이내병원수":18,
            "5km이내대형병원수":8,
            "500m이내공원수":1,
            "3km이내혐오시설수":0,
            "초등학교학업성취도":89.6,
            "중학교학업성취도":91.5,
            "용적률":0,
            "건폐율":0,
            "Y":35.185414,
            "X":129.073007,
            "rank":65.0,
            "area_info":"27평(89.67), 31평(103.95)",
            "last_sales":"2021-12-01,69000.0,31평(103.95)"
        },
        {
            "index":477,
            "아파트명":"연산현대홈타운",
            "투자타입":"일반",
            "전용면적(m2)":"114.56",
            "전용면적(평)":"34평",
            "법정동주소":"부산시 연제구 연산동 2022-587",
            "도로명주소":"부산시 연제구 마곡천로 54",
            "세대수":50,
            "입주년차":40,
            "용적률점수":"--",
            "건폐율점수":"--",
            "세대당주차수":30,
            "난방방식":30,
            "공급면적":"--",
            "전용률":"--",
            "욕실수":100,
            "현관타입":100,
            "주거총점":53.0,
            "지역구공급총점":0.0,
            "역세권":"NA",
            "30분내 이동가능 거점":"NA",
            "1시간내 이동가능 거점":"NA",
            "교통총점":"NA",
            "백화점":0,
            "아울렛몰":80,
            "대형마트":80,
            "은행":0,
            "병원":10,
            "종합병원":100,
            "공원":0,
            "혐오시설":0,
            "인프라총점":41.0,
            "초등학군":88.16,
            "중학군":53.76,
            "학군총점":60.64,
            "인구수":22.87,
            "인구증감":-12.97,
            "인구총점":12.118,
            "일자리":11.5,
            "소득수준":68.3,
            "일자리총점":28.54,
            "가치 총점":50.11,
            "매매실거래년":20210930.0,
            "매매실거래가":34500.0,
            "전세실거래년":20211230.0,
            "전세실거래가":25000.0,
            "전세가율":72.46,
            "장기전세가율평균":69.9,
            "전세가율거품지수":-2.56,
            "검색코드":12942,
            "세대수":410,
            "준공년월":"2005-10-28",
            "준공년차":18,
            "가까운역이름":"NA",
            "가까운역거리":"NA",
            "역세권여부":"NA",
            "30분이내주요거점역":"NA",
            "1시간이내주요거점역":"NA",
            "3km이내백화점수":0,
            "5km이내아울렛몰수":1,
            "1km이내대형먀트수":1,
            "500m이내은행수":0,
            "500m이내병원수":2,
            "5km이내대형병원수":11,
            "500m이내공원수":0,
            "3km이내혐오시설수":0,
            "초등학교학업성취도":88.16,
            "중학교학업성취도":87.4,
            "용적률":348,
            "건폐율":34,
            "Y":35.169972,
            "X":129.086252,
            "rank":66.0,
            "area_info":"34평(114.56)",
            "last_sales":"2021-09-30,34500.0,34평(114.56)"
        },
        {
            "index":321,
            "아파트명":"선경",
            "투자타입":"일반",
            "전용면적(m2)":"78.89",
            "전용면적(평)":"23평",
            "법정동주소":"부산시 연제구 연산동 2235-4",
            "도로명주소":"부산시 연제구 과정로 74",
            "세대수":50,
            "입주년차":0,
            "용적률점수":"--",
            "건폐율점수":"--",
            "세대당주차수":60,
            "난방방식":30,
            "공급면적":"--",
            "전용률":"--",
            "욕실수":50,
            "현관타입":100,
            "주거총점":44.5,
            "지역구공급총점":0.0,
            "역세권":"NA",
            "30분내 이동가능 거점":"NA",
            "1시간내 이동가능 거점":"NA",
            "교통총점":"NA",
            "백화점":100,
            "아울렛몰":0,
            "대형마트":0,
            "은행":0,
            "병원":0,
            "종합병원":100,
            "공원":80,
            "혐오시설":-100,
            "인프라총점":50.4,
            "초등학군":85.59,
            "중학군":50.18,
            "학군총점":57.262,
            "인구수":22.87,
            "인구증감":-12.97,
            "인구총점":12.118,
            "일자리":11.5,
            "소득수준":68.3,
            "일자리총점":28.54,
            "가치 총점":50.0505,
            "매매실거래년":20211017.0,
            "매매실거래가":61000.0,
            "전세실거래년":20190604.0,
            "전세실거래가":15000.0,
            "전세가율":44.12,
            "장기전세가율평균":69.9,
            "전세가율거품지수":25.78,
            "검색코드":4350,
            "세대수":576,
            "준공년월":"1995-06-05",
            "준공년차":28,
            "가까운역이름":"NA",
            "가까운역거리":"NA",
            "역세권여부":"NA",
            "30분이내주요거점역":"NA",
            "1시간이내주요거점역":"NA",
            "3km이내백화점수":2,
            "5km이내아울렛몰수":0,
            "1km이내대형먀트수":0,
            "500m이내은행수":1,
            "500m이내병원수":1,
            "5km이내대형병원수":8,
            "500m이내공원수":1,
            "3km이내혐오시설수":2,
            "초등학교학업성취도":85.59,
            "중학교학업성취도":82.3,
            "용적률":210,
            "건폐율":17,
            "Y":35.176951,
            "X":129.110848,
            "rank":67.0,
            "area_info":"23평(78.89), 32평(105.99), 48평(160.04), 59평(195.48)",
            "last_sales":"2021-10-17,61000.0,48평(160.04)"
        },
        {
            "index":501,
            "아파트명":"주공",
            "투자타입":"재건축",
            "전용면적(m2)":"76.23",
            "전용면적(평)":"23평",
            "법정동주소":"부산시 연제구 연산동 2220",
            "도로명주소":"부산시 연제구 토현로 10",
            "세대수":100,
            "입주년차":"--",
            "용적률점수":0,
            "건폐율점수":0,
            "세대당주차수":"--",
            "난방방식":"--",
            "공급면적":50,
            "전용률":60,
            "욕실수":"--",
            "현관타입":"--",
            "주거총점":35.5,
            "지역구공급총점":0.0,
            "역세권":"NA",
            "30분내 이동가능 거점":"NA",
            "1시간내 이동가능 거점":"NA",
            "교통총점":"NA",
            "백화점":100,
            "아울렛몰":0,
            "대형마트":0,
            "은행":0,
            "병원":60,
            "종합병원":100,
            "공원":100,
            "혐오시설":-100,
            "인프라총점":57.0,
            "초등학군":85.59,
            "중학군":50.18,
            "학군총점":57.262,
            "인구수":22.87,
            "인구증감":-12.97,
            "인구총점":12.118,
            "일자리":11.5,
            "소득수준":68.3,
            "일자리총점":28.54,
            "가치 총점":49.5405,
            "매매실거래년":20211103.0,
            "매매실거래가":81800.0,
            "전세실거래년":20211026.0,
            "전세실거래가":11000.0,
            "전세가율":18.52,
            "장기전세가율평균":69.9,
            "전세가율거품지수":51.38,
            "검색코드":4358,
            "세대수":2038,
            "준공년월":"1986-11-28",
            "준공년차":37,
            "가까운역이름":"NA",
            "가까운역거리":"NA",
            "역세권여부":"NA",
            "30분이내주요거점역":"NA",
            "1시간이내주요거점역":"NA",
            "3km이내백화점수":2,
            "5km이내아울렛몰수":0,
            "1km이내대형먀트수":0,
            "500m이내은행수":1,
            "500m이내병원수":10,
            "5km이내대형병원수":8,
            "500m이내공원수":2,
            "3km이내혐오시설수":2,
            "초등학교학업성취도":85.59,
            "중학교학업성취도":82.3,
            "용적률":0,
            "건폐율":0,
            "Y":35.179546,
            "X":129.110049,
            "rank":68.0,
            "area_info":"23평(76.23), 24평(80.66), 27평(89.72), 28평(94.71), 28평(94.08), 28평(94.32), 33평(110.27), 35평(116.04)",
            "last_sales":"2021-11-03,81800.0,33평(110.27)"
        },
        {
            "index":194,
            "아파트명":"경동",
            "투자타입":"일반",
            "전용면적(m2)":"82.06",
            "전용면적(평)":"24평",
            "법정동주소":"부산시 연제구 연산동 304-1",
            "도로명주소":"부산시 연제구 과정로344번길 50",
            "세대수":30,
            "입주년차":0,
            "용적률점수":"--",
            "건폐율점수":"--",
            "세대당주차수":0,
            "난방방식":30,
            "공급면적":"--",
            "전용률":"--",
            "욕실수":50,
            "현관타입":10,
            "주거총점":19.5,
            "지역구공급총점":0.0,
            "역세권":"NA",
            "30분내 이동가능 거점":"NA",
            "1시간내 이동가능 거점":"NA",
            "교통총점":"NA",
            "백화점":100,
            "아울렛몰":0,
            "대형마트":80,
            "은행":0,
            "병원":60,
            "종합병원":100,
            "공원":100,
            "혐오시설":0,
            "인프라총점":71.0,
            "초등학군":86.12,
            "중학군":46.7,
            "학군총점":54.584,
            "인구수":22.87,
            "인구증감":-12.97,
            "인구총점":12.118,
            "일자리":11.5,
            "소득수준":68.3,
            "일자리총점":28.54,
            "가치 총점":48.871,
            "매매실거래년":20211030.0,
            "매매실거래가":21500.0,
            "전세실거래년":20211020.0,
            "전세실거래가":17000.0,
            "전세가율":79.07,
            "장기전세가율평균":69.9,
            "전세가율거품지수":-9.17,
            "검색코드":4313,
            "세대수":318,
            "준공년월":"1994-12-31",
            "준공년차":29,
            "가까운역이름":"NA",
            "가까운역거리":"NA",
            "역세권여부":"NA",
            "30분이내주요거점역":"NA",
            "1시간이내주요거점역":"NA",
            "3km이내백화점수":1,
            "5km이내아울렛몰수":0,
            "1km이내대형먀트수":1,
            "500m이내은행수":1,
            "500m이내병원수":12,
            "5km이내대형병원수":7,
            "500m이내공원수":2,
            "3km이내혐오시설수":0,
            "초등학교학업성취도":86.12,
            "중학교학업성취도":75.7,
            "용적률":317,
            "건폐율":46,
            "Y":35.191808,
            "X":129.092801,
            "rank":69.0,
            "area_info":"24평(82.06), 31평(105.24), 32평(108.39)",
            "last_sales":"2021-10-30,21500.0,24평(82.06)"
        },
        {
            "index":157,
            "아파트명":"청마마이우스",
            "투자타입":"일반",
            "전용면적(m2)":"45.47",
            "전용면적(평)":"13평",
            "법정동주소":"부산시 연제구 거제동 150-8",
            "도로명주소":"부산시 연제구 명륜로 14",
            "세대수":0,
            "입주년차":20,
            "용적률점수":"--",
            "건폐율점수":"--",
            "세대당주차수":0,
            "난방방식":30,
            "공급면적":"--",
            "전용률":"--",
            "욕실수":50,
            "현관타입":50,
            "주거총점":17.0,
            "지역구공급총점":0.0,
            "역세권":"NA",
            "30분내 이동가능 거점":"NA",
            "1시간내 이동가능 거점":"NA",
            "교통총점":"NA",
            "백화점":100,
            "아울렛몰":0,
            "대형마트":100,
            "은행":0,
            "병원":30,
            "종합병원":100,
            "공원":0,
            "혐오시설":0,
            "인프라총점":68.0,
            "초등학군":94.11,
            "중학군":54.68,
            "학군총점":62.566,
            "인구수":22.87,
            "인구증감":-12.97,
            "인구총점":12.118,
            "일자리":11.5,
            "소득수준":68.3,
            "일자리총점":28.54,
            "가치 총점":48.7915,
            "매매실거래년":20211230.0,
            "매매실거래가":13500.0,
            "전세실거래년":20211117.0,
            "전세실거래가":8500.0,
            "전세가율":85.86,
            "장기전세가율평균":69.9,
            "전세가율거품지수":-15.96,
            "검색코드":18162,
            "세대수":169,
            "준공년월":"2003-12-18",
            "준공년차":20,
            "가까운역이름":"NA",
            "가까운역거리":"NA",
            "역세권여부":"NA",
            "30분이내주요거점역":"NA",
            "1시간이내주요거점역":"NA",
            "3km이내백화점수":1,
            "5km이내아울렛몰수":0,
            "1km이내대형먀트수":2,
            "500m이내은행수":1,
            "500m이내병원수":5,
            "5km이내대형병원수":6,
            "500m이내공원수":0,
            "3km이내혐오시설수":0,
            "초등학교학업성취도":94.11,
            "중학교학업성취도":88.4,
            "용적률":958,
            "건폐율":79,
            "Y":35.196225,
            "X":129.081791,
            "rank":70.0,
            "area_info":"13평(45.47), 16평(55.25)",
            "last_sales":"2021-12-30,13500.0,16평(55.25)"
        },
        {
            "index":256,
            "아파트명":"동서하이빌",
            "투자타입":"일반",
            "전용면적(m2)":"90.85",
            "전용면적(평)":"27평",
            "법정동주소":"부산시 연제구 연산동 1637-1",
            "도로명주소":"부산시 연제구 연제로8번길 75",
            "세대수":0,
            "입주년차":20,
            "용적률점수":"--",
            "건폐율점수":"--",
            "세대당주차수":30,
            "난방방식":30,
            "공급면적":"--",
            "전용률":"--",
            "욕실수":100,
            "현관타입":100,
            "주거총점":31.5,
            "지역구공급총점":0.0,
            "역세권":"NA",
            "30분내 이동가능 거점":"NA",
            "1시간내 이동가능 거점":"NA",
            "교통총점":"NA",
            "백화점":0,
            "아울렛몰":80,
            "대형마트":80,
            "은행":100,
            "병원":60,
            "종합병원":100,
            "공원":100,
            "혐오시설":0,
            "인프라총점":59.0,
            "초등학군":88.16,
            "중학군":48.6,
            "학군총점":56.512,
            "인구수":22.87,
            "인구증감":-12.97,
            "인구총점":12.118,
            "일자리":11.5,
            "소득수준":68.3,
            "일자리총점":28.54,
            "가치 총점":48.753,
            "매매실거래년":20210607.0,
            "매매실거래가":42000.0,
            "전세실거래년":20190411.0,
            "전세실거래가":17000.0,
            "전세가율":60.71,
            "장기전세가율평균":69.9,
            "전세가율거품지수":9.19,
            "검색코드":12478,
            "세대수":113,
            "준공년월":"2003-10-24",
            "준공년차":20,
            "가까운역이름":"NA",
            "가까운역거리":"NA",
            "역세권여부":"NA",
            "30분이내주요거점역":"NA",
            "1시간이내주요거점역":"NA",
            "3km이내백화점수":0,
            "5km이내아울렛몰수":1,
            "1km이내대형먀트수":1,
            "500m이내은행수":8,
            "500m이내병원수":20,
            "5km이내대형병원수":10,
            "500m이내공원수":3,
            "3km이내혐오시설수":0,
            "초등학교학업성취도":88.16,
            "중학교학업성취도":79.6,
            "용적률":192,
            "건폐율":24,
            "Y":35.178573,
            "X":129.080031,
            "rank":71.0,
            "area_info":"27평(90.85), 32평(106.48)",
            "last_sales":"2021-06-07,42000.0,32평(106.48)"
        },
        {
            "index":373,
            "아파트명":"아이유파크",
            "투자타입":"일반",
            "전용면적(m2)":"78.17",
            "전용면적(평)":"23평",
            "법정동주소":"부산시 연제구 연산동 1866-2",
            "도로명주소":"부산시 연제구 연수로 179",
            "세대수":0,
            "입주년차":80,
            "용적률점수":"--",
            "건폐율점수":"--",
            "세대당주차수":30,
            "난방방식":30,
            "공급면적":"--",
            "전용률":"--",
            "욕실수":100,
            "현관타입":100,
            "주거총점":43.5,
            "지역구공급총점":0.0,
            "역세권":"NA",
            "30분내 이동가능 거점":"NA",
            "1시간내 이동가능 거점":"NA",
            "교통총점":"NA",
            "백화점":0,
            "아울렛몰":80,
            "대형마트":80,
            "은행":0,
            "병원":60,
            "종합병원":100,
            "공원":80,
            "혐오시설":0,
            "인프라총점":48.4,
            "초등학군":88.39,
            "중학군":48.6,
            "학군총점":56.558,
            "인구수":22.87,
            "인구증감":-12.97,
            "인구총점":12.118,
            "일자리":11.5,
            "소득수준":68.3,
            "일자리총점":28.54,
            "가치 총점":48.7245,
            "매매실거래년":20211211.0,
            "매매실거래가":35000.0,
            "전세실거래년":20200131.0,
            "전세실거래가":19000.0,
            "전세가율":78.19,
            "장기전세가율평균":69.9,
            "전세가율거품지수":-8.29,
            "검색코드":112846,
            "세대수":158,
            "준공년월":"2017-11-28",
            "준공년차":6,
            "가까운역이름":"NA",
            "가까운역거리":"NA",
            "역세권여부":"NA",
            "30분이내주요거점역":"NA",
            "1시간이내주요거점역":"NA",
            "3km이내백화점수":0,
            "5km이내아울렛몰수":1,
            "1km이내대형먀트수":1,
            "500m이내은행수":0,
            "500m이내병원수":26,
            "5km이내대형병원수":10,
            "500m이내공원수":1,
            "3km이내혐오시설수":0,
            "초등학교학업성취도":88.39,
            "중학교학업성취도":79.6,
            "용적률":523,
            "건폐율":25,
            "Y":35.174529,
            "X":129.090576,
            "rank":72.0,
            "area_info":"23평(78.17), 25평(84.54), 26평(86.51)",
            "last_sales":"2021-12-11,35000.0,26평(86.51)"
        },
        {
            "index":262,
            "아파트명":"마이네하임",
            "투자타입":"일반",
            "전용면적(m2)":"45.04",
            "전용면적(평)":"13평",
            "법정동주소":"부산시 연제구 연산동 469-7",
            "도로명주소":"부산시 연제구 과정로 174",
            "세대수":0,
            "입주년차":80,
            "용적률점수":"--",
            "건폐율점수":"--",
            "세대당주차수":0,
            "난방방식":30,
            "공급면적":"--",
            "전용률":"--",
            "욕실수":50,
            "현관타입":50,
            "주거총점":29.0,
            "지역구공급총점":0.0,
            "역세권":"NA",
            "30분내 이동가능 거점":"NA",
            "1시간내 이동가능 거점":"NA",
            "교통총점":"NA",
            "백화점":100,
            "아울렛몰":0,
            "대형마트":0,
            "은행":20,
            "병원":60,
            "종합병원":100,
            "공원":80,
            "혐오시설":-100,
            "인프라총점":58.4,
            "초등학군":86.03,
            "중학군":53.52,
            "학군총점":60.022,
            "인구수":22.87,
            "인구증감":-12.97,
            "인구총점":12.118,
            "일자리":11.5,
            "소득수준":68.3,
            "일자리총점":28.54,
            "가치 총점":48.5155,
            "매매실거래년":20200921.0,
            "매매실거래가":20000.0,
            "전세실거래년":null,
            "전세실거래가":null,
            "전세가율":null,
            "장기전세가율평균":69.9,
            "전세가율거품지수":null,
            "검색코드":18003,
            "세대수":133,
            "준공년월":"2016-02-04",
            "준공년차":7,
            "가까운역이름":"NA",
            "가까운역거리":"NA",
            "역세권여부":"NA",
            "30분이내주요거점역":"NA",
            "1시간이내주요거점역":"NA",
            "3km이내백화점수":2,
            "5km이내아울렛몰수":0,
            "1km이내대형먀트수":0,
            "500m이내은행수":2,
            "500m이내병원수":20,
            "5km이내대형병원수":7,
            "500m이내공원수":1,
            "3km이내혐오시설수":2,
            "초등학교학업성취도":86.03,
            "중학교학업성취도":86.4,
            "용적률":825,
            "건폐율":73,
            "Y":35.186922,
            "X":129.107789,
            "rank":73.0,
            "area_info":"13평(45.04), 17평(57.62), 17평(58.59), 18평(61.59), 19평(65.16), 21평(69.63), 21평(70.23), 26평(87.7), 26평(89.24), 26평(89.24), 28평(93.53)",
            "last_sales":"2020-09-21,20000.0,28평(93.53)"
        },
        {
            "index":339,
            "아파트명":"시청스마트W",
            "투자타입":"일반",
            "전용면적(m2)":"82.81",
            "전용면적(평)":"25평",
            "법정동주소":"부산시 연제구 연산동 822-6",
            "도로명주소":"부산시 연제구 연수로 103",
            "세대수":0,
            "입주년차":80,
            "용적률점수":"--",
            "건폐율점수":"--",
            "세대당주차수":0,
            "난방방식":30,
            "공급면적":"--",
            "전용률":"--",
            "욕실수":100,
            "현관타입":100,
            "주거총점":39.0,
            "지역구공급총점":0.0,
            "역세권":"NA",
            "30분내 이동가능 거점":"NA",
            "1시간내 이동가능 거점":"NA",
            "교통총점":"NA",
            "백화점":0,
            "아울렛몰":80,
            "대형마트":80,
            "은행":0,
            "병원":60,
            "종합병원":100,
            "공원":100,
            "혐오시설":0,
            "인프라총점":49.0,
            "초등학군":88.16,
            "중학군":53.76,
            "학군총점":60.64,
            "인구수":22.87,
            "인구증감":-12.97,
            "인구총점":12.118,
            "일자리":11.5,
            "소득수준":68.3,
            "일자리총점":28.54,
            "가치 총점":48.41,
            "매매실거래년":20210313.0,
            "매매실거래가":38300.0,
            "전세실거래년":20211108.0,
            "전세실거래가":30000.0,
            "전세가율":78.33,
            "장기전세가율평균":69.9,
            "전세가율거품지수":-8.43,
            "검색코드":113487,
            "세대수":105,
            "준공년월":"2018-09-28",
            "준공년차":5,
            "가까운역이름":"NA",
            "가까운역거리":"NA",
            "역세권여부":"NA",
            "30분이내주요거점역":"NA",
            "1시간이내주요거점역":"NA",
            "3km이내백화점수":0,
            "5km이내아울렛몰수":1,
            "1km이내대형먀트수":1,
            "500m이내은행수":1,
            "500m이내병원수":19,
            "5km이내대형병원수":10,
            "500m이내공원수":3,
            "3km이내혐오시설수":0,
            "초등학교학업성취도":88.16,
            "중학교학업성취도":87.4,
            "용적률":427,
            "건폐율":38,
            "Y":35.17579,
            "X":129.082463,
            "rank":74.0,
            "area_info":"25평(82.81), 31평(104.99), 31평(105.24)",
            "last_sales":"2021-03-13,38300.0,25평(82.81)"
        },
        {
            "index":212,
            "아파트명":"대우",
            "투자타입":"일반",
            "전용면적(m2)":"77.22",
            "전용면적(평)":"23평",
            "법정동주소":"부산시 연제구 연산동 30-1",
            "도로명주소":"부산시 연제구 토곡남로 15",
            "세대수":30,
            "입주년차":20,
            "용적률점수":"--",
            "건폐율점수":"--",
            "세대당주차수":30,
            "난방방식":30,
            "공급면적":"--",
            "전용률":"--",
            "욕실수":50,
            "현관타입":10,
            "주거총점":28.0,
            "지역구공급총점":0.0,
            "역세권":"NA",
            "30분내 이동가능 거점":"NA",
            "1시간내 이동가능 거점":"NA",
            "교통총점":"NA",
            "백화점":100,
            "아울렛몰":0,
            "대형마트":0,
            "은행":20,
            "병원":60,
            "종합병원":100,
            "공원":80,
            "혐오시설":-50,
            "인프라총점":59.4,
            "초등학군":85.59,
            "중학군":51.88,
            "학군총점":58.622,
            "인구수":22.87,
            "인구증감":-12.97,
            "인구총점":12.118,
            "일자리":11.5,
            "소득수준":68.3,
            "일자리총점":28.54,
            "가치 총점":48.2155,
            "매매실거래년":20211024.0,
            "매매실거래가":22500.0,
            "전세실거래년":20200629.0,
            "전세실거래가":13000.0,
            "전세가율":57.78,
            "장기전세가율평균":69.9,
            "전세가율거품지수":12.12,
            "검색코드":4319,
            "세대수":303,
            "준공년월":"2000-10-23",
            "준공년차":23,
            "가까운역이름":"NA",
            "가까운역거리":"NA",
            "역세권여부":"NA",
            "30분이내주요거점역":"NA",
            "1시간이내주요거점역":"NA",
            "3km이내백화점수":2,
            "5km이내아울렛몰수":0,
            "1km이내대형먀트수":0,
            "500m이내은행수":2,
            "500m이내병원수":22,
            "5km이내대형병원수":7,
            "500m이내공원수":1,
            "3km이내혐오시설수":1,
            "초등학교학업성취도":85.59,
            "중학교학업성취도":84.0,
            "용적률":335,
            "건폐율":22,
            "Y":35.180996,
            "X":129.105271,
            "rank":75.0,
            "area_info":"23평(77.22), 24평(79.97), 30평(100.38), 32평(108.62), 48평(160.91)",
            "last_sales":"2021-10-24,22500.0,23평(77.22)"
        },
        {
            "index":171,
            "아파트명":"화랑",
            "투자타입":"재건축",
            "전용면적(m2)":"90.18",
            "전용면적(평)":"27평",
            "법정동주소":"부산시 연제구 거제동 867-5",
            "도로명주소":"부산시 연제구 아시아드대로 31",
            "세대수":0,
            "입주년차":"--",
            "용적률점수":0,
            "건폐율점수":0,
            "세대당주차수":"--",
            "난방방식":"--",
            "공급면적":70,
            "전용률":80,
            "욕실수":"--",
            "현관타입":"--",
            "주거총점":7.5,
            "지역구공급총점":0.0,
            "역세권":"NA",
            "30분내 이동가능 거점":"NA",
            "1시간내 이동가능 거점":"NA",
            "교통총점":"NA",
            "백화점":100,
            "아울렛몰":80,
            "대형마트":80,
            "은행":20,
            "병원":30,
            "종합병원":100,
            "공원":0,
            "혐오시설":0,
            "인프라총점":75.0,
            "초등학군":85.28,
            "중학군":54.94,
            "학군총점":61.008,
            "인구수":22.87,
            "인구증감":-12.97,
            "인구총점":12.118,
            "일자리":11.5,
            "소득수준":68.3,
            "일자리총점":28.54,
            "가치 총점":47.877,
            "매매실거래년":20201016.0,
            "매매실거래가":35000.0,
            "전세실거래년":20110309.0,
            "전세실거래가":5000.0,
            "전세가율":16.39,
            "장기전세가율평균":69.9,
            "전세가율거품지수":53.51,
            "검색코드":4436,
            "세대수":105,
            "준공년월":"1985-07-10",
            "준공년차":38,
            "가까운역이름":"NA",
            "가까운역거리":"NA",
            "역세권여부":"NA",
            "30분이내주요거점역":"NA",
            "1시간이내주요거점역":"NA",
            "3km이내백화점수":1,
            "5km이내아울렛몰수":1,
            "1km이내대형먀트수":1,
            "500m이내은행수":2,
            "500m이내병원수":9,
            "5km이내대형병원수":7,
            "500m이내공원수":0,
            "3km이내혐오시설수":0,
            "초등학교학업성취도":85.28,
            "중학교학업성취도":88.7,
            "용적률":0,
            "건폐율":0,
            "Y":35.187484,
            "X":129.068214,
            "rank":76.0,
            "area_info":"27평(90.18), 27평(92.52), 28평(92.82), 28평(93.52), 29평(97.5), 29평(98.97), 29평(98.77), 30평(99.26)",
            "last_sales":"2020-10-16,35000.0,30평(99.26)"
        },
        {
            "index":163,
            "아파트명":"한양",
            "투자타입":"재건축",
            "전용면적(m2)":"103.63",
            "전용면적(평)":"31평",
            "법정동주소":"부산시 연제구 거제동 129-1",
            "도로명주소":"부산시 연제구 중앙대로1226번길 4",
            "세대수":30,
            "입주년차":"--",
            "용적률점수":0,
            "건폐율점수":0,
            "세대당주차수":"--",
            "난방방식":"--",
            "공급면적":90,
            "전용률":80,
            "욕실수":"--",
            "현관타입":"--",
            "주거총점":17.5,
            "지역구공급총점":0.0,
            "역세권":"NA",
            "30분내 이동가능 거점":"NA",
            "1시간내 이동가능 거점":"NA",
            "교통총점":"NA",
            "백화점":100,
            "아울렛몰":0,
            "대형마트":80,
            "은행":0,
            "병원":30,
            "종합병원":100,
            "공원":0,
            "혐오시설":0,
            "인프라총점":65.0,
            "초등학군":94.11,
            "중학군":54.68,
            "학군총점":62.566,
            "인구수":22.87,
            "인구증감":-12.97,
            "인구총점":12.118,
            "일자리":11.5,
            "소득수준":68.3,
            "일자리총점":28.54,
            "가치 총점":47.7665,
            "매매실거래년":20210821.0,
            "매매실거래가":90500.0,
            "전세실거래년":20211207.0,
            "전세실거래가":29000.0,
            "전세가율":37.91,
            "장기전세가율평균":69.9,
            "전세가율거품지수":31.99,
            "검색코드":4471,
            "세대수":336,
            "준공년월":"1985-07-26",
            "준공년차":38,
            "가까운역이름":"NA",
            "가까운역거리":"NA",
            "역세권여부":"NA",
            "30분이내주요거점역":"NA",
            "1시간이내주요거점역":"NA",
            "3km이내백화점수":1,
            "5km이내아울렛몰수":0,
            "1km이내대형먀트수":1,
            "500m이내은행수":0,
            "500m이내병원수":5,
            "5km이내대형병원수":5,
            "500m이내공원수":0,
            "3km이내혐오시설수":0,
            "초등학교학업성취도":94.11,
            "중학교학업성취도":88.4,
            "용적률":0,
            "건폐율":0,
            "Y":35.197467,
            "X":129.080896,
            "rank":77.0,
            "area_info":"31평(103.63), 41평(136.46), 51평(170.79)",
            "last_sales":"2021-08-21,90500.0,41평(136.46)"
        },
        {
            "index":474,
            "아파트명":"연산한일유앤아이",
            "투자타입":"일반",
            "전용면적(m2)":"78.5",
            "전용면적(평)":"23평",
            "법정동주소":"부산시 연제구 연산동 1136-5",
            "도로명주소":"부산시 연제구 묘봉산로 4",
            "세대수":50,
            "입주년차":40,
            "용적률점수":"--",
            "건폐율점수":"--",
            "세대당주차수":0,
            "난방방식":30,
            "공급면적":"--",
            "전용률":"--",
            "욕실수":50,
            "현관타입":100,
            "주거총점":43.5,
            "지역구공급총점":0.0,
            "역세권":"NA",
            "30분내 이동가능 거점":"NA",
            "1시간내 이동가능 거점":"NA",
            "교통총점":"NA",
            "백화점":0,
            "아울렛몰":80,
            "대형마트":80,
            "은행":0,
            "병원":30,
            "종합병원":100,
            "공원":100,
            "혐오시설":0,
            "인프라총점":46.0,
            "초등학군":85.71,
            "중학군":46.7,
            "학군총점":54.502,
            "인구수":22.87,
            "인구증감":-12.97,
            "인구총점":12.118,
            "일자리":11.5,
            "소득수준":68.3,
            "일자리총점":28.54,
            "가치 총점":47.2505,
            "매매실거래년":20211012.0,
            "매매실거래가":38900.0,
            "전세실거래년":20210813.0,
            "전세실거래가":21000.0,
            "전세가율":74.2,
            "장기전세가율평균":69.9,
            "전세가율거품지수":-4.3,
            "검색코드":11660,
            "세대수":412,
            "준공년월":"2006-04-28",
            "준공년차":17,
            "가까운역이름":"NA",
            "가까운역거리":"NA",
            "역세권여부":"NA",
            "30분이내주요거점역":"NA",
            "1시간이내주요거점역":"NA",
            "3km이내백화점수":0,
            "5km이내아울렛몰수":1,
            "1km이내대형먀트수":1,
            "500m이내은행수":0,
            "500m이내병원수":7,
            "5km이내대형병원수":9,
            "500m이내공원수":2,
            "3km이내혐오시설수":0,
            "초등학교학업성취도":85.71,
            "중학교학업성취도":75.7,
            "용적률":342,
            "건폐율":26,
            "Y":35.182659,
            "X":129.088035,
            "rank":78.0,
            "area_info":"23평(78.5), 27평(90.81), 32평(106.52)",
            "last_sales":"2021-10-12,38900.0,32평(106.52)"
        },
        {
            "index":86,
            "아파트명":"대호",
            "투자타입":"일반",
            "전용면적(m2)":"68.41",
            "전용면적(평)":"20평",
            "법정동주소":"부산시 연제구 거제동 1466-19",
            "도로명주소":"부산시 연제구 거제천로255번길 53",
            "세대수":0,
            "입주년차":0,
            "용적률점수":"--",
            "건폐율점수":"--",
            "세대당주차수":30,
            "난방방식":30,
            "공급면적":"--",
            "전용률":"--",
            "욕실수":50,
            "현관타입":10,
            "주거총점":13.5,
            "지역구공급총점":0.0,
            "역세권":"NA",
            "30분내 이동가능 거점":"NA",
            "1시간내 이동가능 거점":"NA",
            "교통총점":"NA",
            "백화점":100,
            "아울렛몰":0,
            "대형마트":80,
            "은행":0,
            "병원":60,
            "종합병원":100,
            "공원":0,
            "혐오시설":0,
            "인프라총점":68.0,
            "초등학군":82.73,
            "중학군":54.68,
            "학군총점":60.29,
            "인구수":22.87,
            "인구증감":-12.97,
            "인구총점":12.118,
            "일자리":11.5,
            "소득수준":68.3,
            "일자리총점":28.54,
            "가치 총점":46.9975,
            "매매실거래년":20211105.0,
            "매매실거래가":32000.0,
            "전세실거래년":20210810.0,
            "전세실거래가":19000.0,
            "전세가율":83.33,
            "장기전세가율평균":69.9,
            "전세가율거품지수":-13.43,
            "검색코드":9853,
            "세대수":105,
            "준공년월":"1996-05-02",
            "준공년차":27,
            "가까운역이름":"NA",
            "가까운역거리":"NA",
            "역세권여부":"NA",
            "30분이내주요거점역":"NA",
            "1시간이내주요거점역":"NA",
            "3km이내백화점수":1,
            "5km이내아울렛몰수":0,
            "1km이내대형먀트수":1,
            "500m이내은행수":1,
            "500m이내병원수":14,
            "5km이내대형병원수":6,
            "500m이내공원수":0,
            "3km이내혐오시설수":0,
            "초등학교학업성취도":82.73,
            "중학교학업성취도":88.4,
            "용적률":199,
            "건폐율":15,
            "Y":35.19447,
            "X":129.08466,
            "rank":79.0,
            "area_info":"20평(68.41), 21평(71.82), 24평(80.02), 29평(96.87), 30평(100.06)",
            "last_sales":"2021-11-05,32000.0,29평(96.87)"
        },
        {
            "index":432,
            "아파트명":"연산역이즈(도시형)",
            "투자타입":"일반",
            "전용면적(m2)":"53.64",
            "전용면적(평)":"16평",
            "법정동주소":"부산시 연제구 연산동 705-5",
            "도로명주소":"부산시 연제구 월드컵대로111번길 46",
            "세대수":0,
            "입주년차":80,
            "용적률점수":"--",
            "건폐율점수":"--",
            "세대당주차수":0,
            "난방방식":30,
            "공급면적":"--",
            "전용률":"--",
            "욕실수":50,
            "현관타입":10,
            "주거총점":25.0,
            "지역구공급총점":0.0,
            "역세권":"NA",
            "30분내 이동가능 거점":"NA",
            "1시간내 이동가능 거점":"NA",
            "교통총점":"NA",
            "백화점":0,
            "아울렛몰":80,
            "대형마트":80,
            "은행":70,
            "병원":100,
            "종합병원":100,
            "공원":100,
            "혐오시설":0,
            "인프라총점":60.0,
            "초등학군":89.6,
            "중학군":46.7,
            "학군총점":55.28,
            "인구수":22.87,
            "인구증감":-12.97,
            "인구총점":12.118,
            "일자리":11.5,
            "소득수준":68.3,
            "일자리총점":28.54,
            "가치 총점":46.57,
            "매매실거래년":20210927.0,
            "매매실거래가":23000.0,
            "전세실거래년":20201208.0,
            "전세실거래가":14500.0,
            "전세가율":85.29,
            "장기전세가율평균":69.9,
            "전세가율거품지수":-15.39,
            "검색코드":121628,
            "세대수":102,
            "준공년월":"2018-12-18",
            "준공년차":5,
            "가까운역이름":"NA",
            "가까운역거리":"NA",
            "역세권여부":"NA",
            "30분이내주요거점역":"NA",
            "1시간이내주요거점역":"NA",
            "3km이내백화점수":0,
            "5km이내아울렛몰수":1,
            "1km이내대형먀트수":1,
            "500m이내은행수":4,
            "500m이내병원수":99,
            "5km이내대형병원수":9,
            "500m이내공원수":2,
            "3km이내혐오시설수":0,
            "초등학교학업성취도":89.6,
            "중학교학업성취도":75.7,
            "용적률":901,
            "건폐율":68,
            "Y":35.182559,
            "X":129.080822,
            "rank":80.0,
            "area_info":"16평(53.64), 16평(53.61), 20평(66.27), 20평(66.24), 20평(68.32), 20평(68.35)",
            "last_sales":"2021-09-27,23000.0,20평(68.35)"
        },
        {
            "index":159,
            "아파트명":"태경썬샤인",
            "투자타입":"일반",
            "전용면적(m2)":"77.23",
            "전용면적(평)":"23평",
            "법정동주소":"부산시 연제구 거제동 163-1",
            "도로명주소":"부산시 연제구 중앙대로1226번길 30",
            "세대수":0,
            "입주년차":0,
            "용적률점수":"--",
            "건폐율점수":"--",
            "세대당주차수":0,
            "난방방식":30,
            "공급면적":"--",
            "전용률":"--",
            "욕실수":50,
            "현관타입":10,
            "주거총점":9.0,
            "지역구공급총점":0.0,
            "역세권":"NA",
            "30분내 이동가능 거점":"NA",
            "1시간내 이동가능 거점":"NA",
            "교통총점":"NA",
            "백화점":100,
            "아울렛몰":0,
            "대형마트":80,
            "은행":0,
            "병원":30,
            "종합병원":100,
            "공원":0,
            "혐오시설":0,
            "인프라총점":65.0,
            "초등학군":94.11,
            "중학군":54.68,
            "학군총점":62.566,
            "인구수":22.87,
            "인구증감":-12.97,
            "인구총점":12.118,
            "일자리":11.5,
            "소득수준":68.3,
            "일자리총점":28.54,
            "가치 총점":44.7915,
            "매매실거래년":20211008.0,
            "매매실거래가":58000.0,
            "전세실거래년":20200218.0,
            "전세실거래가":15000.0,
            "전세가율":51.72,
            "장기전세가율평균":69.9,
            "전세가율거품지수":18.18,
            "검색코드":4468,
            "세대수":224,
            "준공년월":"1995-02-23",
            "준공년차":28,
            "가까운역이름":"NA",
            "가까운역거리":"NA",
            "역세권여부":"NA",
            "30분이내주요거점역":"NA",
            "1시간이내주요거점역":"NA",
            "3km이내백화점수":1,
            "5km이내아울렛몰수":0,
            "1km이내대형먀트수":1,
            "500m이내은행수":1,
            "500m이내병원수":5,
            "5km이내대형병원수":5,
            "500m이내공원수":0,
            "3km이내혐오시설수":0,
            "초등학교학업성취도":94.11,
            "중학교학업성취도":88.4,
            "용적률":397,
            "건폐율":22,
            "Y":35.19854,
            "X":129.07986,
            "rank":81.0,
            "area_info":"23평(77.23), 33평(109.6), 44평(146.19), 44평(147.86)",
            "last_sales":"2021-10-08,58000.0,44평(146.19)"
        },
        {
            "index":64,
            "아파트명":"거제청구하이츠",
            "투자타입":"일반",
            "전용면적(m2)":"96.98",
            "전용면적(평)":"29평",
            "법정동주소":"부산시 연제구 거제동 769-78",
            "도로명주소":"부산시 연제구 화지로 95",
            "세대수":0,
            "입주년차":20,
            "용적률점수":"--",
            "건폐율점수":"--",
            "세대당주차수":60,
            "난방방식":30,
            "공급면적":"--",
            "전용률":"--",
            "욕실수":100,
            "현관타입":100,
            "주거총점":36.0,
            "지역구공급총점":0.0,
            "역세권":"NA",
            "30분내 이동가능 거점":"NA",
            "1시간내 이동가능 거점":"NA",
            "교통총점":"NA",
            "백화점":0,
            "아울렛몰":80,
            "대형마트":80,
            "은행":0,
            "병원":10,
            "종합병원":100,
            "공원":0,
            "혐오시설":0,
            "인프라총점":41.0,
            "초등학군":90.57,
            "중학군":56.02,
            "학군총점":62.93,
            "인구수":22.87,
            "인구증감":-12.97,
            "인구총점":12.118,
            "일자리":11.5,
            "소득수준":68.3,
            "일자리총점":28.54,
            "가치 총점":44.7325,
            "매매실거래년":20211014.0,
            "매매실거래가":34000.0,
            "전세실거래년":20201110.0,
            "전세실거래가":21000.0,
            "전세가율":84.0,
            "장기전세가율평균":69.9,
            "전세가율거품지수":-14.1,
            "검색코드":11545,
            "세대수":170,
            "준공년월":"2003-05-01",
            "준공년차":20,
            "가까운역이름":"NA",
            "가까운역거리":"NA",
            "역세권여부":"NA",
            "30분이내주요거점역":"NA",
            "1시간이내주요거점역":"NA",
            "3km이내백화점수":0,
            "5km이내아울렛몰수":1,
            "1km이내대형먀트수":1,
            "500m이내은행수":1,
            "500m이내병원수":4,
            "5km이내대형병원수":8,
            "500m이내공원수":0,
            "3km이내혐오시설수":0,
            "초등학교학업성취도":90.57,
            "중학교학업성취도":91.5,
            "용적률":201,
            "건폐율":20,
            "Y":35.183579,
            "X":129.065473,
            "rank":82.0,
            "area_info":"29평(96.98), 32평(107.32), 45평(150.03), 51평(171.38)",
            "last_sales":"2021-10-14,34000.0,45평(150.03)"
        },
        {
            "index":250,
            "아파트명":"동서연천",
            "투자타입":"일반",
            "전용면적(m2)":"99.66",
            "전용면적(평)":"30평",
            "법정동주소":"부산시 연제구 연산동 1",
            "도로명주소":"부산시 연제구 톳고개로 30",
            "세대수":0,
            "입주년차":0,
            "용적률점수":"--",
            "건폐율점수":"--",
            "세대당주차수":0,
            "난방방식":30,
            "공급면적":"--",
            "전용률":"--",
            "욕실수":50,
            "현관타입":100,
            "주거총점":18.0,
            "지역구공급총점":0.0,
            "역세권":"NA",
            "30분내 이동가능 거점":"NA",
            "1시간내 이동가능 거점":"NA",
            "교통총점":"NA",
            "백화점":100,
            "아울렛몰":0,
            "대형마트":0,
            "은행":70,
            "병원":10,
            "종합병원":100,
            "공원":80,
            "혐오시설":-50,
            "인프라총점":59.4,
            "초등학군":79.96,
            "중학군":51.88,
            "학군총점":57.496,
            "인구수":22.87,
            "인구증감":-12.97,
            "인구총점":12.118,
            "일자리":11.5,
            "소득수준":68.3,
            "일자리총점":28.54,
            "가치 총점":44.434,
            "매매실거래년":20210831.0,
            "매매실거래가":17000.0,
            "전세실거래년":20140325.0,
            "전세실거래가":12000.0,
            "전세가율":70.59,
            "장기전세가율평균":69.9,
            "전세가율거품지수":-0.69,
            "검색코드":4329,
            "세대수":113,
            "준공년월":"1993-06-02",
            "준공년차":30,
            "가까운역이름":"NA",
            "가까운역거리":"NA",
            "역세권여부":"NA",
            "30분이내주요거점역":"NA",
            "1시간이내주요거점역":"NA",
            "3km이내백화점수":1,
            "5km이내아울렛몰수":0,
            "1km이내대형먀트수":0,
            "500m이내은행수":4,
            "500m이내병원수":4,
            "5km이내대형병원수":7,
            "500m이내공원수":1,
            "3km이내혐오시설수":1,
            "초등학교학업성취도":79.96,
            "중학교학업성취도":84.0,
            "용적률":285,
            "건폐율":17,
            "Y":35.18337,
            "X":129.101845,
            "rank":83.0,
            "area_info":"30평(99.66), 31평(102.68), 31평(105.36), 32평(106.99), 32평(107.1), 32평(107.1)",
            "last_sales":"2021-08-31,17000.0,30평(99.66)"
        },
        {
            "index":401,
            "아파트명":"연산부전타워",
            "투자타입":"일반",
            "전용면적(m2)":"77.93",
            "전용면적(평)":"23평",
            "법정동주소":"부산시 연제구 연산동 57-134",
            "도로명주소":"부산시 연제구 토곡남로 11",
            "세대수":0,
            "입주년차":0,
            "용적률점수":"--",
            "건폐율점수":"--",
            "세대당주차수":0,
            "난방방식":30,
            "공급면적":"--",
            "전용률":"--",
            "욕실수":50,
            "현관타입":100,
            "주거총점":18.0,
            "지역구공급총점":0.0,
            "역세권":"NA",
            "30분내 이동가능 거점":"NA",
            "1시간내 이동가능 거점":"NA",
            "교통총점":"NA",
            "백화점":100,
            "아울렛몰":0,
            "대형마트":0,
            "은행":20,
            "병원":60,
            "종합병원":100,
            "공원":80,
            "혐오시설":-50,
            "인프라총점":59.4,
            "초등학군":85.59,
            "중학군":50.18,
            "학군총점":57.262,
            "인구수":22.87,
            "인구증감":-12.97,
            "인구총점":12.118,
            "일자리":11.5,
            "소득수준":68.3,
            "일자리총점":28.54,
            "가치 총점":44.3755,
            "매매실거래년":20210814.0,
            "매매실거래가":17100.0,
            "전세실거래년":20210812.0,
            "전세실거래가":14000.0,
            "전세가율":81.87,
            "장기전세가율평균":69.9,
            "전세가율거품지수":-11.97,
            "검색코드":4340,
            "세대수":214,
            "준공년월":"1993-11-04",
            "준공년차":30,
            "가까운역이름":"NA",
            "가까운역거리":"NA",
            "역세권여부":"NA",
            "30분이내주요거점역":"NA",
            "1시간이내주요거점역":"NA",
            "3km이내백화점수":2,
            "5km이내아울렛몰수":0,
            "1km이내대형먀트수":0,
            "500m이내은행수":2,
            "500m이내병원수":21,
            "5km이내대형병원수":7,
            "500m이내공원수":1,
            "3km이내혐오시설수":1,
            "초등학교학업성취도":85.59,
            "중학교학업성취도":82.3,
            "용적률":0,
            "건폐율":0,
            "Y":35.180782,
            "X":129.105993,
            "rank":84.0,
            "area_info":"23평(77.93), 27평(92.55), 29평(96.64), 29평(97.49), 31평(102.75), 32평(105.87), 38평(127.5), 43평(142.57)",
            "last_sales":"2021-08-14,17100.0,23평(77.93)"
        },
        {
            "index":188,
            "아파트명":"경남",
            "투자타입":"일반",
            "전용면적(m2)":"75.12",
            "전용면적(평)":"22평",
            "법정동주소":"부산시 연제구 연산동 137",
            "도로명주소":"부산시 연제구 고분로 260",
            "세대수":0,
            "입주년차":0,
            "용적률점수":"--",
            "건폐율점수":"--",
            "세대당주차수":0,
            "난방방식":30,
            "공급면적":"--",
            "전용률":"--",
            "욕실수":50,
            "현관타입":100,
            "주거총점":18.0,
            "지역구공급총점":0.0,
            "역세권":"NA",
            "30분내 이동가능 거점":"NA",
            "1시간내 이동가능 거점":"NA",
            "교통총점":"NA",
            "백화점":100,
            "아울렛몰":0,
            "대형마트":0,
            "은행":0,
            "병원":60,
            "종합병원":100,
            "공원":100,
            "혐오시설":-100,
            "인프라총점":57.0,
            "초등학군":86.03,
            "중학군":50.18,
            "학군총점":57.35,
            "인구수":22.87,
            "인구증감":-12.97,
            "인구총점":12.118,
            "일자리":11.5,
            "소득수준":68.3,
            "일자리총점":28.54,
            "가치 총점":43.4375,
            "매매실거래년":20211208.0,
            "매매실거래가":21500.0,
            "전세실거래년":20210811.0,
            "전세실거래가":18000.0,
            "전세가율":78.6,
            "장기전세가율평균":69.9,
            "전세가율거품지수":-8.7,
            "검색코드":4301,
            "세대수":297,
            "준공년월":"1994-03-16",
            "준공년차":29,
            "가까운역이름":"NA",
            "가까운역거리":"NA",
            "역세권여부":"NA",
            "30분이내주요거점역":"NA",
            "1시간이내주요거점역":"NA",
            "3km이내백화점수":2,
            "5km이내아울렛몰수":0,
            "1km이내대형먀트수":0,
            "500m이내은행수":1,
            "500m이내병원수":21,
            "5km이내대형병원수":8,
            "500m이내공원수":4,
            "3km이내혐오시설수":3,
            "초등학교학업성취도":86.03,
            "중학교학업성취도":82.3,
            "용적률":294,
            "건폐율":52,
            "Y":35.184084,
            "X":129.110594,
            "rank":85.0,
            "area_info":"22평(75.12), 22평(75.97), 26평(87.91), 28평(92.81), 29평(97.87), 30평(100.19)",
            "last_sales":"2021-12-08,21500.0,29평(97.87)"
        },
        {
            "index":82,
            "아파트명":"대우그린타워",
            "투자타입":"일반",
            "전용면적(m2)":"91.21",
            "전용면적(평)":"27평",
            "법정동주소":"부산시 연제구 거제동 1288-3",
            "도로명주소":"부산시 연제구 월드컵대로 343",
            "세대수":30,
            "입주년차":0,
            "용적률점수":"--",
            "건폐율점수":"--",
            "세대당주차수":0,
            "난방방식":30,
            "공급면적":"--",
            "전용률":"--",
            "욕실수":100,
            "현관타입":100,
            "주거총점":33.5,
            "지역구공급총점":0.0,
            "역세권":"NA",
            "30분내 이동가능 거점":"NA",
            "1시간내 이동가능 거점":"NA",
            "교통총점":"NA",
            "백화점":0,
            "아울렛몰":80,
            "대형마트":80,
            "은행":0,
            "병원":10,
            "종합병원":100,
            "공원":0,
            "혐오시설":0,
            "인프라총점":41.0,
            "초등학군":85.28,
            "중학군":54.94,
            "학군총점":61.008,
            "인구수":22.87,
            "인구증감":-12.97,
            "인구총점":12.118,
            "일자리":11.5,
            "소득수준":68.3,
            "일자리총점":28.54,
            "가치 총점":43.377,
            "매매실거래년":20211208.0,
            "매매실거래가":28000.0,
            "전세실거래년":20210915.0,
            "전세실거래가":22000.0,
            "전세가율":95.65,
            "장기전세가율평균":69.9,
            "전세가율거품지수":-25.75,
            "검색코드":4414,
            "세대수":336,
            "준공년월":"1993-02-27",
            "준공년차":30,
            "가까운역이름":"NA",
            "가까운역거리":"NA",
            "역세권여부":"NA",
            "30분이내주요거점역":"NA",
            "1시간이내주요거점역":"NA",
            "3km이내백화점수":0,
            "5km이내아울렛몰수":1,
            "1km이내대형먀트수":1,
            "500m이내은행수":0,
            "500m이내병원수":2,
            "5km이내대형병원수":7,
            "500m이내공원수":0,
            "3km이내혐오시설수":0,
            "초등학교학업성취도":85.28,
            "중학교학업성취도":88.7,
            "용적률":362,
            "건폐율":17,
            "Y":35.187979,
            "X":129.061139,
            "rank":86.0,
            "area_info":"27평(91.21), 27평(92.06), 31평(104.66), 31평(104.3)",
            "last_sales":"2021-12-08,28000.0,31평(104.66)"
        },
        {
            "index":547,
            "아파트명":"현대(983-9)",
            "투자타입":"일반",
            "전용면적(m2)":"79.77",
            "전용면적(평)":"24평",
            "법정동주소":"부산시 연제구 연산동 983-9",
            "도로명주소":"부산시 연제구 고분로112번길 23",
            "세대수":50,
            "입주년차":0,
            "용적률점수":"--",
            "건폐율점수":"--",
            "세대당주차수":0,
            "난방방식":30,
            "공급면적":"--",
            "전용률":"--",
            "욕실수":50,
            "현관타입":100,
            "주거총점":35.5,
            "지역구공급총점":0.0,
            "역세권":"NA",
            "30분내 이동가능 거점":"NA",
            "1시간내 이동가능 거점":"NA",
            "교통총점":"NA",
            "백화점":0,
            "아울렛몰":80,
            "대형마트":80,
            "은행":0,
            "병원":10,
            "종합병원":100,
            "공원":0,
            "혐오시설":-50,
            "인프라총점":40.0,
            "초등학군":82.7,
            "중학군":52.16,
            "학군총점":58.268,
            "인구수":22.87,
            "인구증감":-12.97,
            "인구총점":12.118,
            "일자리":11.5,
            "소득수준":68.3,
            "일자리총점":28.54,
            "가치 총점":42.992,
            "매매실거래년":20220103.0,
            "매매실거래가":21000.0,
            "전세실거래년":20211214.0,
            "전세실거래가":19000.0,
            "전세가율":90.48,
            "장기전세가율평균":69.9,
            "전세가율거품지수":-20.58,
            "검색코드":4377,
            "세대수":464,
            "준공년월":"1997-12-20",
            "준공년차":26,
            "가까운역이름":"NA",
            "가까운역거리":"NA",
            "역세권여부":"NA",
            "30분이내주요거점역":"NA",
            "1시간이내주요거점역":"NA",
            "3km이내백화점수":0,
            "5km이내아울렛몰수":1,
            "1km이내대형먀트수":1,
            "500m이내은행수":0,
            "500m이내병원수":2,
            "5km이내대형병원수":7,
            "500m이내공원수":0,
            "3km이내혐오시설수":1,
            "초등학교학업성취도":82.7,
            "중학교학업성취도":84.6,
            "용적률":242,
            "건폐율":19,
            "Y":35.183913,
            "X":129.095715,
            "rank":87.0,
            "area_info":"24평(79.77), 32평(106.66), 41평(138.54)",
            "last_sales":"2022-01-03,21000.0,24평(79.77)"
        },
        {
            "index":543,
            "아파트명":"현대(481-3)",
            "투자타입":"일반",
            "전용면적(m2)":"78.34",
            "전용면적(평)":"23평",
            "법정동주소":"부산시 연제구 연산동 481-3",
            "도로명주소":"부산시 연제구 고분로236번길 13",
            "세대수":0,
            "입주년차":0,
            "용적률점수":"--",
            "건폐율점수":"--",
            "세대당주차수":30,
            "난방방식":30,
            "공급면적":"--",
            "전용률":"--",
            "욕실수":50,
            "현관타입":10,
            "주거총점":13.5,
            "지역구공급총점":0.0,
            "역세권":"NA",
            "30분내 이동가능 거점":"NA",
            "1시간내 이동가능 거점":"NA",
            "교통총점":"NA",
            "백화점":100,
            "아울렛몰":0,
            "대형마트":0,
            "은행":20,
            "병원":60,
            "종합병원":100,
            "공원":100,
            "혐오시설":-100,
            "인프라총점":59.0,
            "초등학군":86.03,
            "중학군":50.18,
            "학군총점":57.35,
            "인구수":22.87,
            "인구증감":-12.97,
            "인구총점":12.118,
            "일자리":11.5,
            "소득수준":68.3,
            "일자리총점":28.54,
            "가치 총점":42.6625,
            "매매실거래년":20211117.0,
            "매매실거래가":21000.0,
            "전세실거래년":20210615.0,
            "전세실거래가":11500.0,
            "전세가율":54.76,
            "장기전세가율평균":69.9,
            "전세가율거품지수":15.14,
            "검색코드":9439,
            "세대수":181,
            "준공년월":"1996-08-02",
            "준공년차":27,
            "가까운역이름":"NA",
            "가까운역거리":"NA",
            "역세권여부":"NA",
            "30분이내주요거점역":"NA",
            "1시간이내주요거점역":"NA",
            "3km이내백화점수":2,
            "5km이내아울렛몰수":0,
            "1km이내대형먀트수":0,
            "500m이내은행수":2,
            "500m이내병원수":23,
            "5km이내대형병원수":8,
            "500m이내공원수":4,
            "3km이내혐오시설수":2,
            "초등학교학업성취도":86.03,
            "중학교학업성취도":82.3,
            "용적률":358,
            "건폐율":45,
            "Y":35.183609,
            "X":129.108271,
            "rank":88.0,
            "area_info":"23평(78.34), 31평(104.7), 32평(106.44), 35평(116.77)",
            "last_sales":"2021-11-17,21000.0,23평(78.34)"
        },
        {
            "index":120,
            "아파트명":"연제그린타워",
            "투자타입":"일반",
            "전용면적(m2)":"75.7",
            "전용면적(평)":"22평",
            "법정동주소":"부산시 연제구 거제동 577-1",
            "도로명주소":"부산시 연제구 거제천로87번길 30",
            "세대수":30,
            "입주년차":20,
            "용적률점수":"--",
            "건폐율점수":"--",
            "세대당주차수":0,
            "난방방식":30,
            "공급면적":"--",
            "전용률":"--",
            "욕실수":50,
            "현관타입":100,
            "주거총점":32.5,
            "지역구공급총점":0.0,
            "역세권":"NA",
            "30분내 이동가능 거점":"NA",
            "1시간내 이동가능 거점":"NA",
            "교통총점":"NA",
            "백화점":0,
            "아울렛몰":80,
            "대형마트":0,
            "은행":20,
            "병원":60,
            "종합병원":100,
            "공원":80,
            "혐오시설":0,
            "인프라총점":38.4,
            "초등학군":89.6,
            "중학군":56.02,
            "학군총점":62.736,
            "인구수":22.87,
            "인구증감":-12.97,
            "인구총점":12.118,
            "일자리":11.5,
            "소득수준":68.3,
            "일자리총점":28.54,
            "가치 총점":42.419,
            "매매실거래년":20211122.0,
            "매매실거래가":34000.0,
            "전세실거래년":20211122.0,
            "전세실거래가":18000.0,
            "전세가율":72.29,
            "장기전세가율평균":69.9,
            "전세가율거품지수":-2.39,
            "검색코드":4439,
            "세대수":332,
            "준공년월":"1999-02-13",
            "준공년차":24,
            "가까운역이름":"NA",
            "가까운역거리":"NA",
            "역세권여부":"NA",
            "30분이내주요거점역":"NA",
            "1시간이내주요거점역":"NA",
            "3km이내백화점수":0,
            "5km이내아울렛몰수":1,
            "1km이내대형먀트수":0,
            "500m이내은행수":2,
            "500m이내병원수":15,
            "5km이내대형병원수":9,
            "500m이내공원수":1,
            "3km이내혐오시설수":0,
            "초등학교학업성취도":89.6,
            "중학교학업성취도":91.5,
            "용적률":302,
            "건폐율":26,
            "Y":35.183492,
            "X":129.07217,
            "rank":89.0,
            "area_info":"22평(75.7), 22평(75.3), 22평(75.65), 27평(89.45), 31평(103.83), 31평(103.59), 31평(104.66), 32평(106.73), 32평(107.48), 32평(107.69), 41평(136.89), 47평(157.84), 48평(161.26), 52평(173.34)",
            "last_sales":"2021-11-22,34000.0,32평(107.48)"
        },
        {
            "index":236,
            "아파트명":"동덕현대",
            "투자타입":"일반",
            "전용면적(m2)":"74.8",
            "전용면적(평)":"22평",
            "법정동주소":"부산시 연제구 연산동 1829-1",
            "도로명주소":"부산시 연제구 연미로 14",
            "세대수":50,
            "입주년차":0,
            "용적률점수":"--",
            "건폐율점수":"--",
            "세대당주차수":0,
            "난방방식":30,
            "공급면적":"--",
            "전용률":"--",
            "욕실수":50,
            "현관타입":100,
            "주거총점":35.5,
            "지역구공급총점":0.0,
            "역세권":"NA",
            "30분내 이동가능 거점":"NA",
            "1시간내 이동가능 거점":"NA",
            "교통총점":"NA",
            "백화점":0,
            "아울렛몰":80,
            "대형마트":0,
            "은행":0,
            "병원":60,
            "종합병원":100,
            "공원":80,
            "혐오시설":0,
            "인프라총점":36.4,
            "초등학군":85.65,
            "중학군":50.26,
            "학군총점":57.338,
            "인구수":22.87,
            "인구증감":-12.97,
            "인구총점":12.118,
            "일자리":11.5,
            "소득수준":68.3,
            "일자리총점":28.54,
            "가치 총점":41.3195,
            "매매실거래년":20220114.0,
            "매매실거래가":29700.0,
            "전세실거래년":20200523.0,
            "전세실거래가":15000.0,
            "전세가율":73.17,
            "장기전세가율평균":69.9,
            "전세가율거품지수":-3.27,
            "검색코드":4322,
            "세대수":478,
            "준공년월":"1994-03-03",
            "준공년차":29,
            "가까운역이름":"NA",
            "가까운역거리":"NA",
            "역세권여부":"NA",
            "30분이내주요거점역":"NA",
            "1시간이내주요거점역":"NA",
            "3km이내백화점수":0,
            "5km이내아울렛몰수":1,
            "1km이내대형먀트수":0,
            "500m이내은행수":0,
            "500m이내병원수":15,
            "5km이내대형병원수":10,
            "500m이내공원수":1,
            "3km이내혐오시설수":0,
            "초등학교학업성취도":85.65,
            "중학교학업성취도":82.5,
            "용적률":330,
            "건폐율":69,
            "Y":35.172001,
            "X":129.092174,
            "rank":90.0,
            "area_info":"22평(74.8), 25평(85.1), 27평(89.53), 28평(93.73), 28평(94.92), 30평(101.23), 30평(102.09), 31평(103.63), 31평(103.64)",
            "last_sales":"2022-01-14,29700.0,31평(103.63)"
        },
        {
            "index":245,
            "아파트명":"동서그린",
            "투자타입":"재건축",
            "전용면적(m2)":"91.13",
            "전용면적(평)":"27평",
            "법정동주소":"부산시 연제구 연산동 3",
            "도로명주소":"부산시 연제구 토곡로 50-2",
            "세대수":0,
            "입주년차":"--",
            "용적률점수":0,
            "건폐율점수":0,
            "세대당주차수":"--",
            "난방방식":"--",
            "공급면적":70,
            "전용률":80,
            "욕실수":"--",
            "현관타입":"--",
            "주거총점":7.5,
            "지역구공급총점":0.0,
            "역세권":"NA",
            "30분내 이동가능 거점":"NA",
            "1시간내 이동가능 거점":"NA",
            "교통총점":"NA",
            "백화점":100,
            "아울렛몰":0,
            "대형마트":0,
            "은행":70,
            "병원":30,
            "종합병원":100,
            "공원":0,
            "혐오시설":-50,
            "인프라총점":59.0,
            "초등학군":79.96,
            "중학군":51.88,
            "학군총점":57.496,
            "인구수":22.87,
            "인구증감":-12.97,
            "인구총점":12.118,
            "일자리":11.5,
            "소득수준":68.3,
            "일자리총점":28.54,
            "가치 총점":40.599,
            "매매실거래년":20210730.0,
            "매매실거래가":17200.0,
            "전세실거래년":20190701.0,
            "전세실거래가":10000.0,
            "전세가율":64.52,
            "장기전세가율평균":69.9,
            "전세가율거품지수":5.38,
            "검색코드":4326,
            "세대수":188,
            "준공년월":"1991-12-24",
            "준공년차":32,
            "가까운역이름":"NA",
            "가까운역거리":"NA",
            "역세권여부":"NA",
            "30분이내주요거점역":"NA",
            "1시간이내주요거점역":"NA",
            "3km이내백화점수":1,
            "5km이내아울렛몰수":0,
            "1km이내대형먀트수":0,
            "500m이내은행수":4,
            "500m이내병원수":5,
            "5km이내대형병원수":7,
            "500m이내공원수":0,
            "3km이내혐오시설수":1,
            "초등학교학업성취도":79.96,
            "중학교학업성취도":84.0,
            "용적률":0,
            "건폐율":0,
            "Y":35.182818,
            "X":129.10209,
            "rank":91.0,
            "area_info":"27평(91.13), 28평(95.35), 29평(98.68), 30평(100.64), 31평(103.67)",
            "last_sales":"2021-07-30,17200.0,31평(103.67)"
        },
        {
            "index":458,
            "아파트명":"연산재건(연이)",
            "투자타입":"재건축",
            "전용면적(m2)":"39.76",
            "전용면적(평)":"12평",
            "법정동주소":"부산시 연제구 연산동 1642-28",
            "도로명주소":"부산시 연제구 중앙대로1038번길 59-6",
            "세대수":0,
            "입주년차":"--",
            "용적률점수":0,
            "건폐율점수":0,
            "세대당주차수":"--",
            "난방방식":"--",
            "공급면적":50,
            "전용률":100,
            "욕실수":"--",
            "현관타입":"--",
            "주거총점":7.5,
            "지역구공급총점":0.0,
            "역세권":"NA",
            "30분내 이동가능 거점":"NA",
            "1시간내 이동가능 거점":"NA",
            "교통총점":"NA",
            "백화점":0,
            "아울렛몰":80,
            "대형마트":80,
            "은행":100,
            "병원":60,
            "종합병원":100,
            "공원":100,
            "혐오시설":0,
            "인프라총점":59.0,
            "초등학군":88.16,
            "중학군":48.6,
            "학군총점":56.512,
            "인구수":22.87,
            "인구증감":-12.97,
            "인구총점":12.118,
            "일자리":11.5,
            "소득수준":68.3,
            "일자리총점":28.54,
            "가치 총점":40.353,
            "매매실거래년":20210615.0,
            "매매실거래가":12400.0,
            "전세실거래년":20141208.0,
            "전세실거래가":3500.0,
            "전세가율":27.13,
            "장기전세가율평균":69.9,
            "전세가율거품지수":42.77,
            "검색코드":15028,
            "세대수":114,
            "준공년월":"1984-07-14",
            "준공년차":39,
            "가까운역이름":"NA",
            "가까운역거리":"NA",
            "역세권여부":"NA",
            "30분이내주요거점역":"NA",
            "1시간이내주요거점역":"NA",
            "3km이내백화점수":0,
            "5km이내아울렛몰수":1,
            "1km이내대형먀트수":1,
            "500m이내은행수":5,
            "500m이내병원수":20,
            "5km이내대형병원수":10,
            "500m이내공원수":3,
            "3km이내혐오시설수":0,
            "초등학교학업성취도":88.16,
            "중학교학업성취도":79.6,
            "용적률":0,
            "건폐율":0,
            "Y":35.179531,
            "X":129.080791,
            "rank":92.0,
            "area_info":"12평(39.76), 12평(41.53), 12평(42.85), 13평(43.75), 13평(44.81), 13평(44.16), 13평(45.5), 14평(48.11), 18평(60.58)",
            "last_sales":"2021-06-15,12400.0,13평(43.75)"
        },
        {
            "index":409,
            "아파트명":"연산삼성타워맨션",
            "투자타입":"재건축",
            "전용면적(m2)":"79.78",
            "전용면적(평)":"24평",
            "법정동주소":"부산시 연제구 연산동 1135-160",
            "도로명주소":"부산시 연제구 쌍미천로 70",
            "세대수":0,
            "입주년차":"--",
            "용적률점수":0,
            "건폐율점수":60,
            "세대당주차수":"--",
            "난방방식":"--",
            "공급면적":50,
            "전용률":80,
            "욕실수":"--",
            "현관타입":"--",
            "주거총점":18.5,
            "지역구공급총점":0.0,
            "역세권":"NA",
            "30분내 이동가능 거점":"NA",
            "1시간내 이동가능 거점":"NA",
            "교통총점":"NA",
            "백화점":0,
            "아울렛몰":80,
            "대형마트":80,
            "은행":0,
            "병원":30,
            "종합병원":100,
            "공원":80,
            "혐오시설":0,
            "인프라총점":45.4,
            "초등학군":88.39,
            "중학군":48.6,
            "학군총점":56.558,
            "인구수":22.87,
            "인구증감":-12.97,
            "인구총점":12.118,
            "일자리":11.5,
            "소득수준":68.3,
            "일자리총점":28.54,
            "가치 총점":38.7745,
            "매매실거래년":20220108.0,
            "매매실거래가":22000.0,
            "전세실거래년":null,
            "전세실거래가":null,
            "전세가율":null,
            "장기전세가율평균":69.9,
            "전세가율거품지수":null,
            "검색코드":4343,
            "세대수":149,
            "준공년월":"1990-07-19",
            "준공년차":33,
            "가까운역이름":"NA",
            "가까운역거리":"NA",
            "역세권여부":"NA",
            "30분이내주요거점역":"NA",
            "1시간이내주요거점역":"NA",
            "3km이내백화점수":0,
            "5km이내아울렛몰수":1,
            "1km이내대형먀트수":1,
            "500m이내은행수":0,
            "500m이내병원수":7,
            "5km이내대형병원수":9,
            "500m이내공원수":1,
            "3km이내혐오시설수":0,
            "초등학교학업성취도":88.39,
            "중학교학업성취도":79.6,
            "용적률":292,
            "건폐율":34,
            "Y":35.179482,
            "X":129.089298,
            "rank":93.0,
            "area_info":"24평(79.78), 25평(83.12), 25평(83.27), 26평(86.42), 26평(88.63), 26평(88.63), 29평(99.01), 29평(99.01)",
            "last_sales":"2022-01-08,22000.0,29평(99.01)"
        },
        {
            "index":509,
            "아파트명":"진일",
            "투자타입":"재건축",
            "전용면적(m2)":"48.39",
            "전용면적(평)":"14평",
            "법정동주소":"부산시 연제구 연산동 1088",
            "도로명주소":"부산시 연제구 고분로 136",
            "세대수":0,
            "입주년차":"--",
            "용적률점수":0,
            "건폐율점수":20,
            "세대당주차수":"--",
            "난방방식":"--",
            "공급면적":50,
            "전용률":80,
            "욕실수":"--",
            "현관타입":"--",
            "주거총점":10.5,
            "지역구공급총점":0.0,
            "역세권":"NA",
            "30분내 이동가능 거점":"NA",
            "1시간내 이동가능 거점":"NA",
            "교통총점":"NA",
            "백화점":0,
            "아울렛몰":80,
            "대형마트":80,
            "은행":70,
            "병원":30,
            "종합병원":100,
            "공원":0,
            "혐오시설":-50,
            "인프라총점":49.0,
            "초등학군":82.7,
            "중학군":52.16,
            "학군총점":58.268,
            "인구수":22.87,
            "인구증감":-12.97,
            "인구총점":12.118,
            "일자리":11.5,
            "소득수준":68.3,
            "일자리총점":28.54,
            "가치 총점":37.842,
            "매매실거래년":20220108.0,
            "매매실거래가":11400.0,
            "전세실거래년":20210510.0,
            "전세실거래가":8000.0,
            "전세가율":70.18,
            "장기전세가율평균":69.9,
            "전세가율거품지수":-0.28,
            "검색코드":10039,
            "세대수":140,
            "준공년월":"1981-12-26",
            "준공년차":42,
            "가까운역이름":"NA",
            "가까운역거리":"NA",
            "역세권여부":"NA",
            "30분이내주요거점역":"NA",
            "1시간이내주요거점역":"NA",
            "3km이내백화점수":0,
            "5km이내아울렛몰수":1,
            "1km이내대형먀트수":1,
            "500m이내은행수":3,
            "500m이내병원수":9,
            "5km이내대형병원수":7,
            "500m이내공원수":0,
            "3km이내혐오시설수":1,
            "초등학교학업성취도":82.7,
            "중학교학업성취도":84.6,
            "용적률":221,
            "건폐율":46,
            "Y":35.185247,
            "X":129.096732,
            "rank":94.0,
            "area_info":"14평(48.39), 16평(54.87), 16평(55.53)",
            "last_sales":"2022-01-08,11400.0,14평(48.39)"
        },
        {
            "index":512,
            "아파트명":"한독",
            "투자타입":"재건축",
            "전용면적(m2)":"82.25",
            "전용면적(평)":"24평",
            "법정동주소":"부산시 연제구 연산동 1873-30",
            "도로명주소":"부산시 연제구 봉수로 15",
            "세대수":0,
            "입주년차":"--",
            "용적률점수":0,
            "건폐율점수":0,
            "세대당주차수":"--",
            "난방방식":"--",
            "공급면적":70,
            "전용률":80,
            "욕실수":"--",
            "현관타입":"--",
            "주거총점":7.5,
            "지역구공급총점":0.0,
            "역세권":"NA",
            "30분내 이동가능 거점":"NA",
            "1시간내 이동가능 거점":"NA",
            "교통총점":"NA",
            "백화점":0,
            "아울렛몰":80,
            "대형마트":80,
            "은행":0,
            "병원":60,
            "종합병원":100,
            "공원":80,
            "혐오시설":0,
            "인프라총점":48.4,
            "초등학군":85.65,
            "중학군":48.6,
            "학군총점":56.01,
            "인구수":22.87,
            "인구증감":-12.97,
            "인구총점":12.118,
            "일자리":11.5,
            "소득수준":68.3,
            "일자리총점":28.54,
            "가치 총점":35.9875,
            "매매실거래년":20210907.0,
            "매매실거래가":41000.0,
            "전세실거래년":20200929.0,
            "전세실거래가":12000.0,
            "전세가율":33.33,
            "장기전세가율평균":69.9,
            "전세가율거품지수":36.57,
            "검색코드":25891,
            "세대수":150,
            "준공년월":"1979-03-23",
            "준공년차":44,
            "가까운역이름":"NA",
            "가까운역거리":"NA",
            "역세권여부":"NA",
            "30분이내주요거점역":"NA",
            "1시간이내주요거점역":"NA",
            "3km이내백화점수":0,
            "5km이내아울렛몰수":1,
            "1km이내대형먀트수":1,
            "500m이내은행수":0,
            "500m이내병원수":24,
            "5km이내대형병원수":10,
            "500m이내공원수":1,
            "3km이내혐오시설수":0,
            "초등학교학업성취도":85.65,
            "중학교학업성취도":79.6,
            "용적률":0,
            "건폐율":0,
            "Y":35.173285,
            "X":129.08982,
            "rank":95.0,
            "area_info":"24평(82.25), 27평(92.16), 27평(92.23), 38평(127.85)",
            "last_sales":"2021-09-07,41000.0,27평(92.16)"
        },
        {
            "index":526,
            "아파트명":"한양1차",
            "투자타입":"재건축",
            "전용면적(m2)":"58.68",
            "전용면적(평)":"17평",
            "법정동주소":"부산시 연제구 연산동 395",
            "도로명주소":"부산시 연제구 온천천남로 110",
            "세대수":50,
            "입주년차":"--",
            "용적률점수":0,
            "건폐율점수":0,
            "세대당주차수":"--",
            "난방방식":"--",
            "공급면적":50,
            "전용률":60,
            "욕실수":"--",
            "현관타입":"--",
            "주거총점":20.5,
            "지역구공급총점":0.0,
            "역세권":"NA",
            "30분내 이동가능 거점":"NA",
            "1시간내 이동가능 거점":"NA",
            "교통총점":"NA",
            "백화점":0,
            "아울렛몰":0,
            "대형마트":0,
            "은행":100,
            "병원":30,
            "종합병원":100,
            "공원":100,
            "혐오시설":-100,
            "인프라총점":34.0,
            "초등학군":79.96,
            "중학군":53.52,
            "학군총점":58.808,
            "인구수":22.87,
            "인구증감":-12.97,
            "인구총점":12.118,
            "일자리":11.5,
            "소득수준":68.3,
            "일자리총점":28.54,
            "가치 총점":35.477,
            "매매실거래년":20210818.0,
            "매매실거래가":78000.0,
            "전세실거래년":20210422.0,
            "전세실거래가":12000.0,
            "전세가율":29.41,
            "장기전세가율평균":69.9,
            "전세가율거품지수":40.49,
            "검색코드":4353,
            "세대수":504,
            "준공년월":"1981-11-06",
            "준공년차":42,
            "가까운역이름":"NA",
            "가까운역거리":"NA",
            "역세권여부":"NA",
            "30분이내주요거점역":"NA",
            "1시간이내주요거점역":"NA",
            "3km이내백화점수":0,
            "5km이내아울렛몰수":0,
            "1km이내대형먀트수":0,
            "500m이내은행수":5,
            "500m이내병원수":9,
            "5km이내대형병원수":7,
            "500m이내공원수":2,
            "3km이내혐오시설수":2,
            "초등학교학업성취도":79.96,
            "중학교학업성취도":86.4,
            "용적률":0,
            "건폐율":0,
            "Y":35.189866,
            "X":129.104161,
            "rank":96.0,
            "area_info":"17평(58.68), 26평(88.62), 32평(106.41), 44평(148.5)",
            "last_sales":"2021-08-18,78000.0,44평(148.5)"
        },
        {
            "index":420,
            "아파트명":"연산센트럴파크",
            "투자타입":"재건축",
            "전용면적(m2)":"82.25",
            "전용면적(평)":"24평",
            "법정동주소":"부산시 연제구 연산동 958-6",
            "도로명주소":"부산시 연제구 고분로98번길 16",
            "세대수":0,
            "입주년차":"--",
            "용적률점수":0,
            "건폐율점수":0,
            "세대당주차수":"--",
            "난방방식":"--",
            "공급면적":70,
            "전용률":80,
            "욕실수":"--",
            "현관타입":"--",
            "주거총점":7.5,
            "지역구공급총점":0.0,
            "역세권":"NA",
            "30분내 이동가능 거점":"NA",
            "1시간내 이동가능 거점":"NA",
            "교통총점":"NA",
            "백화점":0,
            "아울렛몰":80,
            "대형마트":80,
            "은행":0,
            "병원":10,
            "종합병원":100,
            "공원":80,
            "혐오시설":0,
            "인프라총점":43.4,
            "초등학군":82.7,
            "중학군":52.16,
            "학군총점":58.268,
            "인구수":22.87,
            "인구증감":-12.97,
            "인구총점":12.118,
            "일자리":11.5,
            "소득수준":68.3,
            "일자리총점":28.54,
            "가치 총점":34.552,
            "매매실거래년":20210915.0,
            "매매실거래가":20000.0,
            "전세실거래년":20210831.0,
            "전세실거래가":12000.0,
            "전세가율":75.0,
            "장기전세가율평균":69.9,
            "전세가율거품지수":-5.1,
            "검색코드":4372,
            "세대수":293,
            "준공년월":"1992-11-03",
            "준공년차":31,
            "가까운역이름":"NA",
            "가까운역거리":"NA",
            "역세권여부":"NA",
            "30분이내주요거점역":"NA",
            "1시간이내주요거점역":"NA",
            "3km이내백화점수":0,
            "5km이내아울렛몰수":1,
            "1km이내대형먀트수":1,
            "500m이내은행수":0,
            "500m이내병원수":2,
            "5km이내대형병원수":8,
            "500m이내공원수":1,
            "3km이내혐오시설수":0,
            "초등학교학업성취도":82.7,
            "중학교학업성취도":84.6,
            "용적률":262,
            "건폐율":56,
            "Y":35.184265,
            "X":129.093611,
            "rank":97.0,
            "area_info":"24평(82.25), 31평(102.78), 31평(102.72)",
            "last_sales":"2021-09-15,20000.0,31평(102.78)"
        },
        {
            "index":316,
            "아파트명":"서전기아타운",
            "투자타입":"일반",
            "전용면적(m2)":"70.12",
            "전용면적(평)":"21평",
            "법정동주소":"부산시 연제구 연산동 1135-48",
            "도로명주소":"부산시 연제구 쌍미천로84번길 2",
            "세대수":0,
            "입주년차":0,
            "용적률점수":"--",
            "건폐율점수":"--",
            "세대당주차수":0,
            "난방방식":30,
            "공급면적":"--",
            "전용률":"--",
            "욕실수":50,
            "현관타입":10,
            "주거총점":9.0,
            "지역구공급총점":0.0,
            "역세권":"NA",
            "30분내 이동가능 거점":"NA",
            "1시간내 이동가능 거점":"NA",
            "교통총점":"NA",
            "백화점":0,
            "아울렛몰":80,
            "대형마트":80,
            "은행":0,
            "병원":10,
            "종합병원":100,
            "공원":80,
            "혐오시설":0,
            "인프라총점":43.4,
            "초등학군":85.71,
            "중학군":48.6,
            "학군총점":56.022,
            "인구수":22.87,
            "인구증감":-12.97,
            "인구총점":12.118,
            "일자리":11.5,
            "소득수준":68.3,
            "일자리총점":28.54,
            "가치 총점":34.5155,
            "매매실거래년":20211016.0,
            "매매실거래가":12200.0,
            "전세실거래년":null,
            "전세실거래가":null,
            "전세가율":null,
            "장기전세가율평균":69.9,
            "전세가율거품지수":null,
            "검색코드":4382,
            "세대수":152,
            "준공년월":"1994-01-22",
            "준공년차":29,
            "가까운역이름":"NA",
            "가까운역거리":"NA",
            "역세권여부":"NA",
            "30분이내주요거점역":"NA",
            "1시간이내주요거점역":"NA",
            "3km이내백화점수":0,
            "5km이내아울렛몰수":1,
            "1km이내대형먀트수":1,
            "500m이내은행수":0,
            "500m이내병원수":4,
            "5km이내대형병원수":9,
            "500m이내공원수":1,
            "3km이내혐오시설수":0,
            "초등학교학업성취도":85.71,
            "중학교학업성취도":79.6,
            "용적률":0,
            "건폐율":0,
            "Y":35.180317,
            "X":129.088618,
            "rank":98.0,
            "area_info":"21평(70.12), 24평(81.97), 26평(87.4), 34평(113.33), 35평(116.5)",
            "last_sales":"2021-10-16,12200.0,21평(70.12)"
        },
        {
            "index":438,
            "아파트명":"연산오성맨션",
            "투자타입":"재건축",
            "전용면적(m2)":"55.38",
            "전용면적(평)":"16평",
            "법정동주소":"부산시 연제구 연산동 1092",
            "도로명주소":"부산시 연제구 고분로 140",
            "세대수":0,
            "입주년차":"--",
            "용적률점수":0,
            "건폐율점수":0,
            "세대당주차수":"--",
            "난방방식":"--",
            "공급면적":50,
            "전용률":80,
            "욕실수":"--",
            "현관타입":"--",
            "주거총점":6.5,
            "지역구공급총점":0.0,
            "역세권":"NA",
            "30분내 이동가능 거점":"NA",
            "1시간내 이동가능 거점":"NA",
            "교통총점":"NA",
            "백화점":0,
            "아울렛몰":0,
            "대형마트":80,
            "은행":70,
            "병원":30,
            "종합병원":100,
            "공원":80,
            "혐오시설":-50,
            "인프라총점":43.4,
            "초등학군":82.7,
            "중학군":52.16,
            "학군총점":58.268,
            "인구수":22.87,
            "인구증감":-12.97,
            "인구총점":12.118,
            "일자리":11.5,
            "소득수준":68.3,
            "일자리총점":28.54,
            "가치 총점":34.202,
            "매매실거래년":20210331.0,
            "매매실거래가":11500.0,
            "전세실거래년":20170630.0,
            "전세실거래가":6000.0,
            "전세가율":52.17,
            "장기전세가율평균":69.9,
            "전세가율거품지수":17.73,
            "검색코드":11655,
            "세대수":100,
            "준공년월":"1986-12-30",
            "준공년차":37,
            "가까운역이름":"NA",
            "가까운역거리":"NA",
            "역세권여부":"NA",
            "30분이내주요거점역":"NA",
            "1시간이내주요거점역":"NA",
            "3km이내백화점수":0,
            "5km이내아울렛몰수":0,
            "1km이내대형먀트수":1,
            "500m이내은행수":3,
            "500m이내병원수":7,
            "5km이내대형병원수":7,
            "500m이내공원수":1,
            "3km이내혐오시설수":1,
            "초등학교학업성취도":82.7,
            "중학교학업성취도":84.6,
            "용적률":0,
            "건폐율":0,
            "Y":35.185391,
            "X":129.097722,
            "rank":99.0,
            "area_info":"16평(55.38), 16평(55.31), 18평(61.04), 20평(66.67), 23평(77.58)",
            "last_sales":"2021-03-31,11500.0,16평(55.38)"
        },
        {
            "index":493,
            "아파트명":"오양양지",
            "투자타입":"재건축",
            "전용면적(m2)":"69.12",
            "전용면적(평)":"20평",
            "법정동주소":"부산시 연제구 연산동 1849-6",
            "도로명주소":"부산시 연제구 배산북로 31",
            "세대수":0,
            "입주년차":"--",
            "용적률점수":0,
            "건폐율점수":0,
            "세대당주차수":"--",
            "난방방식":"--",
            "공급면적":50,
            "전용률":80,
            "욕실수":"--",
            "현관타입":"--",
            "주거총점":6.5,
            "지역구공급총점":0.0,
            "역세권":"NA",
            "30분내 이동가능 거점":"NA",
            "1시간내 이동가능 거점":"NA",
            "교통총점":"NA",
            "백화점":0,
            "아울렛몰":80,
            "대형마트":0,
            "은행":0,
            "병원":60,
            "종합병원":100,
            "공원":80,
            "혐오시설":0,
            "인프라총점":36.4,
            "초등학군":88.39,
            "중학군":50.26,
            "학군총점":57.886,
            "인구수":22.87,
            "인구증감":-12.97,
            "인구총점":12.118,
            "일자리":11.5,
            "소득수준":68.3,
            "일자리총점":28.54,
            "가치 총점":31.3065,
            "매매실거래년":20211223.0,
            "매매실거래가":23400.0,
            "전세실거래년":20211108.0,
            "전세실거래가":8000.0,
            "전세가율":34.19,
            "장기전세가율평균":69.9,
            "전세가율거품지수":35.71,
            "검색코드":15033,
            "세대수":100,
            "준공년월":"1979-06-21",
            "준공년차":44,
            "가까운역이름":"NA",
            "가까운역거리":"NA",
            "역세권여부":"NA",
            "30분이내주요거점역":"NA",
            "1시간이내주요거점역":"NA",
            "3km이내백화점수":0,
            "5km이내아울렛몰수":1,
            "1km이내대형먀트수":0,
            "500m이내은행수":0,
            "500m이내병원수":13,
            "5km이내대형병원수":9,
            "500m이내공원수":1,
            "3km이내혐오시설수":0,
            "초등학교학업성취도":88.39,
            "중학교학업성취도":82.5,
            "용적률":0,
            "건폐율":0,
            "Y":35.176708,
            "X":129.093971,
            "rank":100.0,
            "area_info":"20평(69.12), 26평(88.24)",
            "last_sales":"2021-12-23,23400.0,20평(69.12)"
        },
        {
            "index":530,
            "아파트명":"한양2차",
            "투자타입":"재건축",
            "전용면적(m2)":"71.16",
            "전용면적(평)":"21평",
            "법정동주소":"부산시 연제구 연산동 394",
            "도로명주소":"부산시 연제구 온천천남로 110",
            "세대수":0,
            "입주년차":"--",
            "용적률점수":0,
            "건폐율점수":0,
            "세대당주차수":"--",
            "난방방식":"--",
            "공급면적":50,
            "전용률":60,
            "욕실수":"--",
            "현관타입":"--",
            "주거총점":5.5,
            "지역구공급총점":0.0,
            "역세권":"NA",
            "30분내 이동가능 거점":"NA",
            "1시간내 이동가능 거점":"NA",
            "교통총점":"NA",
            "백화점":0,
            "아울렛몰":0,
            "대형마트":0,
            "은행":100,
            "병원":60,
            "종합병원":100,
            "공원":100,
            "혐오시설":-100,
            "인프라총점":37.0,
            "초등학군":79.96,
            "중학군":51.88,
            "학군총점":57.496,
            "인구수":22.87,
            "인구증감":-12.97,
            "인구총점":12.118,
            "일자리":11.5,
            "소득수준":68.3,
            "일자리총점":28.54,
            "가치 총점":31.099,
            "매매실거래년":20210524.0,
            "매매실거래가":50000.0,
            "전세실거래년":20210911.0,
            "전세실거래가":17000.0,
            "전세가율":34.0,
            "장기전세가율평균":69.9,
            "전세가율거품지수":35.9,
            "검색코드":4354,
            "세대수":168,
            "준공년월":"1984-10-08",
            "준공년차":39,
            "가까운역이름":"NA",
            "가까운역거리":"NA",
            "역세권여부":"NA",
            "30분이내주요거점역":"NA",
            "1시간이내주요거점역":"NA",
            "3km이내백화점수":0,
            "5km이내아울렛몰수":0,
            "1km이내대형먀트수":0,
            "500m이내은행수":5,
            "500m이내병원수":10,
            "5km이내대형병원수":7,
            "500m이내공원수":2,
            "3km이내혐오시설수":2,
            "초등학교학업성취도":79.96,
            "중학교학업성취도":84.0,
            "용적률":0,
            "건폐율":0,
            "Y":35.189142,
            "X":129.10346,
            "rank":101.0,
            "area_info":"21평(71.16), 31평(103.83)",
            "last_sales":"2021-05-24,50000.0,21평(71.16)"
        },
        {
            "index":535,
            "아파트명":"한양4차",
            "투자타입":"재건축",
            "전용면적(m2)":"69.26",
            "전용면적(평)":"20평",
            "법정동주소":"부산시 연제구 연산동 391-1",
            "도로명주소":"부산시 연제구 온천천남로 110",
            "세대수":0,
            "입주년차":"--",
            "용적률점수":0,
            "건폐율점수":0,
            "세대당주차수":"--",
            "난방방식":"--",
            "공급면적":50,
            "전용률":60,
            "욕실수":"--",
            "현관타입":"--",
            "주거총점":5.5,
            "지역구공급총점":0.0,
            "역세권":"NA",
            "30분내 이동가능 거점":"NA",
            "1시간내 이동가능 거점":"NA",
            "교통총점":"NA",
            "백화점":0,
            "아울렛몰":0,
            "대형마트":0,
            "은행":100,
            "병원":60,
            "종합병원":100,
            "공원":100,
            "혐오시설":-100,
            "인프라총점":37.0,
            "초등학군":79.96,
            "중학군":51.88,
            "학군총점":57.496,
            "인구수":22.87,
            "인구증감":-12.97,
            "인구총점":12.118,
            "일자리":11.5,
            "소득수준":68.3,
            "일자리총점":28.54,
            "가치 총점":31.099,
            "매매실거래년":20211006.0,
            "매매실거래가":64000.0,
            "전세실거래년":20210820.0,
            "전세실거래가":16000.0,
            "전세가율":36.36,
            "장기전세가율평균":69.9,
            "전세가율거품지수":33.54,
            "검색코드":4356,
            "세대수":284,
            "준공년월":"1988-07-30",
            "준공년차":35,
            "가까운역이름":"NA",
            "가까운역거리":"NA",
            "역세권여부":"NA",
            "30분이내주요거점역":"NA",
            "1시간이내주요거점역":"NA",
            "3km이내백화점수":0,
            "5km이내아울렛몰수":0,
            "1km이내대형먀트수":0,
            "500m이내은행수":5,
            "500m이내병원수":11,
            "5km이내대형병원수":7,
            "500m이내공원수":2,
            "3km이내혐오시설수":2,
            "초등학교학업성취도":79.96,
            "중학교학업성취도":84.0,
            "용적률":0,
            "건폐율":0,
            "Y":35.189464,
            "X":129.101839,
            "rank":101.0,
            "area_info":"20평(69.26), 22평(74.94), 27평(92.02), 29평(99.17)",
            "last_sales":"2021-10-06,64000.0,29평(99.17)"
        },
        {
            "index":532,
            "아파트명":"한양3차",
            "투자타입":"재건축",
            "전용면적(m2)":"80.61",
            "전용면적(평)":"24평",
            "법정동주소":"부산시 연제구 연산동 388-1",
            "도로명주소":"부산시 연제구 온천천남로 110",
            "세대수":0,
            "입주년차":"--",
            "용적률점수":0,
            "건폐율점수":0,
            "세대당주차수":"--",
            "난방방식":"--",
            "공급면적":50,
            "전용률":60,
            "욕실수":"--",
            "현관타입":"--",
            "주거총점":5.5,
            "지역구공급총점":0.0,
            "역세권":"NA",
            "30분내 이동가능 거점":"NA",
            "1시간내 이동가능 거점":"NA",
            "교통총점":"NA",
            "백화점":0,
            "아울렛몰":0,
            "대형마트":0,
            "은행":100,
            "병원":30,
            "종합병원":100,
            "공원":100,
            "혐오시설":-100,
            "인프라총점":34.0,
            "초등학군":79.96,
            "중학군":53.52,
            "학군총점":58.808,
            "인구수":22.87,
            "인구증감":-12.97,
            "인구총점":12.118,
            "일자리":11.5,
            "소득수준":68.3,
            "일자리총점":28.54,
            "가치 총점":30.227,
            "매매실거래년":20210806.0,
            "매매실거래가":74000.0,
            "전세실거래년":20211213.0,
            "전세실거래가":13500.0,
            "전세가율":24.77,
            "장기전세가율평균":69.9,
            "전세가율거품지수":45.13,
            "검색코드":4355,
            "세대수":216,
            "준공년월":"1985-09-28",
            "준공년차":38,
            "가까운역이름":"NA",
            "가까운역거리":"NA",
            "역세권여부":"NA",
            "30분이내주요거점역":"NA",
            "1시간이내주요거점역":"NA",
            "3km이내백화점수":0,
            "5km이내아울렛몰수":0,
            "1km이내대형먀트수":0,
            "500m이내은행수":5,
            "500m이내병원수":8,
            "5km이내대형병원수":7,
            "500m이내공원수":2,
            "3km이내혐오시설수":2,
            "초등학교학업성취도":79.96,
            "중학교학업성취도":86.4,
            "용적률":0,
            "건폐율":0,
            "Y":35.19037,
            "X":129.103246,
            "rank":102.0,
            "area_info":"24평(80.61), 31평(103.82), 41평(137.49)",
            "last_sales":"2021-08-06,74000.0,41평(137.49)"
        },
        {
            "index":539,
            "아파트명":"한양5차",
            "투자타입":"재건축",
            "전용면적(m2)":"69.27",
            "전용면적(평)":"20평",
            "법정동주소":"부산시 연제구 연산동 387-1",
            "도로명주소":"부산시 연제구 온천천남로 110",
            "세대수":0,
            "입주년차":"--",
            "용적률점수":0,
            "건폐율점수":0,
            "세대당주차수":"--",
            "난방방식":"--",
            "공급면적":50,
            "전용률":60,
            "욕실수":"--",
            "현관타입":"--",
            "주거총점":5.5,
            "지역구공급총점":0.0,
            "역세권":"NA",
            "30분내 이동가능 거점":"NA",
            "1시간내 이동가능 거점":"NA",
            "교통총점":"NA",
            "백화점":0,
            "아울렛몰":0,
            "대형마트":0,
            "은행":100,
            "병원":30,
            "종합병원":100,
            "공원":100,
            "혐오시설":-100,
            "인프라총점":34.0,
            "초등학군":79.96,
            "중학군":53.52,
            "학군총점":58.808,
            "인구수":22.87,
            "인구증감":-12.97,
            "인구총점":12.118,
            "일자리":11.5,
            "소득수준":68.3,
            "일자리총점":28.54,
            "가치 총점":30.227,
            "매매실거래년":20211204.0,
            "매매실거래가":46500.0,
            "전세실거래년":20211210.0,
            "전세실거래가":15000.0,
            "전세가율":32.26,
            "장기전세가율평균":69.9,
            "전세가율거품지수":37.64,
            "검색코드":4357,
            "세대수":280,
            "준공년월":"1988-12-30",
            "준공년차":35,
            "가까운역이름":"NA",
            "가까운역거리":"NA",
            "역세권여부":"NA",
            "30분이내주요거점역":"NA",
            "1시간이내주요거점역":"NA",
            "3km이내백화점수":0,
            "5km이내아울렛몰수":0,
            "1km이내대형먀트수":0,
            "500m이내은행수":5,
            "500m이내병원수":9,
            "5km이내대형병원수":7,
            "500m이내공원수":2,
            "3km이내혐오시설수":2,
            "초등학교학업성취도":79.96,
            "중학교학업성취도":86.4,
            "용적률":0,
            "건폐율":0,
            "Y":35.189893,
            "X":129.10414,
            "rank":102.0,
            "area_info":"20평(69.27), 22평(74.95), 29평(99.17), 41평(136.76)",
            "last_sales":"2021-12-04,46500.0,20평(69.27)"
        },
        {
            "index":217,
            "아파트명":"대진그린타워",
            "투자타입":"일반",
            "전용면적(m2)":"83.56",
            "전용면적(평)":"25평",
            "법정동주소":"부산시 연제구 연산동 1135-3",
            "도로명주소":"부산시 연제구 쌍미천로84번길 59-10",
            "세대수":0,
            "입주년차":0,
            "용적률점수":"--",
            "건폐율점수":"--",
            "세대당주차수":0,
            "난방방식":30,
            "공급면적":"--",
            "전용률":"--",
            "욕실수":50,
            "현관타입":10,
            "주거총점":9.0,
            "지역구공급총점":0.0,
            "역세권":"NA",
            "30분내 이동가능 거점":"NA",
            "1시간내 이동가능 거점":"NA",
            "교통총점":"NA",
            "백화점":0,
            "아울렛몰":80,
            "대형마트":0,
            "은행":0,
            "병원":10,
            "종합병원":100,
            "공원":0,
            "혐오시설":0,
            "인프라총점":29.0,
            "초등학군":85.71,
            "중학군":48.6,
            "학군총점":56.022,
            "인구수":22.87,
            "인구증감":-12.97,
            "인구총점":12.118,
            "일자리":11.5,
            "소득수준":68.3,
            "일자리총점":28.54,
            "가치 총점":28.7555,
            "매매실거래년":20211223.0,
            "매매실거래가":15500.0,
            "전세실거래년":20200216.0,
            "전세실거래가":4500.0,
            "전세가율":34.09,
            "장기전세가율평균":69.9,
            "전세가율거품지수":35.81,
            "검색코드":12030,
            "세대수":161,
            "준공년월":"1993-04-02",
            "준공년차":30,
            "가까운역이름":"NA",
            "가까운역거리":"NA",
            "역세권여부":"NA",
            "30분이내주요거점역":"NA",
            "1시간이내주요거점역":"NA",
            "3km이내백화점수":0,
            "5km이내아울렛몰수":1,
            "1km이내대형먀트수":0,
            "500m이내은행수":0,
            "500m이내병원수":2,
            "5km이내대형병원수":9,
            "500m이내공원수":0,
            "3km이내혐오시설수":0,
            "초등학교학업성취도":85.71,
            "중학교학업성취도":79.6,
            "용적률":252,
            "건폐율":37,
            "Y":35.18124,
            "X":129.08974,
            "rank":103.0,
            "area_info":"25평(83.56), 31평(105.41), 36평(122.04)",
            "last_sales":"2021-12-23,15500.0,31평(105.41)"
        }
    ]
}