{
    "schema":{
        "fields":[
            {
                "name":"index",
                "type":"integer"
            },
            {
                "name":"아파트명",
                "type":"string"
            },
            {
                "name":"투자타입",
                "type":"string"
            },
            {
                "name":"전용면적(m2)",
                "type":"string"
            },
            {
                "name":"전용면적(평)",
                "type":"string"
            },
            {
                "name":"법정동주소",
                "type":"string"
            },
            {
                "name":"도로명주소",
                "type":"string"
            },
            {
                "name":"세대수",
                "type":"integer"
            },
            {
                "name":"입주년차",
                "type":"string"
            },
            {
                "name":"용적률점수",
                "type":"string"
            },
            {
                "name":"건폐율점수",
                "type":"string"
            },
            {
                "name":"세대당주차수",
                "type":"string"
            },
            {
                "name":"난방방식",
                "type":"string"
            },
            {
                "name":"공급면적",
                "type":"string"
            },
            {
                "name":"전용률",
                "type":"string"
            },
            {
                "name":"욕실수",
                "type":"string"
            },
            {
                "name":"현관타입",
                "type":"string"
            },
            {
                "name":"주거총점",
                "type":"number"
            },
            {
                "name":"지역구공급총점",
                "type":"number"
            },
            {
                "name":"역세권",
                "type":"string"
            },
            {
                "name":"30분내 이동가능 거점",
                "type":"string"
            },
            {
                "name":"1시간내 이동가능 거점",
                "type":"string"
            },
            {
                "name":"교통총점",
                "type":"string"
            },
            {
                "name":"백화점",
                "type":"integer"
            },
            {
                "name":"아울렛몰",
                "type":"integer"
            },
            {
                "name":"대형마트",
                "type":"integer"
            },
            {
                "name":"은행",
                "type":"integer"
            },
            {
                "name":"병원",
                "type":"integer"
            },
            {
                "name":"종합병원",
                "type":"integer"
            },
            {
                "name":"공원",
                "type":"integer"
            },
            {
                "name":"혐오시설",
                "type":"integer"
            },
            {
                "name":"인프라총점",
                "type":"number"
            },
            {
                "name":"초등학군",
                "type":"number"
            },
            {
                "name":"중학군",
                "type":"number"
            },
            {
                "name":"학군총점",
                "type":"number"
            },
            {
                "name":"인구수",
                "type":"number"
            },
            {
                "name":"인구증감",
                "type":"number"
            },
            {
                "name":"인구총점",
                "type":"number"
            },
            {
                "name":"일자리",
                "type":"number"
            },
            {
                "name":"소득수준",
                "type":"number"
            },
            {
                "name":"일자리총점",
                "type":"number"
            },
            {
                "name":"가치 총점",
                "type":"number"
            },
            {
                "name":"매매실거래년",
                "type":"string"
            },
            {
                "name":"매매실거래가",
                "type":"number"
            },
            {
                "name":"전세실거래년",
                "type":"number"
            },
            {
                "name":"전세실거래가",
                "type":"number"
            },
            {
                "name":"전세가율",
                "type":"number"
            },
            {
                "name":"장기전세가율평균",
                "type":"number"
            },
            {
                "name":"전세가율거품지수",
                "type":"number"
            },
            {
                "name":"검색코드",
                "type":"integer"
            },
            {
                "name":"세대수",
                "type":"integer"
            },
            {
                "name":"준공년월",
                "type":"string"
            },
            {
                "name":"준공년차",
                "type":"integer"
            },
            {
                "name":"가까운역이름",
                "type":"string"
            },
            {
                "name":"가까운역거리",
                "type":"string"
            },
            {
                "name":"역세권여부",
                "type":"string"
            },
            {
                "name":"30분이내주요거점역",
                "type":"string"
            },
            {
                "name":"1시간이내주요거점역",
                "type":"string"
            },
            {
                "name":"3km이내백화점수",
                "type":"integer"
            },
            {
                "name":"5km이내아울렛몰수",
                "type":"integer"
            },
            {
                "name":"1km이내대형먀트수",
                "type":"integer"
            },
            {
                "name":"500m이내은행수",
                "type":"integer"
            },
            {
                "name":"500m이내병원수",
                "type":"integer"
            },
            {
                "name":"5km이내대형병원수",
                "type":"integer"
            },
            {
                "name":"500m이내공원수",
                "type":"integer"
            },
            {
                "name":"3km이내혐오시설수",
                "type":"integer"
            },
            {
                "name":"초등학교학업성취도",
                "type":"number"
            },
            {
                "name":"중학교학업성취도",
                "type":"number"
            },
            {
                "name":"용적률",
                "type":"integer"
            },
            {
                "name":"건폐율",
                "type":"integer"
            },
            {
                "name":"Y",
                "type":"number"
            },
            {
                "name":"X",
                "type":"number"
            },
            {
                "name":"rank",
                "type":"number"
            },
            {
                "name":"area_info",
                "type":"string"
            },
            {
                "name":"last_sales",
                "type":"string"
            }
        ],
        "primaryKey":[
            "index"
        ],
        "pandas_version":"1.4.0"
    },
    "data":[
        {
            "index":77,
            "아파트명":"부산광안쌍용예가디오션",
            "투자타입":"일반",
            "전용면적(m2)":"85.26",
            "전용면적(평)":"25평",
            "법정동주소":"부산시 수영구 광안동 1330",
            "도로명주소":"부산시 수영구 광안로 20",
            "세대수":90,
            "입주년차":80,
            "용적률점수":"--",
            "건폐율점수":"--",
            "세대당주차수":30,
            "난방방식":30,
            "공급면적":"--",
            "전용률":"--",
            "욕실수":100,
            "현관타입":100,
            "주거총점":75.0,
            "지역구공급총점":0.0,
            "역세권":"NA",
            "30분내 이동가능 거점":"NA",
            "1시간내 이동가능 거점":"NA",
            "교통총점":"NA",
            "백화점":100,
            "아울렛몰":80,
            "대형마트":0,
            "은행":100,
            "병원":80,
            "종합병원":100,
            "공원":100,
            "혐오시설":0,
            "인프라총점":79.0,
            "초등학군":90.0,
            "중학군":48.44,
            "학군총점":56.752,
            "인구수":19.19,
            "인구증감":-1.01,
            "인구총점":13.13,
            "일자리":6.8,
            "소득수준":52.09,
            "일자리총점":20.387,
            "가치 총점":72.038,
            "매매실거래년":20211111.0,
            "매매실거래가":167500.0,
            "전세실거래년":20210819.0,
            "전세실거래가":50000.0,
            "전세가율":55.56,
            "장기전세가율평균":62.11,
            "전세가율거품지수":6.55,
            "검색코드":104037,
            "세대수":928,
            "준공년월":"2014-11-28",
            "준공년차":9,
            "가까운역이름":"NA",
            "가까운역거리":"NA",
            "역세권여부":"NA",
            "30분이내주요거점역":"NA",
            "1시간이내주요거점역":"NA",
            "3km이내백화점수":2,
            "5km이내아울렛몰수":1,
            "1km이내대형먀트수":0,
            "500m이내은행수":10,
            "500m이내병원수":35,
            "5km이내대형병원수":5,
            "500m이내공원수":3,
            "3km이내혐오시설수":0,
            "초등학교학업성취도":90.0,
            "중학교학업성취도":79.8,
            "용적률":287,
            "건폐율":33,
            "Y":35.155445,
            "X":129.115648,
            "rank":1.0,
            "area_info":"25평(85.26), 34평(114.95), 34평(115.12), 34평(115.21), 35평(116.05), 35평(117.7), 35평(118.87), 35평(118.18), 45평(150.29), 45평(151.01), 63평(208.29), 65평(215.81)",
            "last_sales":"2021-11-11,167500.0,45평(150.29)"
        },
        {
            "index":55,
            "아파트명":"광안자이",
            "투자타입":"일반",
            "전용면적(m2)":"87.75",
            "전용면적(평)":"26평",
            "법정동주소":"부산시 수영구 광안동 1334",
            "도로명주소":"부산시 수영구 호암로29번길 50",
            "세대수":90,
            "입주년차":100,
            "용적률점수":"--",
            "건폐율점수":"--",
            "세대당주차수":30,
            "난방방식":30,
            "공급면적":"--",
            "전용률":"--",
            "욕실수":100,
            "현관타입":100,
            "주거총점":79.0,
            "지역구공급총점":0.0,
            "역세권":"NA",
            "30분내 이동가능 거점":"NA",
            "1시간내 이동가능 거점":"NA",
            "교통총점":"NA",
            "백화점":100,
            "아울렛몰":80,
            "대형마트":0,
            "은행":0,
            "병원":60,
            "종합병원":100,
            "공원":100,
            "혐오시설":0,
            "인프라총점":67.0,
            "초등학군":98.58,
            "중학군":49.42,
            "학군총점":59.252,
            "인구수":19.19,
            "인구증감":-1.01,
            "인구총점":13.13,
            "일자리":6.8,
            "소득수준":52.09,
            "일자리총점":20.387,
            "가치 총점":69.263,
            "매매실거래년":20210515.0,
            "매매실거래가":144000.0,
            "전세실거래년":20200815.0,
            "전세실거래가":32000.0,
            "전세가율":42.11,
            "장기전세가율평균":62.11,
            "전세가율거품지수":20.0,
            "검색코드":119208,
            "세대수":971,
            "준공년월":"2020-08-01",
            "준공년차":3,
            "가까운역이름":"NA",
            "가까운역거리":"NA",
            "역세권여부":"NA",
            "30분이내주요거점역":"NA",
            "1시간이내주요거점역":"NA",
            "3km이내백화점수":2,
            "5km이내아울렛몰수":1,
            "1km이내대형먀트수":0,
            "500m이내은행수":1,
            "500m이내병원수":26,
            "5km이내대형병원수":8,
            "500m이내공원수":2,
            "3km이내혐오시설수":0,
            "초등학교학업성취도":98.58,
            "중학교학업성취도":79.9,
            "용적률":240,
            "건폐율":0,
            "Y":35.154517,
            "X":129.109314,
            "rank":2.0,
            "area_info":"26평(87.75), 31평(104.75), 34평(112.68), 34평(113.36), 34평(114.31), 40평(132.42)",
            "last_sales":"2021-05-15,144000.0,40평(132.42)"
        },
        {
            "index":246,
            "아파트명":"수영SK뷰1단지",
            "투자타입":"일반",
            "전용면적(m2)":"82.8",
            "전용면적(평)":"25평",
            "법정동주소":"부산시 수영구 망미동 1176",
            "도로명주소":"부산시 수영구 망미배산로 56",
            "세대수":90,
            "입주년차":100,
            "용적률점수":"--",
            "건폐율점수":"--",
            "세대당주차수":30,
            "난방방식":30,
            "공급면적":"--",
            "전용률":"--",
            "욕실수":100,
            "현관타입":100,
            "주거총점":79.0,
            "지역구공급총점":0.0,
            "역세권":"NA",
            "30분내 이동가능 거점":"NA",
            "1시간내 이동가능 거점":"NA",
            "교통총점":"NA",
            "백화점":100,
            "아울렛몰":80,
            "대형마트":0,
            "은행":0,
            "병원":30,
            "종합병원":100,
            "공원":100,
            "혐오시설":-50,
            "인프라총점":63.0,
            "초등학군":89.62,
            "중학군":50.26,
            "학군총점":58.132,
            "인구수":19.19,
            "인구증감":-1.01,
            "인구총점":13.13,
            "일자리":6.8,
            "소득수준":52.09,
            "일자리총점":20.387,
            "가치 총점":67.383,
            "매매실거래년":20211213.0,
            "매매실거래가":80000.0,
            "전세실거래년":20211023.0,
            "전세실거래가":24650.0,
            "전세가율":39.13,
            "장기전세가율평균":62.11,
            "전세가율거품지수":22.98,
            "검색코드":111463,
            "세대수":1147,
            "준공년월":"2019-06-03",
            "준공년차":4,
            "가까운역이름":"NA",
            "가까운역거리":"NA",
            "역세권여부":"NA",
            "30분이내주요거점역":"NA",
            "1시간이내주요거점역":"NA",
            "3km이내백화점수":2,
            "5km이내아울렛몰수":1,
            "1km이내대형먀트수":0,
            "500m이내은행수":0,
            "500m이내병원수":6,
            "5km이내대형병원수":7,
            "500m이내공원수":6,
            "3km이내혐오시설수":1,
            "초등학교학업성취도":89.62,
            "중학교학업성취도":82.5,
            "용적률":255,
            "건폐율":14,
            "Y":35.175471,
            "X":129.10168,
            "rank":3.0,
            "area_info":"25평(82.8), 25평(82.69), 25평(82.75), 25평(83.81), 25평(83.98), 25평(83.57), 30평(101.43), 35평(116.91)",
            "last_sales":"2021-12-13,80000.0,35평(116.91)"
        },
        {
            "index":317,
            "아파트명":"센텀비스타동원",
            "투자타입":"일반",
            "전용면적(m2)":"110.68",
            "전용면적(평)":"33평",
            "법정동주소":"부산시 수영구 민락동 778",
            "도로명주소":"부산시 수영구 수영로 754",
            "세대수":80,
            "입주년차":80,
            "용적률점수":"--",
            "건폐율점수":"--",
            "세대당주차수":60,
            "난방방식":30,
            "공급면적":"--",
            "전용률":"--",
            "욕실수":100,
            "현관타입":100,
            "주거총점":76.0,
            "지역구공급총점":0.0,
            "역세권":"NA",
            "30분내 이동가능 거점":"NA",
            "1시간내 이동가능 거점":"NA",
            "교통총점":"NA",
            "백화점":100,
            "아울렛몰":0,
            "대형마트":0,
            "은행":0,
            "병원":80,
            "종합병원":100,
            "공원":100,
            "혐오시설":-50,
            "인프라총점":60.0,
            "초등학군":81.52,
            "중학군":57.76,
            "학군총점":62.512,
            "인구수":19.19,
            "인구증감":-1.01,
            "인구총점":13.13,
            "일자리":6.8,
            "소득수준":52.09,
            "일자리총점":20.387,
            "가치 총점":66.228,
            "매매실거래년":20211221.0,
            "매매실거래가":95000.0,
            "전세실거래년":20220113.0,
            "전세실거래가":35000.0,
            "전세가율":36.84,
            "장기전세가율평균":62.11,
            "전세가율거품지수":25.27,
            "검색코드":108274,
            "세대수":840,
            "준공년월":"2017-07-31",
            "준공년차":6,
            "가까운역이름":"NA",
            "가까운역거리":"NA",
            "역세권여부":"NA",
            "30분이내주요거점역":"NA",
            "1시간이내주요거점역":"NA",
            "3km이내백화점수":2,
            "5km이내아울렛몰수":0,
            "1km이내대형먀트수":0,
            "500m이내은행수":1,
            "500m이내병원수":38,
            "5km이내대형병원수":5,
            "500m이내공원수":2,
            "3km이내혐오시설수":1,
            "초등학교학업성취도":81.52,
            "중학교학업성취도":92.2,
            "용적률":255,
            "건폐율":16,
            "Y":35.166842,
            "X":129.120441,
            "rank":4.0,
            "area_info":"33평(110.68), 33평(110.28), 34평(115.67), 42평(141.7), 42평(141.76)",
            "last_sales":"2021-12-21,95000.0,33평(110.68)"
        },
        {
            "index":191,
            "아파트명":"더샵파크리치",
            "투자타입":"일반",
            "전용면적(m2)":"114.65",
            "전용면적(평)":"34평",
            "법정동주소":"부산시 수영구 망미동 693-1",
            "도로명주소":"부산시 수영구 연수로315번길 16",
            "세대수":80,
            "입주년차":40,
            "용적률점수":"--",
            "건폐율점수":"--",
            "세대당주차수":80,
            "난방방식":30,
            "공급면적":"--",
            "전용률":"--",
            "욕실수":100,
            "현관타입":100,
            "주거총점":71.0,
            "지역구공급총점":0.0,
            "역세권":"NA",
            "30분내 이동가능 거점":"NA",
            "1시간내 이동가능 거점":"NA",
            "교통총점":"NA",
            "백화점":100,
            "아울렛몰":80,
            "대형마트":0,
            "은행":0,
            "병원":60,
            "종합병원":100,
            "공원":100,
            "혐오시설":-50,
            "인프라총점":66.0,
            "초등학군":86.95,
            "중학군":49.2,
            "학군총점":56.75,
            "인구수":19.19,
            "인구증감":-1.01,
            "인구총점":13.13,
            "일자리":6.8,
            "소득수준":52.09,
            "일자리총점":20.387,
            "가치 총점":65.4375,
            "매매실거래년":20211103.0,
            "매매실거래가":94000.0,
            "전세실거래년":20210525.0,
            "전세실거래가":30000.0,
            "전세가율":40.11,
            "장기전세가율평균":62.11,
            "전세가율거품지수":22.0,
            "검색코드":19305,
            "세대수":862,
            "준공년월":"2007-09-05",
            "준공년차":16,
            "가까운역이름":"NA",
            "가까운역거리":"NA",
            "역세권여부":"NA",
            "30분이내주요거점역":"NA",
            "1시간이내주요거점역":"NA",
            "3km이내백화점수":2,
            "5km이내아울렛몰수":1,
            "1km이내대형먀트수":0,
            "500m이내은행수":0,
            "500m이내병원수":16,
            "5km이내대형병원수":8,
            "500m이내공원수":4,
            "3km이내혐오시설수":1,
            "초등학교학업성취도":86.95,
            "중학교학업성취도":80.4,
            "용적률":299,
            "건폐율":16,
            "Y":35.173466,
            "X":129.106607,
            "rank":5.0,
            "area_info":"34평(114.65), 39평(131.18), 45평(149.44), 48평(161.91), 49평(164.51), 57평(190.16), 66평(221.16)",
            "last_sales":"2021-11-03,94000.0,49평(164.51)"
        },
        {
            "index":135,
            "아파트명":"남천코오롱하늘채골든비치",
            "투자타입":"일반",
            "전용면적(m2)":"112.79",
            "전용면적(평)":"34평",
            "법정동주소":"부산시 수영구 남천동 151",
            "도로명주소":"부산시 수영구 남천동로 41",
            "세대수":90,
            "입주년차":60,
            "용적률점수":"--",
            "건폐율점수":"--",
            "세대당주차수":80,
            "난방방식":30,
            "공급면적":"--",
            "전용률":"--",
            "욕실수":100,
            "현관타입":50,
            "주거총점":73.5,
            "지역구공급총점":0.0,
            "역세권":"NA",
            "30분내 이동가능 거점":"NA",
            "1시간내 이동가능 거점":"NA",
            "교통총점":"NA",
            "백화점":0,
            "아울렛몰":80,
            "대형마트":80,
            "은행":70,
            "병원":60,
            "종합병원":100,
            "공원":80,
            "혐오시설":0,
            "인프라총점":55.4,
            "초등학군":95.78,
            "중학군":54.84,
            "학군총점":63.028,
            "인구수":19.19,
            "인구증감":-1.01,
            "인구총점":13.13,
            "일자리":6.8,
            "소득수준":52.09,
            "일자리총점":20.387,
            "가치 총점":63.642,
            "매매실거래년":20201116.0,
            "매매실거래가":167000.0,
            "전세실거래년":20220114.0,
            "전세실거래가":40950.0,
            "전세가율":43.11,
            "장기전세가율평균":62.11,
            "전세가율거품지수":19.0,
            "검색코드":24896,
            "세대수":987,
            "준공년월":"2009-01-16",
            "준공년차":14,
            "가까운역이름":"NA",
            "가까운역거리":"NA",
            "역세권여부":"NA",
            "30분이내주요거점역":"NA",
            "1시간이내주요거점역":"NA",
            "3km이내백화점수":0,
            "5km이내아울렛몰수":1,
            "1km이내대형먀트수":1,
            "500m이내은행수":3,
            "500m이내병원수":19,
            "5km이내대형병원수":7,
            "500m이내공원수":1,
            "3km이내혐오시설수":0,
            "초등학교학업성취도":95.78,
            "중학교학업성취도":88.0,
            "용적률":287,
            "건폐율":19,
            "Y":35.142697,
            "X":129.113071,
            "rank":6.0,
            "area_info":"34평(112.79), 39평(129.68), 44평(147.13), 48평(160.77), 48평(161.23), 48평(161.17), 55평(185.0), 63평(210.37), 91평(301.34), 103평(342.69)",
            "last_sales":"2020-11-16,167000.0,63평(210.37)"
        },
        {
            "index":10,
            "아파트명":"광안SK뷰",
            "투자타입":"일반",
            "전용면적(m2)":"119.54",
            "전용면적(평)":"36평",
            "법정동주소":"부산시 수영구 광안동 473-2",
            "도로명주소":"부산시 수영구 광안로 12",
            "세대수":30,
            "입주년차":40,
            "용적률점수":"--",
            "건폐율점수":"--",
            "세대당주차수":60,
            "난방방식":30,
            "공급면적":"--",
            "전용률":"--",
            "욕실수":100,
            "현관타입":100,
            "주거총점":50.5,
            "지역구공급총점":0.0,
            "역세권":"NA",
            "30분내 이동가능 거점":"NA",
            "1시간내 이동가능 거점":"NA",
            "교통총점":"NA",
            "백화점":100,
            "아울렛몰":80,
            "대형마트":0,
            "은행":100,
            "병원":80,
            "종합병원":100,
            "공원":80,
            "혐오시설":0,
            "인프라총점":78.4,
            "초등학군":90.0,
            "중학군":48.44,
            "학군총점":56.752,
            "인구수":19.19,
            "인구증감":-1.01,
            "인구총점":13.13,
            "일자리":6.8,
            "소득수준":52.09,
            "일자리총점":20.387,
            "가치 총점":63.223,
            "매매실거래년":20210701.0,
            "매매실거래가":67000.0,
            "전세실거래년":20200713.0,
            "전세실거래가":37000.0,
            "전세가율":63.25,
            "장기전세가율평균":62.11,
            "전세가율거품지수":-1.14,
            "검색코드":14059,
            "세대수":361,
            "준공년월":"2006-03-30",
            "준공년차":17,
            "가까운역이름":"NA",
            "가까운역거리":"NA",
            "역세권여부":"NA",
            "30분이내주요거점역":"NA",
            "1시간이내주요거점역":"NA",
            "3km이내백화점수":2,
            "5km이내아울렛몰수":1,
            "1km이내대형먀트수":0,
            "500m이내은행수":8,
            "500m이내병원수":38,
            "5km이내대형병원수":5,
            "500m이내공원수":1,
            "3km이내혐오시설수":0,
            "초등학교학업성취도":90.0,
            "중학교학업성취도":79.8,
            "용적률":96,
            "건폐율":24,
            "Y":35.156473,
            "X":129.113945,
            "rank":7.0,
            "area_info":"36평(119.54), 47평(155.65), 54평(181.34)",
            "last_sales":"2021-07-01,67000.0,47평(155.65)"
        },
        {
            "index":308,
            "아파트명":"부산더샵센텀포레",
            "투자타입":"일반",
            "전용면적(m2)":"85.72",
            "전용면적(평)":"25평",
            "법정동주소":"부산시 수영구 민락동 765",
            "도로명주소":"부산시 수영구 수영로 776",
            "세대수":90,
            "입주년차":80,
            "용적률점수":"--",
            "건폐율점수":"--",
            "세대당주차수":60,
            "난방방식":30,
            "공급면적":"--",
            "전용률":"--",
            "욕실수":100,
            "현관타입":100,
            "주거총점":79.5,
            "지역구공급총점":0.0,
            "역세권":"NA",
            "30분내 이동가능 거점":"NA",
            "1시간내 이동가능 거점":"NA",
            "교통총점":"NA",
            "백화점":100,
            "아울렛몰":0,
            "대형마트":0,
            "은행":0,
            "병원":10,
            "종합병원":100,
            "공원":100,
            "혐오시설":-50,
            "인프라총점":53.0,
            "초등학군":81.52,
            "중학군":48.44,
            "학군총점":55.056,
            "인구수":19.19,
            "인구증감":-1.01,
            "인구총점":13.13,
            "일자리":6.8,
            "소득수준":52.09,
            "일자리총점":20.387,
            "가치 총점":62.789,
            "매매실거래년":20210929.0,
            "매매실거래가":190000.0,
            "전세실거래년":20220110.0,
            "전세실거래가":40000.0,
            "전세가율":51.95,
            "장기전세가율평균":62.11,
            "전세가율거품지수":10.16,
            "검색코드":103401,
            "세대수":1006,
            "준공년월":"2014-07-31",
            "준공년차":9,
            "가까운역이름":"NA",
            "가까운역거리":"NA",
            "역세권여부":"NA",
            "30분이내주요거점역":"NA",
            "1시간이내주요거점역":"NA",
            "3km이내백화점수":2,
            "5km이내아울렛몰수":0,
            "1km이내대형먀트수":0,
            "500m이내은행수":0,
            "500m이내병원수":4,
            "5km이내대형병원수":5,
            "500m이내공원수":2,
            "3km이내혐오시설수":1,
            "초등학교학업성취도":81.52,
            "중학교학업성취도":79.8,
            "용적률":254,
            "건폐율":17,
            "Y":35.165279,
            "X":129.12351,
            "rank":8.0,
            "area_info":"25평(85.72), 33평(109.16), 33평(110.04), 33평(110.7), 33평(111.68), 39평(130.81), 49평(164.53), 49평(164.15), 58평(193.37)",
            "last_sales":"2021-09-29,190000.0,58평(193.37)"
        },
        {
            "index":322,
            "아파트명":"센텀비스타동원2차",
            "투자타입":"일반",
            "전용면적(m2)":"112.63",
            "전용면적(평)":"34평",
            "법정동주소":"부산시 수영구 민락동 774",
            "도로명주소":"부산시 수영구 무학로63번길 142",
            "세대수":50,
            "입주년차":80,
            "용적률점수":"--",
            "건폐율점수":"--",
            "세대당주차수":30,
            "난방방식":30,
            "공급면적":"--",
            "전용률":"--",
            "욕실수":100,
            "현관타입":100,
            "주거총점":61.0,
            "지역구공급총점":0.0,
            "역세권":"NA",
            "30분내 이동가능 거점":"NA",
            "1시간내 이동가능 거점":"NA",
            "교통총점":"NA",
            "백화점":100,
            "아울렛몰":0,
            "대형마트":0,
            "은행":20,
            "병원":80,
            "종합병원":100,
            "공원":100,
            "혐오시설":-50,
            "인프라총점":62.0,
            "초등학군":81.52,
            "중학군":57.76,
            "학군총점":62.512,
            "인구수":19.19,
            "인구증감":-1.01,
            "인구총점":13.13,
            "일자리":6.8,
            "소득수준":52.09,
            "일자리총점":20.387,
            "가치 총점":61.778,
            "매매실거래년":20220108.0,
            "매매실거래가":100000.0,
            "전세실거래년":20220103.0,
            "전세실거래가":39900.0,
            "전세가율":39.9,
            "장기전세가율평균":62.11,
            "전세가율거품지수":22.21,
            "검색코드":106850,
            "세대수":405,
            "준공년월":"2017-03-29",
            "준공년차":6,
            "가까운역이름":"NA",
            "가까운역거리":"NA",
            "역세권여부":"NA",
            "30분이내주요거점역":"NA",
            "1시간이내주요거점역":"NA",
            "3km이내백화점수":2,
            "5km이내아울렛몰수":0,
            "1km이내대형먀트수":0,
            "500m이내은행수":2,
            "500m이내병원수":50,
            "5km이내대형병원수":5,
            "500m이내공원수":2,
            "3km이내혐오시설수":1,
            "초등학교학업성취도":81.52,
            "중학교학업성취도":92.2,
            "용적률":292,
            "건폐율":16,
            "Y":35.167865,
            "X":129.119611,
            "rank":9.0,
            "area_info":"34평(112.63), 34평(113.32), 34평(113.66), 34평(113.28), 34평(113.44), 34평(113.44)",
            "last_sales":"2022-01-08,100000.0,34평(112.63)"
        },
        {
            "index":114,
            "아파트명":"남천금호어울림더비치",
            "투자타입":"일반",
            "전용면적(m2)":"112.92",
            "전용면적(평)":"34평",
            "법정동주소":"부산시 수영구 남천동 595",
            "도로명주소":"부산시 수영구 남천동로 91",
            "세대수":50,
            "입주년차":100,
            "용적률점수":"--",
            "건폐율점수":"--",
            "세대당주차수":30,
            "난방방식":30,
            "공급면적":"--",
            "전용률":"--",
            "욕실수":100,
            "현관타입":100,
            "주거총점":65.0,
            "지역구공급총점":0.0,
            "역세권":"NA",
            "30분내 이동가능 거점":"NA",
            "1시간내 이동가능 거점":"NA",
            "교통총점":"NA",
            "백화점":0,
            "아울렛몰":80,
            "대형마트":80,
            "은행":70,
            "병원":60,
            "종합병원":100,
            "공원":80,
            "혐오시설":0,
            "인프라총점":55.4,
            "초등학군":95.78,
            "중학군":54.84,
            "학군총점":63.028,
            "인구수":19.19,
            "인구증감":-1.01,
            "인구총점":13.13,
            "일자리":6.8,
            "소득수준":52.09,
            "일자리총점":20.387,
            "가치 총점":60.667,
            "매매실거래년":20210821.0,
            "매매실거래가":164000.0,
            "전세실거래년":20220104.0,
            "전세실거래가":52500.0,
            "전세가율":57.69,
            "장기전세가율평균":62.11,
            "전세가율거품지수":4.42,
            "검색코드":114752,
            "세대수":421,
            "준공년월":"2019-07-19",
            "준공년차":4,
            "가까운역이름":"NA",
            "가까운역거리":"NA",
            "역세권여부":"NA",
            "30분이내주요거점역":"NA",
            "1시간이내주요거점역":"NA",
            "3km이내백화점수":0,
            "5km이내아울렛몰수":1,
            "1km이내대형먀트수":1,
            "500m이내은행수":4,
            "500m이내병원수":24,
            "5km이내대형병원수":7,
            "500m이내공원수":1,
            "3km이내혐오시설수":0,
            "초등학교학업성취도":95.78,
            "중학교학업성취도":88.0,
            "용적률":261,
            "건폐율":17,
            "Y":35.144378,
            "X":129.11231,
            "rank":10.0,
            "area_info":"34평(112.92), 34평(113.23), 34평(113.23), 34평(113.23), 42평(139.15)",
            "last_sales":"2021-08-21,164000.0,42평(139.15)"
        },
        {
            "index":328,
            "아파트명":"센텀비치푸르지오",
            "투자타입":"일반",
            "전용면적(m2)":"94.14",
            "전용면적(평)":"28평",
            "법정동주소":"부산시 수영구 민락동 108-1",
            "도로명주소":"부산시 수영구 광안해변로 418",
            "세대수":90,
            "입주년차":20,
            "용적률점수":"--",
            "건폐율점수":"--",
            "세대당주차수":60,
            "난방방식":30,
            "공급면적":"--",
            "전용률":"--",
            "욕실수":100,
            "현관타입":100,
            "주거총점":67.5,
            "지역구공급총점":0.0,
            "역세권":"NA",
            "30분내 이동가능 거점":"NA",
            "1시간내 이동가능 거점":"NA",
            "교통총점":"NA",
            "백화점":100,
            "아울렛몰":0,
            "대형마트":0,
            "은행":0,
            "병원":0,
            "종합병원":100,
            "공원":80,
            "혐오시설":-50,
            "인프라총점":51.4,
            "초등학군":96.1,
            "중학군":55.78,
            "학군총점":63.844,
            "인구수":19.19,
            "인구증감":-1.01,
            "인구총점":13.13,
            "일자리":6.8,
            "소득수준":52.09,
            "일자리총점":20.387,
            "가치 총점":60.146,
            "매매실거래년":20210906.0,
            "매매실거래가":84000.0,
            "전세실거래년":20211215.0,
            "전세실거래가":37000.0,
            "전세가율":57.63,
            "장기전세가율평균":62.11,
            "전세가율거품지수":4.48,
            "검색코드":9904,
            "세대수":1082,
            "준공년월":"2003-08-18",
            "준공년차":20,
            "가까운역이름":"NA",
            "가까운역거리":"NA",
            "역세권여부":"NA",
            "30분이내주요거점역":"NA",
            "1시간이내주요거점역":"NA",
            "3km이내백화점수":2,
            "5km이내아울렛몰수":0,
            "1km이내대형먀트수":0,
            "500m이내은행수":0,
            "500m이내병원수":1,
            "5km이내대형병원수":4,
            "500m이내공원수":1,
            "3km이내혐오시설수":1,
            "초등학교학업성취도":96.1,
            "중학교학업성취도":88.9,
            "용적률":468,
            "건폐율":64,
            "Y":35.16012,
            "X":129.13066,
            "rank":11.0,
            "area_info":"28평(94.14), 32평(106.73), 32평(107.94), 32평(108.6), 38평(128.25), 48평(158.94), 48평(160.98), 55평(183.34)",
            "last_sales":"2021-09-06,84000.0,48평(160.98)"
        },
        {
            "index":40,
            "아파트명":"광안역성원상떼빌",
            "투자타입":"일반",
            "전용면적(m2)":"126.65",
            "전용면적(평)":"38평",
            "법정동주소":"부산시 수영구 광안동 143-1",
            "도로명주소":"부산시 수영구 수영로582번길 10",
            "세대수":0,
            "입주년차":40,
            "용적률점수":"--",
            "건폐율점수":"--",
            "세대당주차수":80,
            "난방방식":30,
            "공급면적":"--",
            "전용률":"--",
            "욕실수":100,
            "현관타입":100,
            "주거총점":43.0,
            "지역구공급총점":0.0,
            "역세권":"NA",
            "30분내 이동가능 거점":"NA",
            "1시간내 이동가능 거점":"NA",
            "교통총점":"NA",
            "백화점":100,
            "아울렛몰":80,
            "대형마트":0,
            "은행":100,
            "병원":80,
            "종합병원":100,
            "공원":80,
            "혐오시설":0,
            "인프라총점":78.4,
            "초등학군":90.0,
            "중학군":45.5,
            "학군총점":54.4,
            "인구수":19.19,
            "인구증감":-1.01,
            "인구총점":13.13,
            "일자리":6.8,
            "소득수준":52.09,
            "일자리총점":20.387,
            "가치 총점":60.01,
            "매매실거래년":20210607.0,
            "매매실거래가":56500.0,
            "전세실거래년":20200331.0,
            "전세실거래가":21000.0,
            "전세가율":37.17,
            "장기전세가율평균":62.11,
            "전세가율거품지수":24.94,
            "검색코드":19442,
            "세대수":119,
            "준공년월":"2007-04-27",
            "준공년차":16,
            "가까운역이름":"NA",
            "가까운역거리":"NA",
            "역세권여부":"NA",
            "30분이내주요거점역":"NA",
            "1시간이내주요거점역":"NA",
            "3km이내백화점수":2,
            "5km이내아울렛몰수":1,
            "1km이내대형먀트수":0,
            "500m이내은행수":8,
            "500m이내병원수":38,
            "5km이내대형병원수":5,
            "500m이내공원수":1,
            "3km이내혐오시설수":0,
            "초등학교학업성취도":90.0,
            "중학교학업성취도":73.7,
            "용적률":982,
            "건폐율":59,
            "Y":35.157466,
            "X":129.113557,
            "rank":12.0,
            "area_info":"38평(126.65), 42평(139.75), 46평(155.01), 47평(155.88), 46평(155.1), 47평(158.31)",
            "last_sales":"2021-06-07,56500.0,38평(126.65)"
        },
        {
            "index":51,
            "아파트명":"광안유림노르웨이아침",
            "투자타입":"일반",
            "전용면적(m2)":"31.31",
            "전용면적(평)":"9평",
            "법정동주소":"부산시 수영구 광안동 744-32",
            "도로명주소":"부산시 수영구 장대골로7번길 45",
            "세대수":50,
            "입주년차":40,
            "용적률점수":"--",
            "건폐율점수":"--",
            "세대당주차수":0,
            "난방방식":30,
            "공급면적":"--",
            "전용률":"--",
            "욕실수":50,
            "현관타입":50,
            "주거총점":38.5,
            "지역구공급총점":0.0,
            "역세권":"NA",
            "30분내 이동가능 거점":"NA",
            "1시간내 이동가능 거점":"NA",
            "교통총점":"NA",
            "백화점":100,
            "아울렛몰":80,
            "대형마트":0,
            "은행":100,
            "병원":80,
            "종합병원":100,
            "공원":80,
            "혐오시설":0,
            "인프라총점":78.4,
            "초등학군":98.58,
            "중학군":45.5,
            "학군총점":56.116,
            "인구수":19.19,
            "인구증감":-1.01,
            "인구총점":13.13,
            "일자리":6.8,
            "소득수준":52.09,
            "일자리총점":20.387,
            "가치 총점":58.864,
            "매매실거래년":20211115.0,
            "매매실거래가":11800.0,
            "전세실거래년":20210818.0,
            "전세실거래가":1500.0,
            "전세가율":21.43,
            "장기전세가율평균":62.11,
            "전세가율거품지수":40.68,
            "검색코드":19136,
            "세대수":423,
            "준공년월":"2004-11-24",
            "준공년차":19,
            "가까운역이름":"NA",
            "가까운역거리":"NA",
            "역세권여부":"NA",
            "30분이내주요거점역":"NA",
            "1시간이내주요거점역":"NA",
            "3km이내백화점수":2,
            "5km이내아울렛몰수":1,
            "1km이내대형먀트수":0,
            "500m이내은행수":8,
            "500m이내병원수":37,
            "5km이내대형병원수":5,
            "500m이내공원수":1,
            "3km이내혐오시설수":0,
            "초등학교학업성취도":98.58,
            "중학교학업성취도":73.7,
            "용적률":1096,
            "건폐율":75,
            "Y":35.15695,
            "X":129.11251,
            "rank":13.0,
            "area_info":"9평(31.31), 10평(33.88), 11평(37.18), 14평(46.6)",
            "last_sales":"2021-11-15,11800.0,14평(46.6)"
        },
        {
            "index":219,
            "아파트명":"망미이진캐스빌",
            "투자타입":"일반",
            "전용면적(m2)":"87.46",
            "전용면적(평)":"26평",
            "법정동주소":"부산시 수영구 망미동 1159",
            "도로명주소":"부산시 수영구 망미로30번길 51",
            "세대수":30,
            "입주년차":80,
            "용적률점수":"--",
            "건폐율점수":"--",
            "세대당주차수":30,
            "난방방식":30,
            "공급면적":"--",
            "전용률":"--",
            "욕실수":100,
            "현관타입":100,
            "주거총점":54.0,
            "지역구공급총점":0.0,
            "역세권":"NA",
            "30분내 이동가능 거점":"NA",
            "1시간내 이동가능 거점":"NA",
            "교통총점":"NA",
            "백화점":100,
            "아울렛몰":80,
            "대형마트":0,
            "은행":0,
            "병원":30,
            "종합병원":100,
            "공원":100,
            "혐오시설":0,
            "인프라총점":64.0,
            "초등학군":86.95,
            "중학군":49.2,
            "학군총점":56.75,
            "인구수":19.19,
            "인구증감":-1.01,
            "인구총점":13.13,
            "일자리":6.8,
            "소득수준":52.09,
            "일자리총점":20.387,
            "가치 총점":58.6875,
            "매매실거래년":20211201.0,
            "매매실거래가":47000.0,
            "전세실거래년":20211220.0,
            "전세실거래가":31000.0,
            "전세가율":65.96,
            "장기전세가율평균":62.11,
            "전세가율거품지수":-3.85,
            "검색코드":109225,
            "세대수":343,
            "준공년월":"2017-08-30",
            "준공년차":6,
            "가까운역이름":"NA",
            "가까운역거리":"NA",
            "역세권여부":"NA",
            "30분이내주요거점역":"NA",
            "1시간이내주요거점역":"NA",
            "3km이내백화점수":2,
            "5km이내아울렛몰수":1,
            "1km이내대형먀트수":0,
            "500m이내은행수":0,
            "500m이내병원수":6,
            "5km이내대형병원수":10,
            "500m이내공원수":4,
            "3km이내혐오시설수":0,
            "초등학교학업성취도":86.95,
            "중학교학업성취도":80.4,
            "용적률":214,
            "건폐율":14,
            "Y":35.169923,
            "X":129.100538,
            "rank":14.0,
            "area_info":"26평(87.46), 27평(92.07), 33평(110.4)",
            "last_sales":"2021-12-01,47000.0,26평(87.46)"
        },
        {
            "index":254,
            "아파트명":"오양",
            "투자타입":"재건축",
            "전용면적(m2)":"48.69",
            "전용면적(평)":"14평",
            "법정동주소":"부산시 수영구 망미동 453-3",
            "도로명주소":"부산시 수영구 과정로67번길 47",
            "세대수":0,
            "입주년차":"--",
            "용적률점수":80,
            "건폐율점수":60,
            "세대당주차수":"--",
            "난방방식":"--",
            "공급면적":50,
            "전용률":80,
            "욕실수":"--",
            "현관타입":"--",
            "주거총점":50.5,
            "지역구공급총점":0.0,
            "역세권":"NA",
            "30분내 이동가능 거점":"NA",
            "1시간내 이동가능 거점":"NA",
            "교통총점":"NA",
            "백화점":100,
            "아울렛몰":80,
            "대형마트":0,
            "은행":0,
            "병원":60,
            "종합병원":100,
            "공원":100,
            "혐오시설":-50,
            "인프라총점":66.0,
            "초등학군":89.62,
            "중학군":50.26,
            "학군총점":58.132,
            "인구수":19.19,
            "인구증감":-1.01,
            "인구총점":13.13,
            "일자리":6.8,
            "소득수준":52.09,
            "일자리총점":20.387,
            "가치 총점":58.608,
            "매매실거래년":20220108.0,
            "매매실거래가":19000.0,
            "전세실거래년":20201209.0,
            "전세실거래가":7500.0,
            "전세가율":39.47,
            "장기전세가율평균":62.11,
            "전세가율거품지수":22.64,
            "검색코드":15005,
            "세대수":120,
            "준공년월":"1977-11-01",
            "준공년차":46,
            "가까운역이름":"NA",
            "가까운역거리":"NA",
            "역세권여부":"NA",
            "30분이내주요거점역":"NA",
            "1시간이내주요거점역":"NA",
            "3km이내백화점수":2,
            "5km이내아울렛몰수":1,
            "1km이내대형먀트수":0,
            "500m이내은행수":1,
            "500m이내병원수":16,
            "5km이내대형병원수":8,
            "500m이내공원수":5,
            "3km이내혐오시설수":1,
            "초등학교학업성취도":89.62,
            "중학교학업성취도":82.5,
            "용적률":171,
            "건폐율":33,
            "Y":35.177092,
            "X":129.104296,
            "rank":15.0,
            "area_info":"14평(48.69), 15평(52.23), 16평(55.7), 16평(55.73)",
            "last_sales":"2022-01-08,19000.0,14평(48.69)"
        },
        {
            "index":363,
            "아파트명":"수영협성르네상스타운",
            "투자타입":"일반",
            "전용면적(m2)":"88.05",
            "전용면적(평)":"26평",
            "법정동주소":"부산시 수영구 수영동 432-1",
            "도로명주소":"부산시 수영구 수영로741번길 46",
            "세대수":50,
            "입주년차":40,
            "용적률점수":"--",
            "건폐율점수":"--",
            "세대당주차수":60,
            "난방방식":30,
            "공급면적":"--",
            "전용률":"--",
            "욕실수":100,
            "현관타입":100,
            "주거총점":57.5,
            "지역구공급총점":0.0,
            "역세권":"NA",
            "30분내 이동가능 거점":"NA",
            "1시간내 이동가능 거점":"NA",
            "교통총점":"NA",
            "백화점":100,
            "아울렛몰":0,
            "대형마트":0,
            "은행":0,
            "병원":60,
            "종합병원":100,
            "공원":80,
            "혐오시설":-100,
            "인프라총점":56.4,
            "초등학군":85.32,
            "중학군":57.76,
            "학군총점":63.272,
            "인구수":19.19,
            "인구증감":-1.01,
            "인구총점":13.13,
            "일자리":6.8,
            "소득수준":52.09,
            "일자리총점":20.387,
            "가치 총점":58.503,
            "매매실거래년":20211001.0,
            "매매실거래가":112000.0,
            "전세실거래년":20210527.0,
            "전세실거래가":30000.0,
            "전세가율":50.0,
            "장기전세가율평균":62.11,
            "전세가율거품지수":12.11,
            "검색코드":10383,
            "세대수":684,
            "준공년월":"2004-07-23",
            "준공년차":19,
            "가까운역이름":"NA",
            "가까운역거리":"NA",
            "역세권여부":"NA",
            "30분이내주요거점역":"NA",
            "1시간이내주요거점역":"NA",
            "3km이내백화점수":2,
            "5km이내아울렛몰수":0,
            "1km이내대형먀트수":0,
            "500m이내은행수":1,
            "500m이내병원수":18,
            "5km이내대형병원수":5,
            "500m이내공원수":1,
            "3km이내혐오시설수":2,
            "초등학교학업성취도":85.32,
            "중학교학업성취도":92.2,
            "용적률":355,
            "건폐율":20,
            "Y":35.170345,
            "X":129.121516,
            "rank":16.0,
            "area_info":"26평(88.05), 34평(113.25), 46평(153.64), 55평(183.47)",
            "last_sales":"2021-10-01,112000.0,55평(183.47)"
        },
        {
            "index":35,
            "아파트명":"광안에일린의뜰",
            "투자타입":"일반",
            "전용면적(m2)":"90.5",
            "전용면적(평)":"27평",
            "법정동주소":"부산시 수영구 광안동 1222-9",
            "도로명주소":"부산시 수영구",
            "세대수":0,
            "입주년차":100,
            "용적률점수":"--",
            "건폐율점수":"--",
            "세대당주차수":30,
            "난방방식":30,
            "공급면적":"--",
            "전용률":"--",
            "욕실수":100,
            "현관타입":100,
            "주거총점":47.5,
            "지역구공급총점":0.0,
            "역세권":"NA",
            "30분내 이동가능 거점":"NA",
            "1시간내 이동가능 거점":"NA",
            "교통총점":"NA",
            "백화점":100,
            "아울렛몰":80,
            "대형마트":0,
            "은행":0,
            "병원":80,
            "종합병원":100,
            "공원":80,
            "혐오시설":0,
            "인프라총점":68.4,
            "초등학군":98.58,
            "중학군":45.5,
            "학군총점":56.116,
            "인구수":19.19,
            "인구증감":-1.01,
            "인구총점":13.13,
            "일자리":6.8,
            "소득수준":52.09,
            "일자리총점":20.387,
            "가치 총점":58.014,
            "매매실거래년":20210513.0,
            "매매실거래가":69000.0,
            "전세실거래년":null,
            "전세실거래가":null,
            "전세가율":null,
            "장기전세가율평균":62.11,
            "전세가율거품지수":null,
            "검색코드":126679,
            "세대수":225,
            "준공년월":"2021-02-01",
            "준공년차":2,
            "가까운역이름":"NA",
            "가까운역거리":"NA",
            "역세권여부":"NA",
            "30분이내주요거점역":"NA",
            "1시간이내주요거점역":"NA",
            "3km이내백화점수":2,
            "5km이내아울렛몰수":1,
            "1km이내대형먀트수":0,
            "500m이내은행수":1,
            "500m이내병원수":30,
            "5km이내대형병원수":7,
            "500m이내공원수":1,
            "3km이내혐오시설수":0,
            "초등학교학업성취도":98.58,
            "중학교학업성취도":73.7,
            "용적률":230,
            "건폐율":0,
            "Y":35.157222,
            "X":129.108599,
            "rank":17.0,
            "area_info":"27평(90.5), 27평(91.2), 30평(100.52), 30평(101.17), 34평(114.04)",
            "last_sales":"2021-05-13,69000.0,27평(90.5)"
        },
        {
            "index":105,
            "아파트명":"협성엠파이어A단지",
            "투자타입":"일반",
            "전용면적(m2)":"106.47",
            "전용면적(평)":"32평",
            "법정동주소":"부산시 수영구 광안동 742-2",
            "도로명주소":"부산시 수영구 장대골로19번길 7",
            "세대수":0,
            "입주년차":40,
            "용적률점수":"--",
            "건폐율점수":"--",
            "세대당주차수":30,
            "난방방식":30,
            "공급면적":"--",
            "전용률":"--",
            "욕실수":100,
            "현관타입":100,
            "주거총점":35.5,
            "지역구공급총점":0.0,
            "역세권":"NA",
            "30분내 이동가능 거점":"NA",
            "1시간내 이동가능 거점":"NA",
            "교통총점":"NA",
            "백화점":100,
            "아울렛몰":80,
            "대형마트":0,
            "은행":100,
            "병원":80,
            "종합병원":100,
            "공원":80,
            "혐오시설":0,
            "인프라총점":78.4,
            "초등학군":98.58,
            "중학군":45.5,
            "학군총점":56.116,
            "인구수":19.19,
            "인구증감":-1.01,
            "인구총점":13.13,
            "일자리":6.8,
            "소득수준":52.09,
            "일자리총점":20.387,
            "가치 총점":57.814,
            "매매실거래년":20211211.0,
            "매매실거래가":77000.0,
            "전세실거래년":20211203.0,
            "전세실거래가":43000.0,
            "전세가율":55.84,
            "장기전세가율평균":62.11,
            "전세가율거품지수":6.27,
            "검색코드":17585,
            "세대수":165,
            "준공년월":"2005-09-29",
            "준공년차":18,
            "가까운역이름":"NA",
            "가까운역거리":"NA",
            "역세권여부":"NA",
            "30분이내주요거점역":"NA",
            "1시간이내주요거점역":"NA",
            "3km이내백화점수":2,
            "5km이내아울렛몰수":1,
            "1km이내대형먀트수":0,
            "500m이내은행수":9,
            "500m이내병원수":45,
            "5km이내대형병원수":5,
            "500m이내공원수":1,
            "3km이내혐오시설수":0,
            "초등학교학업성취도":98.58,
            "중학교학업성취도":73.7,
            "용적률":309,
            "건폐율":23,
            "Y":35.158817,
            "X":129.111721,
            "rank":18.0,
            "area_info":"32평(106.47)",
            "last_sales":"2021-12-11,77000.0,32평(106.47)"
        },
        {
            "index":106,
            "아파트명":"협성엠파이어B단지",
            "투자타입":"일반",
            "전용면적(m2)":"106.36",
            "전용면적(평)":"32평",
            "법정동주소":"부산시 수영구 광안동 745-2",
            "도로명주소":"부산시 수영구 장대골로19번길 31",
            "세대수":0,
            "입주년차":40,
            "용적률점수":"--",
            "건폐율점수":"--",
            "세대당주차수":30,
            "난방방식":30,
            "공급면적":"--",
            "전용률":"--",
            "욕실수":100,
            "현관타입":100,
            "주거총점":35.5,
            "지역구공급총점":0.0,
            "역세권":"NA",
            "30분내 이동가능 거점":"NA",
            "1시간내 이동가능 거점":"NA",
            "교통총점":"NA",
            "백화점":100,
            "아울렛몰":80,
            "대형마트":0,
            "은행":100,
            "병원":80,
            "종합병원":100,
            "공원":80,
            "혐오시설":0,
            "인프라총점":78.4,
            "초등학군":98.58,
            "중학군":45.5,
            "학군총점":56.116,
            "인구수":19.19,
            "인구증감":-1.01,
            "인구총점":13.13,
            "일자리":6.8,
            "소득수준":52.09,
            "일자리총점":20.387,
            "가치 총점":57.814,
            "매매실거래년":20210724.0,
            "매매실거래가":79500.0,
            "전세실거래년":20210828.0,
            "전세실거래가":29800.0,
            "전세가율":37.48,
            "장기전세가율평균":62.11,
            "전세가율거품지수":24.63,
            "검색코드":17586,
            "세대수":143,
            "준공년월":"2005-09-29",
            "준공년차":18,
            "가까운역이름":"NA",
            "가까운역거리":"NA",
            "역세권여부":"NA",
            "30분이내주요거점역":"NA",
            "1시간이내주요거점역":"NA",
            "3km이내백화점수":2,
            "5km이내아울렛몰수":1,
            "1km이내대형먀트수":0,
            "500m이내은행수":8,
            "500m이내병원수":37,
            "5km이내대형병원수":6,
            "500m이내공원수":1,
            "3km이내혐오시설수":0,
            "초등학교학업성취도":98.58,
            "중학교학업성취도":73.7,
            "용적률":301,
            "건폐율":22,
            "Y":35.157674,
            "X":129.111519,
            "rank":18.0,
            "area_info":"32평(106.36), 41평(138.46)",
            "last_sales":"2021-07-24,79500.0,32평(106.36)"
        },
        {
            "index":46,
            "아파트명":"광안예서더불어",
            "투자타입":"일반",
            "전용면적(m2)":"73.45",
            "전용면적(평)":"22평",
            "법정동주소":"부산시 수영구 광안동 774-8",
            "도로명주소":"부산시 수영구 호암로9번길 7",
            "세대수":0,
            "입주년차":80,
            "용적률점수":"--",
            "건폐율점수":"--",
            "세대당주차수":0,
            "난방방식":30,
            "공급면적":"--",
            "전용률":"--",
            "욕실수":50,
            "현관타입":100,
            "주거총점":34.0,
            "지역구공급총점":0.0,
            "역세권":"NA",
            "30분내 이동가능 거점":"NA",
            "1시간내 이동가능 거점":"NA",
            "교통총점":"NA",
            "백화점":100,
            "아울렛몰":80,
            "대형마트":0,
            "은행":100,
            "병원":80,
            "종합병원":100,
            "공원":100,
            "혐오시설":0,
            "인프라총점":79.0,
            "초등학군":98.58,
            "중학군":45.5,
            "학군총점":56.116,
            "인구수":19.19,
            "인구증감":-1.01,
            "인구총점":13.13,
            "일자리":6.8,
            "소득수준":52.09,
            "일자리총점":20.387,
            "가치 총점":57.529,
            "매매실거래년":20211124.0,
            "매매실거래가":29300.0,
            "전세실거래년":20211206.0,
            "전세실거래가":22000.0,
            "전세가율":84.62,
            "장기전세가율평균":62.11,
            "전세가율거품지수":-22.51,
            "검색코드":111482,
            "세대수":112,
            "준공년월":"2015-12-15",
            "준공년차":8,
            "가까운역이름":"NA",
            "가까운역거리":"NA",
            "역세권여부":"NA",
            "30분이내주요거점역":"NA",
            "1시간이내주요거점역":"NA",
            "3km이내백화점수":2,
            "5km이내아울렛몰수":1,
            "1km이내대형먀트수":0,
            "500m이내은행수":8,
            "500m이내병원수":42,
            "5km이내대형병원수":6,
            "500m이내공원수":2,
            "3km이내혐오시설수":0,
            "초등학교학업성취도":98.58,
            "중학교학업성취도":73.7,
            "용적률":692,
            "건폐율":63,
            "Y":35.155982,
            "X":129.112187,
            "rank":19.0,
            "area_info":"22평(73.45), 22평(73.45), 26평(86.93), 26평(86.98), 26평(86.98)",
            "last_sales":"2021-11-24,29300.0,26평(86.98)"
        },
        {
            "index":359,
            "아파트명":"수영강동원로얄듀크",
            "투자타입":"일반",
            "전용면적(m2)":"105.38",
            "전용면적(평)":"31평",
            "법정동주소":"부산시 수영구 수영동 552",
            "도로명주소":"부산시 수영구 수미로14번길 35",
            "세대수":50,
            "입주년차":80,
            "용적률점수":"--",
            "건폐율점수":"--",
            "세대당주차수":30,
            "난방방식":30,
            "공급면적":"--",
            "전용률":"--",
            "욕실수":100,
            "현관타입":100,
            "주거총점":61.0,
            "지역구공급총점":0.0,
            "역세권":"NA",
            "30분내 이동가능 거점":"NA",
            "1시간내 이동가능 거점":"NA",
            "교통총점":"NA",
            "백화점":100,
            "아울렛몰":0,
            "대형마트":0,
            "은행":0,
            "병원":30,
            "종합병원":100,
            "공원":100,
            "혐오시설":-50,
            "인프라총점":55.0,
            "초등학군":85.32,
            "중학군":49.2,
            "학군총점":56.424,
            "인구수":19.19,
            "인구증감":-1.01,
            "인구총점":13.13,
            "일자리":6.8,
            "소득수준":52.09,
            "일자리총점":20.387,
            "가치 총점":57.456,
            "매매실거래년":20211130.0,
            "매매실거래가":66000.0,
            "전세실거래년":20211003.0,
            "전세실거래가":41000.0,
            "전세가율":62.12,
            "장기전세가율평균":62.11,
            "전세가율거품지수":-0.01,
            "검색코드":103803,
            "세대수":423,
            "준공년월":"2014-02-14",
            "준공년차":9,
            "가까운역이름":"NA",
            "가까운역거리":"NA",
            "역세권여부":"NA",
            "30분이내주요거점역":"NA",
            "1시간이내주요거점역":"NA",
            "3km이내백화점수":2,
            "5km이내아울렛몰수":0,
            "1km이내대형먀트수":0,
            "500m이내은행수":1,
            "500m이내병원수":6,
            "5km이내대형병원수":6,
            "500m이내공원수":2,
            "3km이내혐오시설수":1,
            "초등학교학업성취도":85.32,
            "중학교학업성취도":80.4,
            "용적률":263,
            "건폐율":19,
            "Y":35.172632,
            "X":129.11203,
            "rank":20.0,
            "area_info":"31평(105.38), 32평(106.07), 33평(111.26), 33평(111.54)",
            "last_sales":"2021-11-30,66000.0,31평(105.38)"
        },
        {
            "index":286,
            "아파트명":"e편한세상오션테라스4단지",
            "투자타입":"일반",
            "전용면적(m2)":"108.7",
            "전용면적(평)":"32평",
            "법정동주소":"부산시 수영구 민락동 782",
            "도로명주소":"부산시 수영구 광안해변로326번길 31",
            "세대수":30,
            "입주년차":100,
            "용적률점수":"--",
            "건폐율점수":"--",
            "세대당주차수":60,
            "난방방식":30,
            "공급면적":"--",
            "전용률":"--",
            "욕실수":100,
            "현관타입":100,
            "주거총점":62.5,
            "지역구공급총점":0.0,
            "역세권":"NA",
            "30분내 이동가능 거점":"NA",
            "1시간내 이동가능 거점":"NA",
            "교통총점":"NA",
            "백화점":100,
            "아울렛몰":0,
            "대형마트":0,
            "은행":0,
            "병원":0,
            "종합병원":100,
            "공원":80,
            "혐오시설":0,
            "인프라총점":52.4,
            "초등학군":96.1,
            "중학군":48.44,
            "학군총점":57.972,
            "인구수":19.19,
            "인구증감":-1.01,
            "인구총점":13.13,
            "일자리":6.8,
            "소득수준":52.09,
            "일자리총점":20.387,
            "가치 총점":57.328,
            "매매실거래년":20200612.0,
            "매매실거래가":66421.0,
            "전세실거래년":20220108.0,
            "전세실거래가":47000.0,
            "전세가율":70.76,
            "장기전세가율평균":62.11,
            "전세가율거품지수":-8.65,
            "검색코드":117980,
            "세대수":308,
            "준공년월":"2020-01-01",
            "준공년차":3,
            "가까운역이름":"NA",
            "가까운역거리":"NA",
            "역세권여부":"NA",
            "30분이내주요거점역":"NA",
            "1시간이내주요거점역":"NA",
            "3km이내백화점수":2,
            "5km이내아울렛몰수":0,
            "1km이내대형먀트수":0,
            "500m이내은행수":0,
            "500m이내병원수":1,
            "5km이내대형병원수":3,
            "500m이내공원수":1,
            "3km이내혐오시설수":0,
            "초등학교학업성취도":96.1,
            "중학교학업성취도":79.8,
            "용적률":0,
            "건폐율":0,
            "Y":35.155057,
            "X":129.130012,
            "rank":21.0,
            "area_info":"32평(108.7), 33평(109.51), 35평(116.13), 44평(146.15), 62평(205.11), 63평(209.42)",
            "last_sales":"2020-06-12,66421.0,32평(108.7)"
        },
        {
            "index":30,
            "아파트명":"광안삼정그린코아",
            "투자타입":"일반",
            "전용면적(m2)":"65.69",
            "전용면적(평)":"19평",
            "법정동주소":"부산시 수영구 광안동 172-1",
            "도로명주소":"부산시 수영구 수영로540번길 57",
            "세대수":0,
            "입주년차":40,
            "용적률점수":"--",
            "건폐율점수":"--",
            "세대당주차수":60,
            "난방방식":30,
            "공급면적":"--",
            "전용률":"--",
            "욕실수":50,
            "현관타입":100,
            "주거총점":35.0,
            "지역구공급총점":0.0,
            "역세권":"NA",
            "30분내 이동가능 거점":"NA",
            "1시간내 이동가능 거점":"NA",
            "교통총점":"NA",
            "백화점":100,
            "아울렛몰":80,
            "대형마트":0,
            "은행":100,
            "병원":60,
            "종합병원":100,
            "공원":100,
            "혐오시설":0,
            "인프라총점":77.0,
            "초등학군":90.0,
            "중학군":48.44,
            "학군총점":56.752,
            "인구수":19.19,
            "인구증감":-1.01,
            "인구총점":13.13,
            "일자리":6.8,
            "소득수준":52.09,
            "일자리총점":20.387,
            "가치 총점":57.238,
            "매매실거래년":20210619.0,
            "매매실거래가":72000.0,
            "전세실거래년":20191220.0,
            "전세실거래가":15000.0,
            "전세가율":60.0,
            "장기전세가율평균":62.11,
            "전세가율거품지수":2.11,
            "검색코드":14176,
            "세대수":231,
            "준공년월":"2005-03-29",
            "준공년차":18,
            "가까운역이름":"NA",
            "가까운역거리":"NA",
            "역세권여부":"NA",
            "30분이내주요거점역":"NA",
            "1시간이내주요거점역":"NA",
            "3km이내백화점수":2,
            "5km이내아울렛몰수":1,
            "1km이내대형먀트수":0,
            "500m이내은행수":10,
            "500m이내병원수":25,
            "5km이내대형병원수":5,
            "500m이내공원수":2,
            "3km이내혐오시설수":0,
            "초등학교학업성취도":90.0,
            "중학교학업성취도":79.8,
            "용적률":348,
            "건폐율":55,
            "Y":35.15376,
            "X":129.11573,
            "rank":22.0,
            "area_info":"19평(65.69), 40평(133.9), 42평(141.18), 48평(159.2), 48평(159.06)",
            "last_sales":"2021-06-19,72000.0,40평(133.9)"
        },
        {
            "index":89,
            "아파트명":"비치그린",
            "투자타입":"일반",
            "전용면적(m2)":"75.97",
            "전용면적(평)":"22평",
            "법정동주소":"부산시 수영구 광안동 529",
            "도로명주소":"부산시 수영구 광일로 49",
            "세대수":90,
            "입주년차":0,
            "용적률점수":"--",
            "건폐율점수":"--",
            "세대당주차수":0,
            "난방방식":30,
            "공급면적":"--",
            "전용률":"--",
            "욕실수":50,
            "현관타입":100,
            "주거총점":49.5,
            "지역구공급총점":0.0,
            "역세권":"NA",
            "30분내 이동가능 거점":"NA",
            "1시간내 이동가능 거점":"NA",
            "교통총점":"NA",
            "백화점":100,
            "아울렛몰":80,
            "대형마트":0,
            "은행":0,
            "병원":10,
            "종합병원":100,
            "공원":80,
            "혐오시설":0,
            "인프라총점":61.4,
            "초등학군":88.76,
            "중학군":53.76,
            "학군총점":60.76,
            "인구수":19.19,
            "인구증감":-1.01,
            "인구총점":13.13,
            "일자리":6.8,
            "소득수준":52.09,
            "일자리총점":20.387,
            "가치 총점":57.075,
            "매매실거래년":20211211.0,
            "매매실거래가":52500.0,
            "전세실거래년":20211112.0,
            "전세실거래가":17000.0,
            "전세가율":51.2,
            "장기전세가율평균":62.11,
            "전세가율거품지수":10.91,
            "검색코드":7509,
            "세대수":1038,
            "준공년월":"1996-02-24",
            "준공년차":27,
            "가까운역이름":"NA",
            "가까운역거리":"NA",
            "역세권여부":"NA",
            "30분이내주요거점역":"NA",
            "1시간이내주요거점역":"NA",
            "3km이내백화점수":2,
            "5km이내아울렛몰수":1,
            "1km이내대형먀트수":0,
            "500m이내은행수":1,
            "500m이내병원수":4,
            "5km이내대형병원수":6,
            "500m이내공원수":1,
            "3km이내혐오시설수":0,
            "초등학교학업성취도":88.76,
            "중학교학업성취도":88.4,
            "용적률":351,
            "건폐율":30,
            "Y":35.162227,
            "X":129.108464,
            "rank":23.0,
            "area_info":"22평(75.97), 32평(107.93)",
            "last_sales":"2021-12-11,52500.0,32평(107.93)"
        },
        {
            "index":13,
            "아파트명":"광안더샵",
            "투자타입":"일반",
            "전용면적(m2)":"94.38",
            "전용면적(평)":"28평",
            "법정동주소":"부산시 수영구 광안동 1332",
            "도로명주소":"부산시 수영구 수영로 506",
            "세대수":0,
            "입주년차":80,
            "용적률점수":"--",
            "건폐율점수":"--",
            "세대당주차수":30,
            "난방방식":30,
            "공급면적":"--",
            "전용률":"--",
            "욕실수":100,
            "현관타입":100,
            "주거총점":43.5,
            "지역구공급총점":0.0,
            "역세권":"NA",
            "30분내 이동가능 거점":"NA",
            "1시간내 이동가능 거점":"NA",
            "교통총점":"NA",
            "백화점":100,
            "아울렛몰":80,
            "대형마트":0,
            "은행":20,
            "병원":60,
            "종합병원":100,
            "공원":80,
            "혐오시설":0,
            "인프라총점":68.4,
            "초등학군":86.06,
            "중학군":49.42,
            "학군총점":56.748,
            "인구수":19.19,
            "인구증감":-1.01,
            "인구총점":13.13,
            "일자리":6.8,
            "소득수준":52.09,
            "일자리총점":20.387,
            "가치 총점":56.772,
            "매매실거래년":20211226.0,
            "매매실거래가":85000.0,
            "전세실거래년":20211015.0,
            "전세실거래가":43000.0,
            "전세가율":48.86,
            "장기전세가율평균":62.11,
            "전세가율거품지수":13.25,
            "검색코드":110174,
            "세대수":263,
            "준공년월":"2017-11-15",
            "준공년차":6,
            "가까운역이름":"NA",
            "가까운역거리":"NA",
            "역세권여부":"NA",
            "30분이내주요거점역":"NA",
            "1시간이내주요거점역":"NA",
            "3km이내백화점수":2,
            "5km이내아울렛몰수":1,
            "1km이내대형먀트수":0,
            "500m이내은행수":2,
            "500m이내병원수":16,
            "5km이내대형병원수":7,
            "500m이내공원수":1,
            "3km이내혐오시설수":0,
            "초등학교학업성취도":86.06,
            "중학교학업성취도":79.9,
            "용적률":499,
            "건폐율":32,
            "Y":35.150679,
            "X":129.111591,
            "rank":24.0,
            "area_info":"28평(94.38), 33평(111.25), 34평(112.54), 33평(112.2), 34평(112.51), 40평(134.02), 45평(151.39)",
            "last_sales":"2021-12-26,85000.0,33평(111.25)"
        },
        {
            "index":280,
            "아파트명":"e편한세상오션테라스3단지",
            "투자타입":"일반",
            "전용면적(m2)":"108.72",
            "전용면적(평)":"32평",
            "법정동주소":"부산시 수영구 민락동 783",
            "도로명주소":"부산시 수영구 광안해변로326번길 32",
            "세대수":30,
            "입주년차":100,
            "용적률점수":"--",
            "건폐율점수":"--",
            "세대당주차수":60,
            "난방방식":30,
            "공급면적":"--",
            "전용률":"--",
            "욕실수":100,
            "현관타입":100,
            "주거총점":62.5,
            "지역구공급총점":0.0,
            "역세권":"NA",
            "30분내 이동가능 거점":"NA",
            "1시간내 이동가능 거점":"NA",
            "교통총점":"NA",
            "백화점":100,
            "아울렛몰":0,
            "대형마트":0,
            "은행":0,
            "병원":10,
            "종합병원":100,
            "공원":0,
            "혐오시설":0,
            "인프라총점":51.0,
            "초등학군":96.1,
            "중학군":48.44,
            "학군총점":57.972,
            "인구수":19.19,
            "인구증감":-1.01,
            "인구총점":13.13,
            "일자리":6.8,
            "소득수준":52.09,
            "일자리총점":20.387,
            "가치 총점":56.768,
            "매매실거래년":20200226.0,
            "매매실거래가":115646.0,
            "전세실거래년":null,
            "전세실거래가":null,
            "전세가율":null,
            "장기전세가율평균":62.11,
            "전세가율거품지수":null,
            "검색코드":117979,
            "세대수":316,
            "준공년월":"2020-01-01",
            "준공년차":3,
            "가까운역이름":"NA",
            "가까운역거리":"NA",
            "역세권여부":"NA",
            "30분이내주요거점역":"NA",
            "1시간이내주요거점역":"NA",
            "3km이내백화점수":2,
            "5km이내아울렛몰수":0,
            "1km이내대형먀트수":0,
            "500m이내은행수":0,
            "500m이내병원수":2,
            "5km이내대형병원수":3,
            "500m이내공원수":0,
            "3km이내혐오시설수":0,
            "초등학교학업성취도":96.1,
            "중학교학업성취도":79.8,
            "용적률":0,
            "건폐율":0,
            "Y":35.154772,
            "X":129.128777,
            "rank":25.0,
            "area_info":"32평(108.72), 33평(109.53), 35평(116.15), 44평(146.18), 62평(205.14), 63평(209.46)",
            "last_sales":"2020-02-26,115646.0,62평(205.14)"
        },
        {
            "index":108,
            "아파트명":"힐탑더블시티(도시형)",
            "투자타입":"일반",
            "전용면적(m2)":"51.29",
            "전용면적(평)":"15평",
            "법정동주소":"부산시 수영구 광안동 662-1",
            "도로명주소":"부산시 수영구 수영로 641",
            "세대수":0,
            "입주년차":80,
            "용적률점수":"--",
            "건폐율점수":"--",
            "세대당주차수":60,
            "난방방식":30,
            "공급면적":"--",
            "전용률":"--",
            "욕실수":50,
            "현관타입":10,
            "주거총점":34.0,
            "지역구공급총점":0.0,
            "역세권":"NA",
            "30분내 이동가능 거점":"NA",
            "1시간내 이동가능 거점":"NA",
            "교통총점":"NA",
            "백화점":100,
            "아울렛몰":80,
            "대형마트":0,
            "은행":70,
            "병원":80,
            "종합병원":100,
            "공원":80,
            "혐오시설":0,
            "인프라총점":75.4,
            "초등학군":88.76,
            "중학군":45.5,
            "학군총점":54.152,
            "인구수":19.19,
            "인구증감":-1.01,
            "인구총점":13.13,
            "일자리":6.8,
            "소득수준":52.09,
            "일자리총점":20.387,
            "가치 총점":55.598,
            "매매실거래년":20211210.0,
            "매매실거래가":20900.0,
            "전세실거래년":20211114.0,
            "전세실거래가":15000.0,
            "전세가율":95.54,
            "장기전세가율평균":62.11,
            "전세가율거품지수":-33.43,
            "검색코드":107401,
            "세대수":298,
            "준공년월":"2015-06-24",
            "준공년차":8,
            "가까운역이름":"NA",
            "가까운역거리":"NA",
            "역세권여부":"NA",
            "30분이내주요거점역":"NA",
            "1시간이내주요거점역":"NA",
            "3km이내백화점수":2,
            "5km이내아울렛몰수":1,
            "1km이내대형먀트수":0,
            "500m이내은행수":4,
            "500m이내병원수":51,
            "5km이내대형병원수":5,
            "500m이내공원수":1,
            "3km이내혐오시설수":0,
            "초등학교학업성취도":88.76,
            "중학교학업성취도":73.7,
            "용적률":891,
            "건폐율":59,
            "Y":35.16332,
            "X":129.114021,
            "rank":26.0,
            "area_info":"15평(51.29), 16평(53.48), 20평(68.83), 20평(68.89), 20평(68.58), 20평(68.74)",
            "last_sales":"2021-12-10,20900.0,20평(68.58)"
        },
        {
            "index":336,
            "아파트명":"수영만아이파크",
            "투자타입":"일반",
            "전용면적(m2)":"117.78",
            "전용면적(평)":"35평",
            "법정동주소":"부산시 수영구 민락동 336-36",
            "도로명주소":"부산시 수영구 광안해변로 448",
            "세대수":0,
            "입주년차":40,
            "용적률점수":"--",
            "건폐율점수":"--",
            "세대당주차수":60,
            "난방방식":30,
            "공급면적":"--",
            "전용률":"--",
            "욕실수":100,
            "현관타입":100,
            "주거총점":40.0,
            "지역구공급총점":0.0,
            "역세권":"NA",
            "30분내 이동가능 거점":"NA",
            "1시간내 이동가능 거점":"NA",
            "교통총점":"NA",
            "백화점":100,
            "아울렛몰":0,
            "대형마트":80,
            "은행":0,
            "병원":0,
            "종합병원":100,
            "공원":80,
            "혐오시설":-50,
            "인프라총점":63.4,
            "초등학군":96.1,
            "중학군":55.78,
            "학군총점":63.844,
            "인구수":19.19,
            "인구증감":-1.01,
            "인구총점":13.13,
            "일자리":6.8,
            "소득수준":52.09,
            "일자리총점":20.387,
            "가치 총점":55.321,
            "매매실거래년":20210802.0,
            "매매실거래가":85000.0,
            "전세실거래년":20210116.0,
            "전세실거래가":38000.0,
            "전세가율":47.95,
            "장기전세가율평균":62.11,
            "전세가율거품지수":14.16,
            "검색코드":19266,
            "세대수":213,
            "준공년월":"2006-11-20",
            "준공년차":17,
            "가까운역이름":"NA",
            "가까운역거리":"NA",
            "역세권여부":"NA",
            "30분이내주요거점역":"NA",
            "1시간이내주요거점역":"NA",
            "3km이내백화점수":2,
            "5km이내아울렛몰수":0,
            "1km이내대형먀트수":1,
            "500m이내은행수":0,
            "500m이내병원수":1,
            "5km이내대형병원수":6,
            "500m이내공원수":1,
            "3km이내혐오시설수":1,
            "초등학교학업성취도":96.1,
            "중학교학업성취도":88.9,
            "용적률":294,
            "건폐율":56,
            "Y":35.162313,
            "X":129.129331,
            "rank":27.0,
            "area_info":"35평(117.78), 35평(118.13), 56평(187.75), 73평(243.53), 74평(246.81), 75평(250.09), 76평(252.57), 77평(255.75), 78평(258.94), 97평(323.47)",
            "last_sales":"2021-08-02,85000.0,35평(118.13)"
        },
        {
            "index":301,
            "아파트명":"롯데캐슬자이언트",
            "투자타입":"일반",
            "전용면적(m2)":"110.05",
            "전용면적(평)":"33평",
            "법정동주소":"부산시 수영구 민락동 110-8",
            "도로명주소":"부산시 수영구 광안해변로 386",
            "세대수":50,
            "입주년차":20,
            "용적률점수":"--",
            "건폐율점수":"--",
            "세대당주차수":60,
            "난방방식":30,
            "공급면적":"--",
            "전용률":"--",
            "욕실수":100,
            "현관타입":100,
            "주거총점":53.5,
            "지역구공급총점":0.0,
            "역세권":"NA",
            "30분내 이동가능 거점":"NA",
            "1시간내 이동가능 거점":"NA",
            "교통총점":"NA",
            "백화점":100,
            "아울렛몰":0,
            "대형마트":0,
            "은행":0,
            "병원":0,
            "종합병원":100,
            "공원":80,
            "혐오시설":-50,
            "인프라총점":51.4,
            "초등학군":96.1,
            "중학군":55.78,
            "학군총점":63.844,
            "인구수":19.19,
            "인구증감":-1.01,
            "인구총점":13.13,
            "일자리":6.8,
            "소득수준":52.09,
            "일자리총점":20.387,
            "가치 총점":55.246,
            "매매실거래년":20210828.0,
            "매매실거래가":92500.0,
            "전세실거래년":20220104.0,
            "전세실거래가":39000.0,
            "전세가율":49.37,
            "장기전세가율평균":62.11,
            "전세가율거품지수":12.74,
            "검색코드":11792,
            "세대수":591,
            "준공년월":"2003-11-29",
            "준공년차":20,
            "가까운역이름":"NA",
            "가까운역거리":"NA",
            "역세권여부":"NA",
            "30분이내주요거점역":"NA",
            "1시간이내주요거점역":"NA",
            "3km이내백화점수":2,
            "5km이내아울렛몰수":0,
            "1km이내대형먀트수":0,
            "500m이내은행수":0,
            "500m이내병원수":1,
            "5km이내대형병원수":4,
            "500m이내공원수":1,
            "3km이내혐오시설수":1,
            "초등학교학업성취도":96.1,
            "중학교학업성취도":88.9,
            "용적률":503,
            "건폐율":42,
            "Y":35.157721,
            "X":129.133668,
            "rank":28.0,
            "area_info":"33평(110.05), 44평(147.46), 51평(169.15), 60평(198.38)",
            "last_sales":"2021-08-28,92500.0,51평(169.15)"
        },
        {
            "index":26,
            "아파트명":"광안비치올리브씨(도시형)",
            "투자타입":"일반",
            "전용면적(m2)":"69.89",
            "전용면적(평)":"21평",
            "법정동주소":"부산시 수영구 광안동 191-1",
            "도로명주소":"부산시 수영구 광안로62번길 10",
            "세대수":0,
            "입주년차":100,
            "용적률점수":"--",
            "건폐율점수":"--",
            "세대당주차수":30,
            "난방방식":30,
            "공급면적":"--",
            "전용률":"--",
            "욕실수":50,
            "현관타입":100,
            "주거총점":42.5,
            "지역구공급총점":0.0,
            "역세권":"NA",
            "30분내 이동가능 거점":"NA",
            "1시간내 이동가능 거점":"NA",
            "교통총점":"NA",
            "백화점":100,
            "아울렛몰":0,
            "대형마트":0,
            "은행":100,
            "병원":10,
            "종합병원":100,
            "공원":80,
            "혐오시설":0,
            "인프라총점":63.4,
            "초등학군":90.0,
            "중학군":48.44,
            "학군총점":56.752,
            "인구수":19.19,
            "인구증감":-1.01,
            "인구총점":13.13,
            "일자리":6.8,
            "소득수준":52.09,
            "일자리총점":20.387,
            "가치 총점":54.423,
            "매매실거래년":20211008.0,
            "매매실거래가":41000.0,
            "전세실거래년":20210806.0,
            "전세실거래가":30000.0,
            "전세가율":82.1,
            "장기전세가율평균":62.11,
            "전세가율거품지수":-19.99,
            "검색코드":126803,
            "세대수":175,
            "준공년월":"2021-03-19",
            "준공년차":2,
            "가까운역이름":"NA",
            "가까운역거리":"NA",
            "역세권여부":"NA",
            "30분이내주요거점역":"NA",
            "1시간이내주요거점역":"NA",
            "3km이내백화점수":2,
            "5km이내아울렛몰수":0,
            "1km이내대형먀트수":0,
            "500m이내은행수":7,
            "500m이내병원수":3,
            "5km이내대형병원수":5,
            "500m이내공원수":1,
            "3km이내혐오시설수":0,
            "초등학교학업성취도":90.0,
            "중학교학업성취도":79.8,
            "용적률":799,
            "건폐율":67,
            "Y":35.154402,
            "X":129.11829,
            "rank":29.0,
            "area_info":"21평(69.89), 21평(70.32), 21평(71.33), 21평(71.8)",
            "last_sales":"2021-10-08,41000.0,21평(71.33)"
        },
        {
            "index":367,
            "아파트명":"현대",
            "투자타입":"재건축",
            "전용면적(m2)":"69.94",
            "전용면적(평)":"21평",
            "법정동주소":"부산시 수영구 수영동 541",
            "도로명주소":"부산시 수영구 수영로741번길 20",
            "세대수":90,
            "입주년차":"--",
            "용적률점수":0,
            "건폐율점수":0,
            "세대당주차수":"--",
            "난방방식":"--",
            "공급면적":50,
            "전용률":60,
            "욕실수":"--",
            "현관타입":"--",
            "주거총점":32.5,
            "지역구공급총점":0.0,
            "역세권":"NA",
            "30분내 이동가능 거점":"NA",
            "1시간내 이동가능 거점":"NA",
            "교통총점":"NA",
            "백화점":100,
            "아울렛몰":0,
            "대형마트":80,
            "은행":0,
            "병원":30,
            "종합병원":100,
            "공원":100,
            "혐오시설":-50,
            "인프라총점":67.0,
            "초등학군":85.32,
            "중학군":57.76,
            "학군총점":63.272,
            "인구수":19.19,
            "인구증감":-1.01,
            "인구총점":13.13,
            "일자리":6.8,
            "소득수준":52.09,
            "일자리총점":20.387,
            "가치 총점":53.993,
            "매매실거래년":20211109.0,
            "매매실거래가":87200.0,
            "전세실거래년":20211216.0,
            "전세실거래가":16000.0,
            "전세가율":18.35,
            "장기전세가율평균":62.11,
            "전세가율거품지수":43.76,
            "검색코드":7914,
            "세대수":1180,
            "준공년월":"1988-06-21",
            "준공년차":35,
            "가까운역이름":"NA",
            "가까운역거리":"NA",
            "역세권여부":"NA",
            "30분이내주요거점역":"NA",
            "1시간이내주요거점역":"NA",
            "3km이내백화점수":2,
            "5km이내아울렛몰수":0,
            "1km이내대형먀트수":1,
            "500m이내은행수":1,
            "500m이내병원수":6,
            "5km이내대형병원수":5,
            "500m이내공원수":2,
            "3km이내혐오시설수":1,
            "초등학교학업성취도":85.32,
            "중학교학업성취도":92.2,
            "용적률":0,
            "건폐율":0,
            "Y":35.168201,
            "X":129.123331,
            "rank":30.0,
            "area_info":"21평(69.94), 25평(82.89), 25평(84.87), 25평(85.89), 30평(102.47), 43평(145.26)",
            "last_sales":"2021-11-09,87200.0,21평(69.94)"
        },
        {
            "index":61,
            "아파트명":"광안협성엠파이어II",
            "투자타입":"일반",
            "전용면적(m2)":"71.62",
            "전용면적(평)":"21평",
            "법정동주소":"부산시 수영구 광안동 142-6",
            "도로명주소":"부산시 수영구 수영로588번길 7",
            "세대수":0,
            "입주년차":60,
            "용적률점수":"--",
            "건폐율점수":"--",
            "세대당주차수":30,
            "난방방식":30,
            "공급면적":"--",
            "전용률":"--",
            "욕실수":50,
            "현관타입":10,
            "주거총점":25.5,
            "지역구공급총점":0.0,
            "역세권":"NA",
            "30분내 이동가능 거점":"NA",
            "1시간내 이동가능 거점":"NA",
            "교통총점":"NA",
            "백화점":100,
            "아울렛몰":80,
            "대형마트":0,
            "은행":100,
            "병원":80,
            "종합병원":100,
            "공원":80,
            "혐오시설":0,
            "인프라총점":78.4,
            "초등학군":90.0,
            "중학군":45.5,
            "학군총점":54.4,
            "인구수":19.19,
            "인구증감":-1.01,
            "인구총점":13.13,
            "일자리":6.8,
            "소득수준":52.09,
            "일자리총점":20.387,
            "가치 총점":53.885,
            "매매실거래년":20211102.0,
            "매매실거래가":29700.0,
            "전세실거래년":20211005.0,
            "전세실거래가":22000.0,
            "전세가율":74.07,
            "장기전세가율평균":62.11,
            "전세가율거품지수":-11.96,
            "검색코드":104530,
            "세대수":119,
            "준공년월":"2013-02-12",
            "준공년차":10,
            "가까운역이름":"NA",
            "가까운역거리":"NA",
            "역세권여부":"NA",
            "30분이내주요거점역":"NA",
            "1시간이내주요거점역":"NA",
            "3km이내백화점수":2,
            "5km이내아울렛몰수":1,
            "1km이내대형먀트수":0,
            "500m이내은행수":9,
            "500m이내병원수":43,
            "5km이내대형병원수":5,
            "500m이내공원수":1,
            "3km이내혐오시설수":0,
            "초등학교학업성취도":90.0,
            "중학교학업성취도":73.7,
            "용적률":741,
            "건폐율":59,
            "Y":35.158348,
            "X":129.113635,
            "rank":31.0,
            "area_info":"21평(71.62), 25평(85.9)",
            "last_sales":"2021-11-02,29700.0,21평(71.62)"
        },
        {
            "index":269,
            "아파트명":"e편한세상광안비치",
            "투자타입":"일반",
            "전용면적(m2)":"112.51",
            "전용면적(평)":"34평",
            "법정동주소":"부산시 수영구 민락동 773",
            "도로명주소":"부산시 수영구 민락수변로7번길 60",
            "세대수":30,
            "입주년차":80,
            "용적률점수":"--",
            "건폐율점수":"--",
            "세대당주차수":30,
            "난방방식":30,
            "공급면적":"--",
            "전용률":"--",
            "욕실수":100,
            "현관타입":100,
            "주거총점":54.0,
            "지역구공급총점":0.0,
            "역세권":"NA",
            "30분내 이동가능 거점":"NA",
            "1시간내 이동가능 거점":"NA",
            "교통총점":"NA",
            "백화점":100,
            "아울렛몰":0,
            "대형마트":0,
            "은행":0,
            "병원":10,
            "종합병원":100,
            "공원":0,
            "혐오시설":0,
            "인프라총점":51.0,
            "초등학군":96.1,
            "중학군":48.44,
            "학군총점":57.972,
            "인구수":19.19,
            "인구증감":-1.01,
            "인구총점":13.13,
            "일자리":6.8,
            "소득수준":52.09,
            "일자리총점":20.387,
            "가치 총점":53.793,
            "매매실거래년":20210923.0,
            "매매실거래가":75000.0,
            "전세실거래년":20211112.0,
            "전세실거래가":45000.0,
            "전세가율":57.69,
            "장기전세가율평균":62.11,
            "전세가율거품지수":4.42,
            "검색코드":108276,
            "세대수":396,
            "준공년월":"2016-09-29",
            "준공년차":7,
            "가까운역이름":"NA",
            "가까운역거리":"NA",
            "역세권여부":"NA",
            "30분이내주요거점역":"NA",
            "1시간이내주요거점역":"NA",
            "3km이내백화점수":2,
            "5km이내아울렛몰수":0,
            "1km이내대형먀트수":0,
            "500m이내은행수":0,
            "500m이내병원수":3,
            "5km이내대형병원수":4,
            "500m이내공원수":0,
            "3km이내혐오시설수":0,
            "초등학교학업성취도":96.1,
            "중학교학업성취도":79.8,
            "용적률":379,
            "건폐율":27,
            "Y":35.155461,
            "X":129.126998,
            "rank":32.0,
            "area_info":"34평(112.51), 34평(113.76), 34평(113.27), 34평(113.26)",
            "last_sales":"2021-09-23,75000.0,34평(113.27)"
        },
        {
            "index":244,
            "아파트명":"센텀수영강변e-편한세상3차",
            "투자타입":"일반",
            "전용면적(m2)":"108.6",
            "전용면적(평)":"32평",
            "법정동주소":"부산시 수영구 망미동 1136",
            "도로명주소":"부산시 수영구 좌수영로 192",
            "세대수":50,
            "입주년차":40,
            "용적률점수":"--",
            "건폐율점수":"--",
            "세대당주차수":30,
            "난방방식":30,
            "공급면적":"--",
            "전용률":"--",
            "욕실수":100,
            "현관타입":100,
            "주거총점":53.0,
            "지역구공급총점":0.0,
            "역세권":"NA",
            "30분내 이동가능 거점":"NA",
            "1시간내 이동가능 거점":"NA",
            "교통총점":"NA",
            "백화점":100,
            "아울렛몰":0,
            "대형마트":0,
            "은행":0,
            "병원":0,
            "종합병원":100,
            "공원":80,
            "혐오시설":-50,
            "인프라총점":51.4,
            "초등학군":85.32,
            "중학군":50.18,
            "학군총점":57.208,
            "인구수":19.19,
            "인구증감":-1.01,
            "인구총점":13.13,
            "일자리":6.8,
            "소득수준":52.09,
            "일자리총점":20.387,
            "가치 총점":53.412,
            "매매실거래년":20210929.0,
            "매매실거래가":60000.0,
            "전세실거래년":20220106.0,
            "전세실거래가":38000.0,
            "전세가율":71.03,
            "장기전세가율평균":62.11,
            "전세가율거품지수":-8.92,
            "검색코드":11005,
            "세대수":530,
            "준공년월":"2005-07-04",
            "준공년차":18,
            "가까운역이름":"NA",
            "가까운역거리":"NA",
            "역세권여부":"NA",
            "30분이내주요거점역":"NA",
            "1시간이내주요거점역":"NA",
            "3km이내백화점수":2,
            "5km이내아울렛몰수":0,
            "1km이내대형먀트수":0,
            "500m이내은행수":0,
            "500m이내병원수":0,
            "5km이내대형병원수":6,
            "500m이내공원수":1,
            "3km이내혐오시설수":1,
            "초등학교학업성취도":85.32,
            "중학교학업성취도":82.3,
            "용적률":325,
            "건폐율":17,
            "Y":35.181375,
            "X":129.117012,
            "rank":33.0,
            "area_info":"32평(108.6), 33평(109.15)",
            "last_sales":"2021-09-29,60000.0,33평(109.15)"
        },
        {
            "index":273,
            "아파트명":"e편한세상오션테라스1단지",
            "투자타입":"일반",
            "전용면적(m2)":"109.66",
            "전용면적(평)":"33평",
            "법정동주소":"부산시 수영구 민락동 780",
            "도로명주소":"부산시 수영구 광안해변로326번길 10",
            "세대수":0,
            "입주년차":100,
            "용적률점수":"--",
            "건폐율점수":"--",
            "세대당주차수":60,
            "난방방식":30,
            "공급면적":"--",
            "전용률":"--",
            "욕실수":100,
            "현관타입":100,
            "주거총점":52.0,
            "지역구공급총점":0.0,
            "역세권":"NA",
            "30분내 이동가능 거점":"NA",
            "1시간내 이동가능 거점":"NA",
            "교통총점":"NA",
            "백화점":100,
            "아울렛몰":0,
            "대형마트":0,
            "은행":0,
            "병원":10,
            "종합병원":100,
            "공원":0,
            "혐오시설":0,
            "인프라총점":51.0,
            "초등학군":96.1,
            "중학군":48.44,
            "학군총점":57.972,
            "인구수":19.19,
            "인구증감":-1.01,
            "인구총점":13.13,
            "일자리":6.8,
            "소득수준":52.09,
            "일자리총점":20.387,
            "가치 총점":53.093,
            "매매실거래년":20200214.0,
            "매매실거래가":61759.0,
            "전세실거래년":null,
            "전세실거래가":null,
            "전세가율":null,
            "장기전세가율평균":62.11,
            "전세가율거품지수":null,
            "검색코드":117975,
            "세대수":294,
            "준공년월":"2020-01-01",
            "준공년차":3,
            "가까운역이름":"NA",
            "가까운역거리":"NA",
            "역세권여부":"NA",
            "30분이내주요거점역":"NA",
            "1시간이내주요거점역":"NA",
            "3km이내백화점수":2,
            "5km이내아울렛몰수":0,
            "1km이내대형먀트수":0,
            "500m이내은행수":0,
            "500m이내병원수":3,
            "5km이내대형병원수":4,
            "500m이내공원수":0,
            "3km이내혐오시설수":0,
            "초등학교학업성취도":96.1,
            "중학교학업성취도":79.8,
            "용적률":0,
            "건폐율":0,
            "Y":35.155797,
            "X":129.128443,
            "rank":34.0,
            "area_info":"33평(109.66), 33평(110.47), 35평(117.17), 44평(147.21)",
            "last_sales":"2020-02-14,61759.0,35평(117.17)"
        },
        {
            "index":20,
            "아파트명":"광안동일스위트",
            "투자타입":"일반",
            "전용면적(m2)":"33.86",
            "전용면적(평)":"10평",
            "법정동주소":"부산시 수영구 광안동 1069-3",
            "도로명주소":"부산시 수영구 망미번영로38번길 104",
            "세대수":0,
            "입주년차":40,
            "용적률점수":"--",
            "건폐율점수":"--",
            "세대당주차수":30,
            "난방방식":30,
            "공급면적":"--",
            "전용률":"--",
            "욕실수":50,
            "현관타입":100,
            "주거총점":30.5,
            "지역구공급총점":0.0,
            "역세권":"NA",
            "30분내 이동가능 거점":"NA",
            "1시간내 이동가능 거점":"NA",
            "교통총점":"NA",
            "백화점":100,
            "아울렛몰":0,
            "대형마트":0,
            "은행":70,
            "병원":100,
            "종합병원":100,
            "공원":100,
            "혐오시설":0,
            "인프라총점":70.0,
            "초등학군":88.76,
            "중학군":49.2,
            "학군총점":57.112,
            "인구수":19.19,
            "인구증감":-1.01,
            "인구총점":13.13,
            "일자리":6.8,
            "소득수준":52.09,
            "일자리총점":20.387,
            "가치 총점":52.953,
            "매매실거래년":20201109.0,
            "매매실거래가":52000.0,
            "전세실거래년":null,
            "전세실거래가":null,
            "전세가율":null,
            "장기전세가율평균":62.11,
            "전세가율거품지수":null,
            "검색코드":13444,
            "세대수":210,
            "준공년월":"2005-05-30",
            "준공년차":18,
            "가까운역이름":"NA",
            "가까운역거리":"NA",
            "역세권여부":"NA",
            "30분이내주요거점역":"NA",
            "1시간이내주요거점역":"NA",
            "3km이내백화점수":2,
            "5km이내아울렛몰수":0,
            "1km이내대형먀트수":0,
            "500m이내은행수":3,
            "500m이내병원수":67,
            "5km이내대형병원수":5,
            "500m이내공원수":2,
            "3km이내혐오시설수":0,
            "초등학교학업성취도":88.76,
            "중학교학업성취도":80.4,
            "용적률":285,
            "건폐율":32,
            "Y":35.167639,
            "X":129.112917,
            "rank":35.0,
            "area_info":"10평(33.86), 25평(82.71), 25평(85.44), 30평(100.68), 33평(109.47), 40평(135.53)",
            "last_sales":"2020-11-09,52000.0,40평(135.53)"
        },
        {
            "index":241,
            "아파트명":"센텀수영강변e-편한세상1차",
            "투자타입":"일반",
            "전용면적(m2)":"107.2",
            "전용면적(평)":"32평",
            "법정동주소":"부산시 수영구 망미동 1154",
            "도로명주소":"부산시 수영구 좌수영로 176",
            "세대수":50,
            "입주년차":40,
            "용적률점수":"--",
            "건폐율점수":"--",
            "세대당주차수":0,
            "난방방식":30,
            "공급면적":"--",
            "전용률":"--",
            "욕실수":100,
            "현관타입":100,
            "주거총점":48.5,
            "지역구공급총점":0.0,
            "역세권":"NA",
            "30분내 이동가능 거점":"NA",
            "1시간내 이동가능 거점":"NA",
            "교통총점":"NA",
            "백화점":100,
            "아울렛몰":0,
            "대형마트":0,
            "은행":20,
            "병원":0,
            "종합병원":100,
            "공원":80,
            "혐오시설":-50,
            "인프라총점":53.4,
            "초등학군":85.32,
            "중학군":50.18,
            "학군총점":57.208,
            "인구수":19.19,
            "인구증감":-1.01,
            "인구총점":13.13,
            "일자리":6.8,
            "소득수준":52.09,
            "일자리총점":20.387,
            "가치 총점":52.637,
            "매매실거래년":20211221.0,
            "매매실거래가":51500.0,
            "전세실거래년":20211206.0,
            "전세실거래가":27300.0,
            "전세가율":53.01,
            "장기전세가율평균":62.11,
            "전세가율거품지수":9.1,
            "검색코드":9885,
            "세대수":480,
            "준공년월":"2004-06-24",
            "준공년차":19,
            "가까운역이름":"NA",
            "가까운역거리":"NA",
            "역세권여부":"NA",
            "30분이내주요거점역":"NA",
            "1시간이내주요거점역":"NA",
            "3km이내백화점수":2,
            "5km이내아울렛몰수":0,
            "1km이내대형먀트수":0,
            "500m이내은행수":2,
            "500m이내병원수":0,
            "5km이내대형병원수":6,
            "500m이내공원수":1,
            "3km이내혐오시설수":1,
            "초등학교학업성취도":85.32,
            "중학교학업성취도":82.3,
            "용적률":384,
            "건폐율":46,
            "Y":35.179994,
            "X":129.117169,
            "rank":36.0,
            "area_info":"32평(107.2)",
            "last_sales":"2021-12-21,51500.0,32평(107.2)"
        },
        {
            "index":277,
            "아파트명":"e편한세상오션테라스2단지",
            "투자타입":"일반",
            "전용면적(m2)":"108.04",
            "전용면적(평)":"32평",
            "법정동주소":"부산시 수영구 민락동 781",
            "도로명주소":"부산시 수영구 광안해변로326번길 9",
            "세대수":0,
            "입주년차":100,
            "용적률점수":"--",
            "건폐율점수":"--",
            "세대당주차수":30,
            "난방방식":30,
            "공급면적":"--",
            "전용률":"--",
            "욕실수":100,
            "현관타입":100,
            "주거총점":47.5,
            "지역구공급총점":0.0,
            "역세권":"NA",
            "30분내 이동가능 거점":"NA",
            "1시간내 이동가능 거점":"NA",
            "교통총점":"NA",
            "백화점":100,
            "아울렛몰":0,
            "대형마트":0,
            "은행":0,
            "병원":10,
            "종합병원":100,
            "공원":80,
            "혐오시설":0,
            "인프라총점":53.4,
            "초등학군":96.1,
            "중학군":48.44,
            "학군총점":57.972,
            "인구수":19.19,
            "인구증감":-1.01,
            "인구총점":13.13,
            "일자리":6.8,
            "소득수준":52.09,
            "일자리총점":20.387,
            "가치 총점":52.478,
            "매매실거래년":20200123.0,
            "매매실거래가":47763.0,
            "전세실거래년":20200515.0,
            "전세실거래가":34000.0,
            "전세가율":71.18,
            "장기전세가율평균":62.11,
            "전세가율거품지수":-9.07,
            "검색코드":117977,
            "세대수":120,
            "준공년월":"2020-01-01",
            "준공년차":3,
            "가까운역이름":"NA",
            "가까운역거리":"NA",
            "역세권여부":"NA",
            "30분이내주요거점역":"NA",
            "1시간이내주요거점역":"NA",
            "3km이내백화점수":2,
            "5km이내아울렛몰수":0,
            "1km이내대형먀트수":0,
            "500m이내은행수":0,
            "500m이내병원수":3,
            "5km이내대형병원수":3,
            "500m이내공원수":1,
            "3km이내혐오시설수":0,
            "초등학교학업성취도":96.1,
            "중학교학업성취도":79.8,
            "용적률":0,
            "건폐율":0,
            "Y":35.155987,
            "X":129.129372,
            "rank":37.0,
            "area_info":"32평(108.04), 32평(108.86), 43평(145.02)",
            "last_sales":"2020-01-23,47763.0,32평(108.04)"
        },
        {
            "index":265,
            "아파트명":"현대한누리타운",
            "투자타입":"일반",
            "전용면적(m2)":"75.86",
            "전용면적(평)":"22평",
            "법정동주소":"부산시 수영구 망미동 979-72",
            "도로명주소":"부산시 수영구 금련로43번길 32",
            "세대수":50,
            "입주년차":0,
            "용적률점수":"--",
            "건폐율점수":"--",
            "세대당주차수":0,
            "난방방식":30,
            "공급면적":"--",
            "전용률":"--",
            "욕실수":50,
            "현관타입":100,
            "주거총점":35.5,
            "지역구공급총점":0.0,
            "역세권":"NA",
            "30분내 이동가능 거점":"NA",
            "1시간내 이동가능 거점":"NA",
            "교통총점":"NA",
            "백화점":100,
            "아울렛몰":80,
            "대형마트":0,
            "은행":0,
            "병원":30,
            "종합병원":100,
            "공원":100,
            "혐오시설":0,
            "인프라총점":64.0,
            "초등학군":86.95,
            "중학군":50.26,
            "학군총점":57.598,
            "인구수":19.19,
            "인구증감":-1.01,
            "인구총점":13.13,
            "일자리":6.8,
            "소득수준":52.09,
            "일자리총점":20.387,
            "가치 총점":52.4245,
            "매매실거래년":20211103.0,
            "매매실거래가":27000.0,
            "전세실거래년":20210710.0,
            "전세실거래가":15000.0,
            "전세가율":63.83,
            "장기전세가율평균":62.11,
            "전세가율거품지수":-1.72,
            "검색코드":7887,
            "세대수":458,
            "준공년월":"1993-11-22",
            "준공년차":30,
            "가까운역이름":"NA",
            "가까운역거리":"NA",
            "역세권여부":"NA",
            "30분이내주요거점역":"NA",
            "1시간이내주요거점역":"NA",
            "3km이내백화점수":1,
            "5km이내아울렛몰수":1,
            "1km이내대형먀트수":0,
            "500m이내은행수":0,
            "500m이내병원수":6,
            "5km이내대형병원수":10,
            "500m이내공원수":2,
            "3km이내혐오시설수":0,
            "초등학교학업성취도":86.95,
            "중학교학업성취도":82.5,
            "용적률":212,
            "건폐율":17,
            "Y":35.170004,
            "X":129.097734,
            "rank":38.0,
            "area_info":"22평(75.86), 27평(91.52), 31평(103.55), 31평(104.11)",
            "last_sales":"2021-11-03,27000.0,31평(104.11)"
        },
        {
            "index":211,
            "아파트명":"망미로얄베스토피아",
            "투자타입":"일반",
            "전용면적(m2)":"97.12",
            "전용면적(평)":"29평",
            "법정동주소":"부산시 수영구 망미동 941-1",
            "도로명주소":"부산시 수영구 과정로85번길 70",
            "세대수":50,
            "입주년차":0,
            "용적률점수":"--",
            "건폐율점수":"--",
            "세대당주차수":0,
            "난방방식":30,
            "공급면적":"--",
            "전용률":"--",
            "욕실수":50,
            "현관타입":100,
            "주거총점":35.5,
            "지역구공급총점":0.0,
            "역세권":"NA",
            "30분내 이동가능 거점":"NA",
            "1시간내 이동가능 거점":"NA",
            "교통총점":"NA",
            "백화점":100,
            "아울렛몰":80,
            "대형마트":0,
            "은행":0,
            "병원":30,
            "종합병원":100,
            "공원":80,
            "혐오시설":-50,
            "인프라총점":62.4,
            "초등학군":89.62,
            "중학군":51.88,
            "학군총점":59.428,
            "인구수":19.19,
            "인구증감":-1.01,
            "인구총점":13.13,
            "일자리":6.8,
            "소득수준":52.09,
            "일자리총점":20.387,
            "가치 총점":52.242,
            "매매실거래년":20211118.0,
            "매매실거래가":37800.0,
            "전세실거래년":20210913.0,
            "전세실거래가":16000.0,
            "전세가율":82.05,
            "장기전세가율평균":62.11,
            "전세가율거품지수":-19.94,
            "검색코드":7878,
            "세대수":490,
            "준공년월":"1993-06-04",
            "준공년차":30,
            "가까운역이름":"NA",
            "가까운역거리":"NA",
            "역세권여부":"NA",
            "30분이내주요거점역":"NA",
            "1시간이내주요거점역":"NA",
            "3km이내백화점수":2,
            "5km이내아울렛몰수":1,
            "1km이내대형먀트수":0,
            "500m이내은행수":1,
            "500m이내병원수":8,
            "5km이내대형병원수":7,
            "500m이내공원수":1,
            "3km이내혐오시설수":1,
            "초등학교학업성취도":89.62,
            "중학교학업성취도":84.0,
            "용적률":212,
            "건폐율":21,
            "Y":35.179171,
            "X":129.102754,
            "rank":39.0,
            "area_info":"29평(97.12), 31평(104.18), 31평(104.31), 31평(104.49), 32평(107.76), 42평(139.94), 49평(163.95), 60평(200.32)",
            "last_sales":"2021-11-18,37800.0,60평(200.32)"
        },
        {
            "index":63,
            "아파트명":"광원",
            "투자타입":"일반",
            "전용면적(m2)":"75.85",
            "전용면적(평)":"22평",
            "법정동주소":"부산시 수영구 광안동 526-1",
            "도로명주소":"부산시 수영구 광일로 63",
            "세대수":50,
            "입주년차":0,
            "용적률점수":"--",
            "건폐율점수":"--",
            "세대당주차수":0,
            "난방방식":30,
            "공급면적":"--",
            "전용률":"--",
            "욕실수":50,
            "현관타입":100,
            "주거총점":35.5,
            "지역구공급총점":0.0,
            "역세권":"NA",
            "30분내 이동가능 거점":"NA",
            "1시간내 이동가능 거점":"NA",
            "교통총점":"NA",
            "백화점":100,
            "아울렛몰":80,
            "대형마트":0,
            "은행":0,
            "병원":10,
            "종합병원":100,
            "공원":80,
            "혐오시설":0,
            "인프라총점":61.4,
            "초등학군":88.76,
            "중학군":53.76,
            "학군총점":60.76,
            "인구수":19.19,
            "인구증감":-1.01,
            "인구총점":13.13,
            "일자리":6.8,
            "소득수준":52.09,
            "일자리총점":20.387,
            "가치 총점":52.175,
            "매매실거래년":20211014.0,
            "매매실거래가":31700.0,
            "전세실거래년":20211023.0,
            "전세실거래가":17850.0,
            "전세가율":56.31,
            "장기전세가율평균":62.11,
            "전세가율거품지수":5.8,
            "검색코드":7363,
            "세대수":589,
            "준공년월":"1995-11-28",
            "준공년차":28,
            "가까운역이름":"NA",
            "가까운역거리":"NA",
            "역세권여부":"NA",
            "30분이내주요거점역":"NA",
            "1시간이내주요거점역":"NA",
            "3km이내백화점수":2,
            "5km이내아울렛몰수":1,
            "1km이내대형먀트수":0,
            "500m이내은행수":1,
            "500m이내병원수":2,
            "5km이내대형병원수":7,
            "500m이내공원수":1,
            "3km이내혐오시설수":0,
            "초등학교학업성취도":88.76,
            "중학교학업성취도":88.4,
            "용적률":381,
            "건폐율":21,
            "Y":35.162402,
            "X":129.107083,
            "rank":40.0,
            "area_info":"22평(75.85), 30평(100.56), 44평(147.78)",
            "last_sales":"2021-10-14,31700.0,22평(75.85)"
        },
        {
            "index":129,
            "아파트명":"남천엑슬루타워",
            "투자타입":"일반",
            "전용면적(m2)":"166.43",
            "전용면적(평)":"50평",
            "법정동주소":"부산시 수영구 남천동 323",
            "도로명주소":"부산시 수영구 황령대로473번길 15",
            "세대수":0,
            "입주년차":60,
            "용적률점수":"--",
            "건폐율점수":"--",
            "세대당주차수":100,
            "난방방식":30,
            "공급면적":"--",
            "전용률":"--",
            "욕실수":100,
            "현관타입":100,
            "주거총점":50.0,
            "지역구공급총점":0.0,
            "역세권":"NA",
            "30분내 이동가능 거점":"NA",
            "1시간내 이동가능 거점":"NA",
            "교통총점":"NA",
            "백화점":0,
            "아울렛몰":80,
            "대형마트":80,
            "은행":0,
            "병원":80,
            "종합병원":100,
            "공원":0,
            "혐오시설":0,
            "인프라총점":48.0,
            "초등학군":86.06,
            "중학군":54.84,
            "학군총점":61.084,
            "인구수":19.19,
            "인구증감":-1.01,
            "인구총점":13.13,
            "일자리":6.8,
            "소득수준":52.09,
            "일자리총점":20.387,
            "가치 총점":51.971,
            "매매실거래년":20201210.0,
            "매매실거래가":150000.0,
            "전세실거래년":20201103.0,
            "전세실거래가":45000.0,
            "전세가율":58.82,
            "장기전세가율평균":62.11,
            "전세가율거품지수":3.29,
            "검색코드":26668,
            "세대수":299,
            "준공년월":"2012-05-08",
            "준공년차":11,
            "가까운역이름":"NA",
            "가까운역거리":"NA",
            "역세권여부":"NA",
            "30분이내주요거점역":"NA",
            "1시간이내주요거점역":"NA",
            "3km이내백화점수":0,
            "5km이내아울렛몰수":1,
            "1km이내대형먀트수":1,
            "500m이내은행수":1,
            "500m이내병원수":43,
            "5km이내대형병원수":7,
            "500m이내공원수":0,
            "3km이내혐오시설수":0,
            "초등학교학업성취도":86.06,
            "중학교학업성취도":88.0,
            "용적률":918,
            "건폐율":59,
            "Y":35.140071,
            "X":129.106484,
            "rank":41.0,
            "area_info":"50평(166.43), 51평(169.04), 56평(185.41), 94평(311.41), 94평(312.14), 98평(326.81)",
            "last_sales":"2020-12-10,150000.0,94평(311.41)"
        },
        {
            "index":305,
            "아파트명":"민락센텀메르빌",
            "투자타입":"일반",
            "전용면적(m2)":"91.04",
            "전용면적(평)":"27평",
            "법정동주소":"부산시 수영구 민락동 336-48",
            "도로명주소":"부산시 수영구 광안해변로 446",
            "세대수":0,
            "입주년차":80,
            "용적률점수":"--",
            "건폐율점수":"--",
            "세대당주차수":30,
            "난방방식":30,
            "공급면적":"--",
            "전용률":"--",
            "욕실수":100,
            "현관타입":100,
            "주거총점":43.5,
            "지역구공급총점":0.0,
            "역세권":"NA",
            "30분내 이동가능 거점":"NA",
            "1시간내 이동가능 거점":"NA",
            "교통총점":"NA",
            "백화점":100,
            "아울렛몰":0,
            "대형마트":0,
            "은행":0,
            "병원":0,
            "종합병원":100,
            "공원":80,
            "혐오시설":-50,
            "인프라총점":51.4,
            "초등학군":96.1,
            "중학군":55.78,
            "학군총점":63.844,
            "인구수":19.19,
            "인구증감":-1.01,
            "인구총점":13.13,
            "일자리":6.8,
            "소득수준":52.09,
            "일자리총점":20.387,
            "가치 총점":51.746,
            "매매실거래년":20211214.0,
            "매매실거래가":69000.0,
            "전세실거래년":20211218.0,
            "전세실거래가":38000.0,
            "전세가율":63.33,
            "장기전세가율평균":62.11,
            "전세가율거품지수":-1.22,
            "검색코드":107269,
            "세대수":157,
            "준공년월":"2014-11-05",
            "준공년차":9,
            "가까운역이름":"NA",
            "가까운역거리":"NA",
            "역세권여부":"NA",
            "30분이내주요거점역":"NA",
            "1시간이내주요거점역":"NA",
            "3km이내백화점수":2,
            "5km이내아울렛몰수":0,
            "1km이내대형먀트수":0,
            "500m이내은행수":0,
            "500m이내병원수":1,
            "5km이내대형병원수":5,
            "500m이내공원수":1,
            "3km이내혐오시설수":1,
            "초등학교학업성취도":96.1,
            "중학교학업성취도":88.9,
            "용적률":239,
            "건폐율":57,
            "Y":35.16126,
            "X":129.130139,
            "rank":42.0,
            "area_info":"27평(91.04), 27평(91.85), 30평(102.47)",
            "last_sales":"2021-12-14,69000.0,27평(91.85)"
        },
        {
            "index":119,
            "아파트명":"남천동원로얄듀크",
            "투자타입":"일반",
            "전용면적(m2)":"81.91",
            "전용면적(평)":"24평",
            "법정동주소":"부산시 수영구 남천동 490",
            "도로명주소":"부산시 수영구 황령대로 431",
            "세대수":50,
            "입주년차":20,
            "용적률점수":"--",
            "건폐율점수":"--",
            "세대당주차수":60,
            "난방방식":30,
            "공급면적":"--",
            "전용률":"--",
            "욕실수":50,
            "현관타입":100,
            "주거총점":48.5,
            "지역구공급총점":0.0,
            "역세권":"NA",
            "30분내 이동가능 거점":"NA",
            "1시간내 이동가능 거점":"NA",
            "교통총점":"NA",
            "백화점":0,
            "아울렛몰":80,
            "대형마트":80,
            "은행":0,
            "병원":80,
            "종합병원":100,
            "공원":0,
            "혐오시설":0,
            "인프라총점":48.0,
            "초등학군":86.06,
            "중학군":54.84,
            "학군총점":61.084,
            "인구수":19.19,
            "인구증감":-1.01,
            "인구총점":13.13,
            "일자리":6.8,
            "소득수준":52.09,
            "일자리총점":20.387,
            "가치 총점":51.446,
            "매매실거래년":20211128.0,
            "매매실거래가":57000.0,
            "전세실거래년":20211211.0,
            "전세실거래가":29000.0,
            "전세가율":50.88,
            "장기전세가율평균":62.11,
            "전세가율거품지수":11.23,
            "검색코드":7650,
            "세대수":422,
            "준공년월":"2000-05-04",
            "준공년차":23,
            "가까운역이름":"NA",
            "가까운역거리":"NA",
            "역세권여부":"NA",
            "30분이내주요거점역":"NA",
            "1시간이내주요거점역":"NA",
            "3km이내백화점수":0,
            "5km이내아울렛몰수":1,
            "1km이내대형먀트수":1,
            "500m이내은행수":0,
            "500m이내병원수":33,
            "5km이내대형병원수":7,
            "500m이내공원수":0,
            "3km이내혐오시설수":0,
            "초등학교학업성취도":86.06,
            "중학교학업성취도":88.0,
            "용적률":250,
            "건폐율":29,
            "Y":35.142623,
            "X":129.103369,
            "rank":43.0,
            "area_info":"24평(81.91), 31평(103.75), 41평(135.64), 52평(172.28), 65평(215.91)",
            "last_sales":"2021-11-28,57000.0,24평(81.91)"
        },
        {
            "index":242,
            "아파트명":"센텀수영강변e-편한세상2차",
            "투자타입":"일반",
            "전용면적(m2)":"79.45",
            "전용면적(평)":"24평",
            "법정동주소":"부산시 수영구 망미동 1128",
            "도로명주소":"부산시 수영구 좌수영로 204",
            "세대수":50,
            "입주년차":40,
            "용적률점수":"--",
            "건폐율점수":"--",
            "세대당주차수":0,
            "난방방식":30,
            "공급면적":"--",
            "전용률":"--",
            "욕실수":100,
            "현관타입":100,
            "주거총점":48.5,
            "지역구공급총점":0.0,
            "역세권":"NA",
            "30분내 이동가능 거점":"NA",
            "1시간내 이동가능 거점":"NA",
            "교통총점":"NA",
            "백화점":100,
            "아울렛몰":0,
            "대형마트":0,
            "은행":0,
            "병원":0,
            "종합병원":100,
            "공원":80,
            "혐오시설":-100,
            "인프라총점":50.4,
            "초등학군":85.32,
            "중학군":50.18,
            "학군총점":57.208,
            "인구수":19.19,
            "인구증감":-1.01,
            "인구총점":13.13,
            "일자리":6.8,
            "소득수준":52.09,
            "일자리총점":20.387,
            "가치 총점":51.437,
            "매매실거래년":20211127.0,
            "매매실거래가":39000.0,
            "전세실거래년":20211201.0,
            "전세실거래가":30000.0,
            "전세가율":76.92,
            "장기전세가율평균":62.11,
            "전세가율거품지수":-14.81,
            "검색코드":9884,
            "세대수":486,
            "준공년월":"2004-08-25",
            "준공년차":19,
            "가까운역이름":"NA",
            "가까운역거리":"NA",
            "역세권여부":"NA",
            "30분이내주요거점역":"NA",
            "1시간이내주요거점역":"NA",
            "3km이내백화점수":2,
            "5km이내아울렛몰수":0,
            "1km이내대형먀트수":0,
            "500m이내은행수":0,
            "500m이내병원수":0,
            "5km이내대형병원수":7,
            "500m이내공원수":1,
            "3km이내혐오시설수":3,
            "초등학교학업성취도":85.32,
            "중학교학업성취도":82.3,
            "용적률":312,
            "건폐율":18,
            "Y":35.182817,
            "X":129.115967,
            "rank":44.0,
            "area_info":"24평(79.45), 32평(107.27)",
            "last_sales":"2021-11-27,39000.0,24평(79.45)"
        },
        {
            "index":296,
            "아파트명":"광안현대하이페리온",
            "투자타입":"일반",
            "전용면적(m2)":"152.71",
            "전용면적(평)":"46평",
            "법정동주소":"부산시 수영구 민락동 266",
            "도로명주소":"부산시 수영구 광남로223번길 31",
            "세대수":0,
            "입주년차":40,
            "용적률점수":"--",
            "건폐율점수":"--",
            "세대당주차수":80,
            "난방방식":30,
            "공급면적":"--",
            "전용률":"--",
            "욕실수":100,
            "현관타입":100,
            "주거총점":43.0,
            "지역구공급총점":0.0,
            "역세권":"NA",
            "30분내 이동가능 거점":"NA",
            "1시간내 이동가능 거점":"NA",
            "교통총점":"NA",
            "백화점":100,
            "아울렛몰":0,
            "대형마트":0,
            "은행":0,
            "병원":30,
            "종합병원":100,
            "공원":80,
            "혐오시설":-50,
            "인프라총점":54.4,
            "초등학군":81.52,
            "중학군":48.44,
            "학군총점":55.056,
            "인구수":19.19,
            "인구증감":-1.01,
            "인구총점":13.13,
            "일자리":6.8,
            "소득수준":52.09,
            "일자리총점":20.387,
            "가치 총점":50.574,
            "매매실거래년":20201103.0,
            "매매실거래가":76000.0,
            "전세실거래년":20140701.0,
            "전세실거래가":18000.0,
            "전세가율":33.03,
            "장기전세가율평균":62.11,
            "전세가율거품지수":29.08,
            "검색코드":24101,
            "세대수":265,
            "준공년월":"2007-01-29",
            "준공년차":16,
            "가까운역이름":"NA",
            "가까운역거리":"NA",
            "역세권여부":"NA",
            "30분이내주요거점역":"NA",
            "1시간이내주요거점역":"NA",
            "3km이내백화점수":2,
            "5km이내아울렛몰수":0,
            "1km이내대형먀트수":0,
            "500m이내은행수":1,
            "500m이내병원수":9,
            "5km이내대형병원수":5,
            "500m이내공원수":1,
            "3km이내혐오시설수":1,
            "초등학교학업성취도":81.52,
            "중학교학업성취도":79.8,
            "용적률":240,
            "건폐율":44,
            "Y":35.161168,
            "X":129.122619,
            "rank":45.0,
            "area_info":"46평(152.71), 49평(162.84), 55평(184.36), 62평(205.3), 62평(207.75)",
            "last_sales":"2020-11-03,76000.0,62평(207.75)"
        },
        {
            "index":233,
            "아파트명":"삼성",
            "투자타입":"재건축",
            "전용면적(m2)":"95.64",
            "전용면적(평)":"28평",
            "법정동주소":"부산시 수영구 망미동 777",
            "도로명주소":"부산시 수영구 망미로30번길 23",
            "세대수":50,
            "입주년차":"--",
            "용적률점수":0,
            "건폐율점수":0,
            "세대당주차수":"--",
            "난방방식":"--",
            "공급면적":70,
            "전용률":80,
            "욕실수":"--",
            "현관타입":"--",
            "주거총점":22.5,
            "지역구공급총점":0.0,
            "역세권":"NA",
            "30분내 이동가능 거점":"NA",
            "1시간내 이동가능 거점":"NA",
            "교통총점":"NA",
            "백화점":100,
            "아울렛몰":80,
            "대형마트":0,
            "은행":0,
            "병원":30,
            "종합병원":100,
            "공원":100,
            "혐오시설":0,
            "인프라총점":64.0,
            "초등학군":86.95,
            "중학군":49.2,
            "학군총점":56.75,
            "인구수":19.19,
            "인구증감":-1.01,
            "인구총점":13.13,
            "일자리":6.8,
            "소득수준":52.09,
            "일자리총점":20.387,
            "가치 총점":47.6625,
            "매매실거래년":20210615.0,
            "매매실거래가":66300.0,
            "전세실거래년":20211115.0,
            "전세실거래가":26000.0,
            "전세가율":61.18,
            "장기전세가율평균":62.11,
            "전세가율거품지수":0.93,
            "검색코드":7881,
            "세대수":672,
            "준공년월":"1991-11-28",
            "준공년차":32,
            "가까운역이름":"NA",
            "가까운역거리":"NA",
            "역세권여부":"NA",
            "30분이내주요거점역":"NA",
            "1시간이내주요거점역":"NA",
            "3km이내백화점수":2,
            "5km이내아울렛몰수":1,
            "1km이내대형먀트수":0,
            "500m이내은행수":0,
            "500m이내병원수":6,
            "5km이내대형병원수":9,
            "500m이내공원수":3,
            "3km이내혐오시설수":0,
            "초등학교학업성취도":86.95,
            "중학교학업성취도":80.4,
            "용적률":0,
            "건폐율":0,
            "Y":35.169535,
            "X":129.101746,
            "rank":46.0,
            "area_info":"28평(95.64), 28평(95.52), 28평(95.28), 28평(95.61), 38평(126.68), 44평(145.55), 51평(170.63), 53평(175.47)",
            "last_sales":"2021-06-15,66300.0,51평(170.63)"
        },
        {
            "index":292,
            "아파트명":"광안KCC스위첸하버뷰(도시형)",
            "투자타입":"일반",
            "전용면적(m2)":"38.5",
            "전용면적(평)":"11평",
            "법정동주소":"부산시 수영구 민락동 181-79",
            "도로명주소":"부산시 수영구 민락수변로 49",
            "세대수":0,
            "입주년차":100,
            "용적률점수":"--",
            "건폐율점수":"--",
            "세대당주차수":30,
            "난방방식":30,
            "공급면적":"--",
            "전용률":"--",
            "욕실수":50,
            "현관타입":10,
            "주거총점":33.5,
            "지역구공급총점":0.0,
            "역세권":"NA",
            "30분내 이동가능 거점":"NA",
            "1시간내 이동가능 거점":"NA",
            "교통총점":"NA",
            "백화점":100,
            "아울렛몰":0,
            "대형마트":0,
            "은행":20,
            "병원":10,
            "종합병원":100,
            "공원":0,
            "혐오시설":0,
            "인프라총점":53.0,
            "초등학군":96.1,
            "중학군":48.44,
            "학군총점":57.972,
            "인구수":19.19,
            "인구증감":-1.01,
            "인구총점":13.13,
            "일자리":6.8,
            "소득수준":52.09,
            "일자리총점":20.387,
            "가치 총점":47.418,
            "매매실거래년":"18000101",
            "매매실거래가":null,
            "전세실거래년":null,
            "전세실거래가":null,
            "전세가율":null,
            "장기전세가율평균":62.11,
            "전세가율거품지수":null,
            "검색코드":135888,
            "세대수":294,
            "준공년월":"2021-11-30",
            "준공년차":2,
            "가까운역이름":"NA",
            "가까운역거리":"NA",
            "역세권여부":"NA",
            "30분이내주요거점역":"NA",
            "1시간이내주요거점역":"NA",
            "3km이내백화점수":2,
            "5km이내아울렛몰수":0,
            "1km이내대형먀트수":0,
            "500m이내은행수":2,
            "500m이내병원수":2,
            "5km이내대형병원수":4,
            "500m이내공원수":0,
            "3km이내혐오시설수":0,
            "초등학교학업성취도":96.1,
            "중학교학업성취도":79.8,
            "용적률":449,
            "건폐율":59,
            "Y":35.153528,
            "X":129.126208,
            "rank":47.0,
            "area_info":"11평(38.5), 12평(41.27), 19평(64.69), 20평(66.17)",
            "last_sales":"1800-01-01,nan,11평(38.5)"
        },
        {
            "index":73,
            "아파트명":"롯데골드로즈",
            "투자타입":"일반",
            "전용면적(m2)":"43.45",
            "전용면적(평)":"13평",
            "법정동주소":"부산시 수영구 광안동 99-5",
            "도로명주소":"부산시 수영구 수영로 648",
            "세대수":0,
            "입주년차":40,
            "용적률점수":"--",
            "건폐율점수":"--",
            "세대당주차수":0,
            "난방방식":30,
            "공급면적":"--",
            "전용률":"--",
            "욕실수":50,
            "현관타입":10,
            "주거총점":17.0,
            "지역구공급총점":0.0,
            "역세권":"NA",
            "30분내 이동가능 거점":"NA",
            "1시간내 이동가능 거점":"NA",
            "교통총점":"NA",
            "백화점":100,
            "아울렛몰":0,
            "대형마트":0,
            "은행":70,
            "병원":80,
            "종합병원":100,
            "공원":80,
            "혐오시설":0,
            "인프라총점":67.4,
            "초등학군":88.76,
            "중학군":48.44,
            "학군총점":56.504,
            "인구수":19.19,
            "인구증감":-1.01,
            "인구총점":13.13,
            "일자리":6.8,
            "소득수준":52.09,
            "일자리총점":20.387,
            "가치 총점":47.036,
            "매매실거래년":20211223.0,
            "매매실거래가":14900.0,
            "전세실거래년":20220103.0,
            "전세실거래가":10000.0,
            "전세가율":103.09,
            "장기전세가율평균":62.11,
            "전세가율거품지수":-40.98,
            "검색코드":15273,
            "세대수":299,
            "준공년월":"2006-06-20",
            "준공년차":17,
            "가까운역이름":"NA",
            "가까운역거리":"NA",
            "역세권여부":"NA",
            "30분이내주요거점역":"NA",
            "1시간이내주요거점역":"NA",
            "3km이내백화점수":2,
            "5km이내아울렛몰수":0,
            "1km이내대형먀트수":0,
            "500m이내은행수":4,
            "500m이내병원수":59,
            "5km이내대형병원수":5,
            "500m이내공원수":1,
            "3km이내혐오시설수":0,
            "초등학교학업성취도":88.76,
            "중학교학업성취도":79.8,
            "용적률":0,
            "건폐율":79,
            "Y":35.163394,
            "X":129.114788,
            "rank":48.0,
            "area_info":"13평(43.45), 16평(53.51), 16평(54.69), 26평(86.91)",
            "last_sales":"2021-12-23,14900.0,16평(54.69)"
        },
        {
            "index":101,
            "아파트명":"태평양하이츠",
            "투자타입":"일반",
            "전용면적(m2)":"77.47",
            "전용면적(평)":"23평",
            "법정동주소":"부산시 수영구 광안동 182-4",
            "도로명주소":"부산시 수영구 남천바다로21번길 51",
            "세대수":0,
            "입주년차":0,
            "용적률점수":"--",
            "건폐율점수":"--",
            "세대당주차수":0,
            "난방방식":30,
            "공급면적":"--",
            "전용률":"--",
            "욕실수":50,
            "현관타입":10,
            "주거총점":9.0,
            "지역구공급총점":0.0,
            "역세권":"NA",
            "30분내 이동가능 거점":"NA",
            "1시간내 이동가능 거점":"NA",
            "교통총점":"NA",
            "백화점":100,
            "아울렛몰":80,
            "대형마트":0,
            "은행":70,
            "병원":60,
            "종합병원":100,
            "공원":100,
            "혐오시설":0,
            "인프라총점":74.0,
            "초등학군":90.0,
            "중학군":48.44,
            "학군총점":56.752,
            "인구수":19.19,
            "인구증감":-1.01,
            "인구총점":13.13,
            "일자리":6.8,
            "소득수준":52.09,
            "일자리총점":20.387,
            "가치 총점":46.938,
            "매매실거래년":20210924.0,
            "매매실거래가":40000.0,
            "전세실거래년":20211205.0,
            "전세실거래가":26000.0,
            "전세가율":65.0,
            "장기전세가율평균":62.11,
            "전세가율거품지수":-2.89,
            "검색코드":7544,
            "세대수":198,
            "준공년월":"1997-03-04",
            "준공년차":26,
            "가까운역이름":"NA",
            "가까운역거리":"NA",
            "역세권여부":"NA",
            "30분이내주요거점역":"NA",
            "1시간이내주요거점역":"NA",
            "3km이내백화점수":2,
            "5km이내아울렛몰수":1,
            "1km이내대형먀트수":0,
            "500m이내은행수":3,
            "500m이내병원수":11,
            "5km이내대형병원수":5,
            "500m이내공원수":2,
            "3km이내혐오시설수":0,
            "초등학교학업성취도":90.0,
            "중학교학업성취도":79.8,
            "용적률":304,
            "건폐율":37,
            "Y":35.15142,
            "X":129.11394,
            "rank":49.0,
            "area_info":"23평(77.47), 27평(89.48), 30평(99.76), 38평(125.72)",
            "last_sales":"2021-09-24,40000.0,23평(77.47)"
        },
        {
            "index":346,
            "아파트명":"진로비치1단지",
            "투자타입":"일반",
            "전용면적(m2)":"76.65",
            "전용면적(평)":"23평",
            "법정동주소":"부산시 수영구 민락동 113-23",
            "도로명주소":"부산시 수영구 광안해변로294번길 7",
            "세대수":30,
            "입주년차":0,
            "용적률점수":"--",
            "건폐율점수":"--",
            "세대당주차수":30,
            "난방방식":30,
            "공급면적":"--",
            "전용률":"--",
            "욕실수":50,
            "현관타입":100,
            "주거총점":33.0,
            "지역구공급총점":0.0,
            "역세권":"NA",
            "30분내 이동가능 거점":"NA",
            "1시간내 이동가능 거점":"NA",
            "교통총점":"NA",
            "백화점":100,
            "아울렛몰":0,
            "대형마트":0,
            "은행":0,
            "병원":30,
            "종합병원":100,
            "공원":0,
            "혐오시설":-50,
            "인프라총점":52.0,
            "초등학군":96.1,
            "중학군":48.44,
            "학군총점":57.972,
            "인구수":19.19,
            "인구증감":-1.01,
            "인구총점":13.13,
            "일자리":6.8,
            "소득수준":52.09,
            "일자리총점":20.387,
            "가치 총점":46.843,
            "매매실거래년":20211213.0,
            "매매실거래가":41500.0,
            "전세실거래년":20211228.0,
            "전세실거래가":18500.0,
            "전세가율":44.58,
            "장기전세가율평균":62.11,
            "전세가율거품지수":17.53,
            "검색코드":7888,
            "세대수":352,
            "준공년월":"1997-05-24",
            "준공년차":26,
            "가까운역이름":"NA",
            "가까운역거리":"NA",
            "역세권여부":"NA",
            "30분이내주요거점역":"NA",
            "1시간이내주요거점역":"NA",
            "3km이내백화점수":2,
            "5km이내아울렛몰수":0,
            "1km이내대형먀트수":0,
            "500m이내은행수":0,
            "500m이내병원수":6,
            "5km이내대형병원수":4,
            "500m이내공원수":0,
            "3km이내혐오시설수":1,
            "초등학교학업성취도":96.1,
            "중학교학업성취도":79.8,
            "용적률":264,
            "건폐율":25,
            "Y":35.156432,
            "X":129.126901,
            "rank":50.0,
            "area_info":"23평(76.65), 31평(104.19), 48평(158.73)",
            "last_sales":"2021-12-13,41500.0,23평(76.65)"
        },
        {
            "index":182,
            "아파트명":"협진태양",
            "투자타입":"재건축",
            "전용면적(m2)":"100.8",
            "전용면적(평)":"30평",
            "법정동주소":"부산시 수영구 남천동 3-5",
            "도로명주소":"부산시 수영구 광안해변로 141",
            "세대수":0,
            "입주년차":"--",
            "용적률점수":0,
            "건폐율점수":0,
            "세대당주차수":"--",
            "난방방식":"--",
            "공급면적":90,
            "전용률":80,
            "욕실수":"--",
            "현관타입":"--",
            "주거총점":8.5,
            "지역구공급총점":0.0,
            "역세권":"NA",
            "30분내 이동가능 거점":"NA",
            "1시간내 이동가능 거점":"NA",
            "교통총점":"NA",
            "백화점":100,
            "아울렛몰":80,
            "대형마트":0,
            "은행":70,
            "병원":60,
            "종합병원":100,
            "공원":80,
            "혐오시설":0,
            "인프라총점":73.4,
            "초등학군":95.78,
            "중학군":48.44,
            "학군총점":57.908,
            "인구수":19.19,
            "인구증감":-1.01,
            "인구총점":13.13,
            "일자리":6.8,
            "소득수준":52.09,
            "일자리총점":20.387,
            "가치 총점":46.812,
            "매매실거래년":20210415.0,
            "매매실거래가":180000.0,
            "전세실거래년":20211210.0,
            "전세실거래가":23100.0,
            "전세가율":19.25,
            "장기전세가율평균":62.11,
            "전세가율거품지수":42.86,
            "검색코드":7850,
            "세대수":210,
            "준공년월":"1984-06-29",
            "준공년차":39,
            "가까운역이름":"NA",
            "가까운역거리":"NA",
            "역세권여부":"NA",
            "30분이내주요거점역":"NA",
            "1시간이내주요거점역":"NA",
            "3km이내백화점수":2,
            "5km이내아울렛몰수":1,
            "1km이내대형먀트수":0,
            "500m이내은행수":4,
            "500m이내병원수":12,
            "5km이내대형병원수":5,
            "500m이내공원수":1,
            "3km이내혐오시설수":0,
            "초등학교학업성취도":95.78,
            "중학교학업성취도":79.8,
            "용적률":0,
            "건폐율":0,
            "Y":35.147743,
            "X":129.114138,
            "rank":51.0,
            "area_info":"30평(100.8), 30평(101.09), 43평(143.32), 57평(188.54)",
            "last_sales":"2021-04-15,180000.0,57평(188.54)"
        },
        {
            "index":154,
            "아파트명":"뉴비치",
            "투자타입":"재건축",
            "전용면적(m2)":"55.81",
            "전용면적(평)":"16평",
            "법정동주소":"부산시 수영구 남천동 556-3",
            "도로명주소":"부산시 수영구 광안해변로15번길 68",
            "세대수":90,
            "입주년차":"--",
            "용적률점수":0,
            "건폐율점수":0,
            "세대당주차수":"--",
            "난방방식":"--",
            "공급면적":50,
            "전용률":60,
            "욕실수":"--",
            "현관타입":"--",
            "주거총점":32.5,
            "지역구공급총점":0.0,
            "역세권":"NA",
            "30분내 이동가능 거점":"NA",
            "1시간내 이동가능 거점":"NA",
            "교통총점":"NA",
            "백화점":0,
            "아울렛몰":80,
            "대형마트":80,
            "은행":0,
            "병원":80,
            "종합병원":100,
            "공원":80,
            "혐오시설":0,
            "인프라총점":50.4,
            "초등학군":86.06,
            "중학군":54.84,
            "학군총점":61.084,
            "인구수":19.19,
            "인구증감":-1.01,
            "인구총점":13.13,
            "일자리":6.8,
            "소득수준":52.09,
            "일자리총점":20.387,
            "가치 총점":46.806,
            "매매실거래년":20210908.0,
            "매매실거래가":74000.0,
            "전세실거래년":20211203.0,
            "전세실거래가":15000.0,
            "전세가율":20.27,
            "장기전세가율평균":62.11,
            "전세가율거품지수":41.84,
            "검색코드":7717,
            "세대수":990,
            "준공년월":"1986-05-28",
            "준공년차":37,
            "가까운역이름":"NA",
            "가까운역거리":"NA",
            "역세권여부":"NA",
            "30분이내주요거점역":"NA",
            "1시간이내주요거점역":"NA",
            "3km이내백화점수":0,
            "5km이내아울렛몰수":1,
            "1km이내대형먀트수":1,
            "500m이내은행수":1,
            "500m이내병원수":35,
            "5km이내대형병원수":7,
            "500m이내공원수":1,
            "3km이내혐오시설수":0,
            "초등학교학업성취도":86.06,
            "중학교학업성취도":88.0,
            "용적률":0,
            "건폐율":0,
            "Y":35.138863,
            "X":129.111384,
            "rank":52.0,
            "area_info":"16평(55.81), 18평(62.53), 27평(91.33), 30평(101.57), 36평(120.2), 43평(143.28), 49평(165.07), 62평(207.86), 71평(235.67)",
            "last_sales":"2021-09-08,74000.0,16평(55.81)"
        },
        {
            "index":163,
            "아파트명":"백산",
            "투자타입":"재건축",
            "전용면적(m2)":"81.41",
            "전용면적(평)":"24평",
            "법정동주소":"부산시 수영구 남천동 31-2",
            "도로명주소":"부산시 수영구 광남로 55",
            "세대수":0,
            "입주년차":"--",
            "용적률점수":0,
            "건폐율점수":0,
            "세대당주차수":"--",
            "난방방식":"--",
            "공급면적":70,
            "전용률":80,
            "욕실수":"--",
            "현관타입":"--",
            "주거총점":7.5,
            "지역구공급총점":0.0,
            "역세권":"NA",
            "30분내 이동가능 거점":"NA",
            "1시간내 이동가능 거점":"NA",
            "교통총점":"NA",
            "백화점":100,
            "아울렛몰":80,
            "대형마트":0,
            "은행":70,
            "병원":60,
            "종합병원":100,
            "공원":80,
            "혐오시설":0,
            "인프라총점":73.4,
            "초등학군":86.06,
            "중학군":49.42,
            "학군총점":56.748,
            "인구수":19.19,
            "인구증감":-1.01,
            "인구총점":13.13,
            "일자리":6.8,
            "소득수준":52.09,
            "일자리총점":20.387,
            "가치 총점":46.172,
            "매매실거래년":20211001.0,
            "매매실거래가":63500.0,
            "전세실거래년":20211113.0,
            "전세실거래가":21000.0,
            "전세가율":33.07,
            "장기전세가율평균":62.11,
            "전세가율거품지수":29.04,
            "검색코드":7690,
            "세대수":120,
            "준공년월":"1984-10-04",
            "준공년차":39,
            "가까운역이름":"NA",
            "가까운역거리":"NA",
            "역세권여부":"NA",
            "30분이내주요거점역":"NA",
            "1시간이내주요거점역":"NA",
            "3km이내백화점수":1,
            "5km이내아울렛몰수":1,
            "1km이내대형먀트수":0,
            "500m이내은행수":4,
            "500m이내병원수":16,
            "5km이내대형병원수":7,
            "500m이내공원수":1,
            "3km이내혐오시설수":0,
            "초등학교학업성취도":86.06,
            "중학교학업성취도":79.9,
            "용적률":0,
            "건폐율":0,
            "Y":35.147782,
            "X":129.111878,
            "rank":53.0,
            "area_info":"24평(81.41), 25평(82.93), 25평(82.86), 26평(86.68), 29평(98.81), 30평(100.47), 31평(102.7)",
            "last_sales":"2021-10-01,63500.0,24평(81.41)"
        },
        {
            "index":186,
            "아파트명":"화목타운",
            "투자타입":"재건축",
            "전용면적(m2)":"76.61",
            "전용면적(평)":"23평",
            "법정동주소":"부산시 수영구 남천동 47-1",
            "도로명주소":"부산시 수영구 수영로 481",
            "세대수":0,
            "입주년차":"--",
            "용적률점수":0,
            "건폐율점수":0,
            "세대당주차수":"--",
            "난방방식":"--",
            "공급면적":50,
            "전용률":80,
            "욕실수":"--",
            "현관타입":"--",
            "주거총점":6.5,
            "지역구공급총점":0.0,
            "역세권":"NA",
            "30분내 이동가능 거점":"NA",
            "1시간내 이동가능 거점":"NA",
            "교통총점":"NA",
            "백화점":100,
            "아울렛몰":80,
            "대형마트":0,
            "은행":70,
            "병원":60,
            "종합병원":100,
            "공원":80,
            "혐오시설":0,
            "인프라총점":73.4,
            "초등학군":86.06,
            "중학군":49.42,
            "학군총점":56.748,
            "인구수":19.19,
            "인구증감":-1.01,
            "인구총점":13.13,
            "일자리":6.8,
            "소득수준":52.09,
            "일자리총점":20.387,
            "가치 총점":45.822,
            "매매실거래년":20191104.0,
            "매매실거래가":41700.0,
            "전세실거래년":20200713.0,
            "전세실거래가":19000.0,
            "전세가율":58.46,
            "장기전세가율평균":62.11,
            "전세가율거품지수":3.65,
            "검색코드":7859,
            "세대수":180,
            "준공년월":"1984-08-23",
            "준공년차":39,
            "가까운역이름":"NA",
            "가까운역거리":"NA",
            "역세권여부":"NA",
            "30분이내주요거점역":"NA",
            "1시간이내주요거점역":"NA",
            "3km이내백화점수":1,
            "5km이내아울렛몰수":1,
            "1km이내대형먀트수":0,
            "500m이내은행수":3,
            "500m이내병원수":15,
            "5km이내대형병원수":7,
            "500m이내공원수":1,
            "3km이내혐오시설수":0,
            "초등학교학업성취도":86.06,
            "중학교학업성취도":79.9,
            "용적률":0,
            "건폐율":0,
            "Y":35.14896,
            "X":129.11019,
            "rank":54.0,
            "area_info":"23평(76.61), 30평(102.04), 31평(105.1), 32평(106.25), 32평(106.0)",
            "last_sales":"2019-11-04,41700.0,32평(106.0)"
        },
        {
            "index":8,
            "아파트명":"광안(92-3)",
            "투자타입":"재건축",
            "전용면적(m2)":"38.05",
            "전용면적(평)":"11평",
            "법정동주소":"부산시 수영구 광안동 92-3",
            "도로명주소":"부산시 수영구 수영로660번길 37",
            "세대수":0,
            "입주년차":"--",
            "용적률점수":0,
            "건폐율점수":0,
            "세대당주차수":"--",
            "난방방식":"--",
            "공급면적":50,
            "전용률":100,
            "욕실수":"--",
            "현관타입":"--",
            "주거총점":7.5,
            "지역구공급총점":0.0,
            "역세권":"NA",
            "30분내 이동가능 거점":"NA",
            "1시간내 이동가능 거점":"NA",
            "교통총점":"NA",
            "백화점":100,
            "아울렛몰":0,
            "대형마트":0,
            "은행":70,
            "병원":100,
            "종합병원":100,
            "공원":100,
            "혐오시설":-50,
            "인프라총점":69.0,
            "초등학군":81.52,
            "중학군":48.44,
            "학군총점":55.056,
            "인구수":19.19,
            "인구증감":-1.01,
            "인구총점":13.13,
            "일자리":6.8,
            "소득수준":52.09,
            "일자리총점":20.387,
            "가치 총점":43.989,
            "매매실거래년":20190812.0,
            "매매실거래가":11800.0,
            "전세실거래년":20190313.0,
            "전세실거래가":6000.0,
            "전세가율":50.85,
            "장기전세가율평균":62.11,
            "전세가율거품지수":11.26,
            "검색코드":25430,
            "세대수":122,
            "준공년월":"1969-01-10",
            "준공년차":54,
            "가까운역이름":"NA",
            "가까운역거리":"NA",
            "역세권여부":"NA",
            "30분이내주요거점역":"NA",
            "1시간이내주요거점역":"NA",
            "3km이내백화점수":2,
            "5km이내아울렛몰수":0,
            "1km이내대형먀트수":0,
            "500m이내은행수":3,
            "500m이내병원수":69,
            "5km이내대형병원수":5,
            "500m이내공원수":2,
            "3km이내혐오시설수":1,
            "초등학교학업성취도":81.52,
            "중학교학업성취도":79.8,
            "용적률":0,
            "건폐율":0,
            "Y":35.164594,
            "X":129.11765,
            "rank":55.0,
            "area_info":"11평(38.05), 11평(38.04)",
            "last_sales":"2019-08-12,11800.0,11평(38.05)"
        },
        {
            "index":170,
            "아파트명":"소라",
            "투자타입":"재건축",
            "전용면적(m2)":"65.14",
            "전용면적(평)":"19평",
            "법정동주소":"부산시 수영구 남천동 41-5",
            "도로명주소":"부산시 수영구 수영로487번길 20",
            "세대수":0,
            "입주년차":"--",
            "용적률점수":0,
            "건폐율점수":0,
            "세대당주차수":"--",
            "난방방식":"--",
            "공급면적":50,
            "전용률":80,
            "욕실수":"--",
            "현관타입":"--",
            "주거총점":6.5,
            "지역구공급총점":0.0,
            "역세권":"NA",
            "30분내 이동가능 거점":"NA",
            "1시간내 이동가능 거점":"NA",
            "교통총점":"NA",
            "백화점":100,
            "아울렛몰":80,
            "대형마트":0,
            "은행":20,
            "병원":60,
            "종합병원":100,
            "공원":80,
            "혐오시설":0,
            "인프라총점":68.4,
            "초등학군":86.06,
            "중학군":49.42,
            "학군총점":56.748,
            "인구수":19.19,
            "인구증감":-1.01,
            "인구총점":13.13,
            "일자리":6.8,
            "소득수준":52.09,
            "일자리총점":20.387,
            "가치 총점":43.822,
            "매매실거래년":20211001.0,
            "매매실거래가":30000.0,
            "전세실거래년":20210619.0,
            "전세실거래가":16000.0,
            "전세가율":53.33,
            "장기전세가율평균":62.11,
            "전세가율거품지수":8.78,
            "검색코드":11801,
            "세대수":123,
            "준공년월":"1979-04-30",
            "준공년차":44,
            "가까운역이름":"NA",
            "가까운역거리":"NA",
            "역세권여부":"NA",
            "30분이내주요거점역":"NA",
            "1시간이내주요거점역":"NA",
            "3km이내백화점수":2,
            "5km이내아울렛몰수":1,
            "1km이내대형먀트수":0,
            "500m이내은행수":2,
            "500m이내병원수":15,
            "5km이내대형병원수":7,
            "500m이내공원수":1,
            "3km이내혐오시설수":0,
            "초등학교학업성취도":86.06,
            "중학교학업성취도":79.9,
            "용적률":0,
            "건폐율":0,
            "Y":35.150028,
            "X":129.109758,
            "rank":56.0,
            "area_info":"19평(65.14), 19평(65.15), 21평(72.26), 21평(72.26), 21평(72.33), 21평(72.23), 23평(78.39), 23평(78.2)",
            "last_sales":"2021-10-01,30000.0,19평(65.14)"
        },
        {
            "index":222,
            "아파트명":"망미한성기린",
            "투자타입":"일반",
            "전용면적(m2)":"77.09",
            "전용면적(평)":"23평",
            "법정동주소":"부산시 수영구 망미동 209-4",
            "도로명주소":"부산시 수영구 수미로71번길 20",
            "세대수":0,
            "입주년차":0,
            "용적률점수":"--",
            "건폐율점수":"--",
            "세대당주차수":0,
            "난방방식":30,
            "공급면적":"--",
            "전용률":"--",
            "욕실수":50,
            "현관타입":100,
            "주거총점":18.0,
            "지역구공급총점":0.0,
            "역세권":"NA",
            "30분내 이동가능 거점":"NA",
            "1시간내 이동가능 거점":"NA",
            "교통총점":"NA",
            "백화점":100,
            "아울렛몰":0,
            "대형마트":0,
            "은행":20,
            "병원":10,
            "종합병원":100,
            "공원":0,
            "혐오시설":-50,
            "인프라총점":52.0,
            "초등학군":85.32,
            "중학군":57.76,
            "학군총점":63.272,
            "인구수":19.19,
            "인구증감":-1.01,
            "인구총점":13.13,
            "일자리":6.8,
            "소득수준":52.09,
            "일자리총점":20.387,
            "가치 총점":42.918,
            "매매실거래년":20210504.0,
            "매매실거래가":74000.0,
            "전세실거래년":null,
            "전세실거래가":null,
            "전세가율":null,
            "장기전세가율평균":62.11,
            "전세가율거품지수":null,
            "검색코드":7884,
            "세대수":113,
            "준공년월":"1994-12-30",
            "준공년차":29,
            "가까운역이름":"NA",
            "가까운역거리":"NA",
            "역세권여부":"NA",
            "30분이내주요거점역":"NA",
            "1시간이내주요거점역":"NA",
            "3km이내백화점수":2,
            "5km이내아울렛몰수":0,
            "1km이내대형먀트수":0,
            "500m이내은행수":2,
            "500m이내병원수":4,
            "5km이내대형병원수":6,
            "500m이내공원수":0,
            "3km이내혐오시설수":1,
            "초등학교학업성취도":85.32,
            "중학교학업성취도":92.2,
            "용적률":399,
            "건폐율":21,
            "Y":35.17418,
            "X":129.11884,
            "rank":57.0,
            "area_info":"23평(77.09), 23평(77.36), 32평(108.15)",
            "last_sales":"2021-05-04,74000.0,32평(108.15)"
        },
        {
            "index":66,
            "아파트명":"금보맨션",
            "투자타입":"재건축",
            "전용면적(m2)":"60.44",
            "전용면적(평)":"18평",
            "법정동주소":"부산시 수영구 광안동 1258-6",
            "도로명주소":"부산시 수영구 수영로521번길 74",
            "세대수":0,
            "입주년차":"--",
            "용적률점수":0,
            "건폐율점수":0,
            "세대당주차수":"--",
            "난방방식":"--",
            "공급면적":50,
            "전용률":80,
            "욕실수":"--",
            "현관타입":"--",
            "주거총점":6.5,
            "지역구공급총점":0.0,
            "역세권":"NA",
            "30분내 이동가능 거점":"NA",
            "1시간내 이동가능 거점":"NA",
            "교통총점":"NA",
            "백화점":100,
            "아울렛몰":80,
            "대형마트":0,
            "은행":0,
            "병원":30,
            "종합병원":100,
            "공원":80,
            "혐오시설":0,
            "인프라총점":63.4,
            "초등학군":98.58,
            "중학군":49.42,
            "학군총점":59.252,
            "인구수":19.19,
            "인구증감":-1.01,
            "인구총점":13.13,
            "일자리":6.8,
            "소득수준":52.09,
            "일자리총점":20.387,
            "가치 총점":42.448,
            "매매실거래년":20210826.0,
            "매매실거래가":49000.0,
            "전세실거래년":20161124.0,
            "전세실거래가":11000.0,
            "전세가율":37.93,
            "장기전세가율평균":62.11,
            "전세가율거품지수":24.18,
            "검색코드":11991,
            "세대수":108,
            "준공년월":"1988-05-17",
            "준공년차":35,
            "가까운역이름":"NA",
            "가까운역거리":"NA",
            "역세권여부":"NA",
            "30분이내주요거점역":"NA",
            "1시간이내주요거점역":"NA",
            "3km이내백화점수":2,
            "5km이내아울렛몰수":1,
            "1km이내대형먀트수":0,
            "500m이내은행수":0,
            "500m이내병원수":8,
            "5km이내대형병원수":8,
            "500m이내공원수":1,
            "3km이내혐오시설수":0,
            "초등학교학업성취도":98.58,
            "중학교학업성취도":79.9,
            "용적률":0,
            "건폐율":0,
            "Y":35.153378,
            "X":129.108113,
            "rank":58.0,
            "area_info":"18평(60.44), 18평(60.65), 21평(70.11), 21평(71.07), 25평(84.89), 28평(93.65), 29평(96.95)",
            "last_sales":"2021-08-26,49000.0,29평(96.95)"
        },
        {
            "index":225,
            "아파트명":"산호",
            "투자타입":"재건축",
            "전용면적(m2)":"70.39",
            "전용면적(평)":"21평",
            "법정동주소":"부산시 수영구 망미동 834-3",
            "도로명주소":"부산시 수영구 연수로249번길 20",
            "세대수":0,
            "입주년차":"--",
            "용적률점수":0,
            "건폐율점수":0,
            "세대당주차수":"--",
            "난방방식":"--",
            "공급면적":50,
            "전용률":80,
            "욕실수":"--",
            "현관타입":"--",
            "주거총점":6.5,
            "지역구공급총점":0.0,
            "역세권":"NA",
            "30분내 이동가능 거점":"NA",
            "1시간내 이동가능 거점":"NA",
            "교통총점":"NA",
            "백화점":100,
            "아울렛몰":80,
            "대형마트":0,
            "은행":0,
            "병원":30,
            "종합병원":100,
            "공원":100,
            "혐오시설":0,
            "인프라총점":64.0,
            "초등학군":89.62,
            "중학군":50.26,
            "학군총점":58.132,
            "인구수":19.19,
            "인구증감":-1.01,
            "인구총점":13.13,
            "일자리":6.8,
            "소득수준":52.09,
            "일자리총점":20.387,
            "가치 총점":42.408,
            "매매실거래년":20210122.0,
            "매매실거래가":26800.0,
            "전세실거래년":20110622.0,
            "전세실거래가":8500.0,
            "전세가율":57.05,
            "장기전세가율평균":62.11,
            "전세가율거품지수":5.06,
            "검색코드":11723,
            "세대수":130,
            "준공년월":"1986-05-01",
            "준공년차":37,
            "가까운역이름":"NA",
            "가까운역거리":"NA",
            "역세권여부":"NA",
            "30분이내주요거점역":"NA",
            "1시간이내주요거점역":"NA",
            "3km이내백화점수":1,
            "5km이내아울렛몰수":1,
            "1km이내대형먀트수":0,
            "500m이내은행수":0,
            "500m이내병원수":5,
            "5km이내대형병원수":9,
            "500m이내공원수":5,
            "3km이내혐오시설수":0,
            "초등학교학업성취도":89.62,
            "중학교학업성취도":82.5,
            "용적률":0,
            "건폐율":0,
            "Y":35.174398,
            "X":129.098298,
            "rank":59.0,
            "area_info":"21평(70.39), 23평(76.32), 24평(82.25), 25평(84.08), 25평(85.22), 28평(94.11), 30평(100.04), 30평(100.38)",
            "last_sales":"2021-01-22,26800.0,30평(100.38)"
        },
        {
            "index":91,
            "아파트명":"상아(102~105동)",
            "투자타입":"재건축",
            "전용면적(m2)":"89.37",
            "전용면적(평)":"27평",
            "법정동주소":"부산시 수영구 광안동 1046-7",
            "도로명주소":"부산시 수영구 광서로 54",
            "세대수":0,
            "입주년차":"--",
            "용적률점수":0,
            "건폐율점수":0,
            "세대당주차수":"--",
            "난방방식":"--",
            "공급면적":70,
            "전용률":80,
            "욕실수":"--",
            "현관타입":"--",
            "주거총점":7.5,
            "지역구공급총점":0.0,
            "역세권":"NA",
            "30분내 이동가능 거점":"NA",
            "1시간내 이동가능 거점":"NA",
            "교통총점":"NA",
            "백화점":100,
            "아울렛몰":80,
            "대형마트":0,
            "은행":0,
            "병원":10,
            "종합병원":100,
            "공원":80,
            "혐오시설":0,
            "인프라총점":61.4,
            "초등학군":88.76,
            "중학군":53.76,
            "학군총점":60.76,
            "인구수":19.19,
            "인구증감":-1.01,
            "인구총점":13.13,
            "일자리":6.8,
            "소득수준":52.09,
            "일자리총점":20.387,
            "가치 총점":42.375,
            "매매실거래년":20210529.0,
            "매매실거래가":43000.0,
            "전세실거래년":20211227.0,
            "전세실거래가":20000.0,
            "전세가율":68.03,
            "장기전세가율평균":62.11,
            "전세가율거품지수":-5.92,
            "검색코드":7520,
            "세대수":296,
            "준공년월":"1988-07-05",
            "준공년차":35,
            "가까운역이름":"NA",
            "가까운역거리":"NA",
            "역세권여부":"NA",
            "30분이내주요거점역":"NA",
            "1시간이내주요거점역":"NA",
            "3km이내백화점수":2,
            "5km이내아울렛몰수":1,
            "1km이내대형먀트수":0,
            "500m이내은행수":1,
            "500m이내병원수":2,
            "5km이내대형병원수":6,
            "500m이내공원수":1,
            "3km이내혐오시설수":0,
            "초등학교학업성취도":88.76,
            "중학교학업성취도":88.4,
            "용적률":0,
            "건폐율":0,
            "Y":35.164489,
            "X":129.107473,
            "rank":60.0,
            "area_info":"27평(89.37), 30평(102.1), 37평(123.33), 38평(126.27), 47평(157.89)",
            "last_sales":"2021-05-29,43000.0,38평(126.27)"
        },
        {
            "index":198,
            "아파트명":"동방",
            "투자타입":"재건축",
            "전용면적(m2)":"47.38",
            "전용면적(평)":"14평",
            "법정동주소":"부산시 수영구 망미동 822-3",
            "도로명주소":"부산시 수영구 연수로282번길 7",
            "세대수":0,
            "입주년차":"--",
            "용적률점수":0,
            "건폐율점수":0,
            "세대당주차수":"--",
            "난방방식":"--",
            "공급면적":50,
            "전용률":80,
            "욕실수":"--",
            "현관타입":"--",
            "주거총점":6.5,
            "지역구공급총점":0.0,
            "역세권":"NA",
            "30분내 이동가능 거점":"NA",
            "1시간내 이동가능 거점":"NA",
            "교통총점":"NA",
            "백화점":100,
            "아울렛몰":80,
            "대형마트":0,
            "은행":0,
            "병원":30,
            "종합병원":100,
            "공원":100,
            "혐오시설":0,
            "인프라총점":64.0,
            "초등학군":86.95,
            "중학군":50.26,
            "학군총점":57.598,
            "인구수":19.19,
            "인구증감":-1.01,
            "인구총점":13.13,
            "일자리":6.8,
            "소득수준":52.09,
            "일자리총점":20.387,
            "가치 총점":42.2745,
            "매매실거래년":20200807.0,
            "매매실거래가":22000.0,
            "전세실거래년":null,
            "전세실거래가":null,
            "전세가율":null,
            "장기전세가율평균":62.11,
            "전세가율거품지수":null,
            "검색코드":7875,
            "세대수":220,
            "준공년월":"1982-03-31",
            "준공년차":41,
            "가까운역이름":"NA",
            "가까운역거리":"NA",
            "역세권여부":"NA",
            "30분이내주요거점역":"NA",
            "1시간이내주요거점역":"NA",
            "3km이내백화점수":2,
            "5km이내아울렛몰수":1,
            "1km이내대형먀트수":0,
            "500m이내은행수":0,
            "500m이내병원수":8,
            "5km이내대형병원수":9,
            "500m이내공원수":5,
            "3km이내혐오시설수":0,
            "초등학교학업성취도":86.95,
            "중학교학업성취도":82.5,
            "용적률":0,
            "건폐율":0,
            "Y":35.172053,
            "X":129.101428,
            "rank":61.0,
            "area_info":"14평(47.38), 14평(49.24), 15평(50.27), 18평(62.48), 18평(62.1), 19평(65.62), 21평(70.4), 22평(75.35), 24평(81.0), 25평(83.7), 26평(88.51), 26평(89.1), 27평(90.59)",
            "last_sales":"2020-08-07,22000.0,26평(88.51)"
        },
        {
            "index":96,
            "아파트명":"수영",
            "투자타입":"재건축",
            "전용면적(m2)":"20.83",
            "전용면적(평)":"6평",
            "법정동주소":"부산시 수영구 광안동 1037-1",
            "도로명주소":"부산시 수영구 망미번영로38번길 30",
            "세대수":0,
            "입주년차":"--",
            "용적률점수":0,
            "건폐율점수":0,
            "세대당주차수":"--",
            "난방방식":"--",
            "공급면적":50,
            "전용률":100,
            "욕실수":"--",
            "현관타입":"--",
            "주거총점":7.5,
            "지역구공급총점":0.0,
            "역세권":"NA",
            "30분내 이동가능 거점":"NA",
            "1시간내 이동가능 거점":"NA",
            "교통총점":"NA",
            "백화점":100,
            "아울렛몰":80,
            "대형마트":0,
            "은행":0,
            "병원":30,
            "종합병원":100,
            "공원":80,
            "혐오시설":0,
            "인프라총점":63.4,
            "초등학군":86.95,
            "중학군":49.2,
            "학군총점":56.75,
            "인구수":19.19,
            "인구증감":-1.01,
            "인구총점":13.13,
            "일자리":6.8,
            "소득수준":52.09,
            "일자리총점":20.387,
            "가치 총점":42.1725,
            "매매실거래년":"18000101",
            "매매실거래가":null,
            "전세실거래년":null,
            "전세실거래가":null,
            "전세가율":null,
            "장기전세가율평균":62.11,
            "전세가율거품지수":null,
            "검색코드":101866,
            "세대수":150,
            "준공년월":"1968-02-29",
            "준공년차":55,
            "가까운역이름":"NA",
            "가까운역거리":"NA",
            "역세권여부":"NA",
            "30분이내주요거점역":"NA",
            "1시간이내주요거점역":"NA",
            "3km이내백화점수":2,
            "5km이내아울렛몰수":1,
            "1km이내대형먀트수":0,
            "500m이내은행수":1,
            "500m이내병원수":8,
            "5km이내대형병원수":6,
            "500m이내공원수":1,
            "3km이내혐오시설수":0,
            "초등학교학업성취도":86.95,
            "중학교학업성취도":80.4,
            "용적률":0,
            "건폐율":0,
            "Y":35.169614,
            "X":129.109892,
            "rank":62.0,
            "area_info":"6평(20.83), 6평(20.82), 7평(25.0), 12평(40.0), 12평(41.98)",
            "last_sales":"1800-01-01,nan,6평(20.83)"
        },
        {
            "index":258,
            "아파트명":"한신",
            "투자타입":"재건축",
            "전용면적(m2)":"102.99",
            "전용면적(평)":"31평",
            "법정동주소":"부산시 수영구 망미동 880-84",
            "도로명주소":"부산시 수영구 망미배산로70번길 45",
            "세대수":0,
            "입주년차":"--",
            "용적률점수":0,
            "건폐율점수":0,
            "세대당주차수":"--",
            "난방방식":"--",
            "공급면적":90,
            "전용률":80,
            "욕실수":"--",
            "현관타입":"--",
            "주거총점":8.5,
            "지역구공급총점":0.0,
            "역세권":"NA",
            "30분내 이동가능 거점":"NA",
            "1시간내 이동가능 거점":"NA",
            "교통총점":"NA",
            "백화점":100,
            "아울렛몰":80,
            "대형마트":0,
            "은행":0,
            "병원":10,
            "종합병원":100,
            "공원":100,
            "혐오시설":-50,
            "인프라총점":61.0,
            "초등학군":89.62,
            "중학군":50.26,
            "학군총점":58.132,
            "인구수":19.19,
            "인구증감":-1.01,
            "인구총점":13.13,
            "일자리":6.8,
            "소득수준":52.09,
            "일자리총점":20.387,
            "가치 총점":41.908,
            "매매실거래년":20210918.0,
            "매매실거래가":40000.0,
            "전세실거래년":20211209.0,
            "전세실거래가":14000.0,
            "전세가율":46.67,
            "장기전세가율평균":62.11,
            "전세가율거품지수":15.44,
            "검색코드":7885,
            "세대수":224,
            "준공년월":"1989-09-09",
            "준공년차":34,
            "가까운역이름":"NA",
            "가까운역거리":"NA",
            "역세권여부":"NA",
            "30분이내주요거점역":"NA",
            "1시간이내주요거점역":"NA",
            "3km이내백화점수":1,
            "5km이내아울렛몰수":1,
            "1km이내대형먀트수":0,
            "500m이내은행수":0,
            "500m이내병원수":3,
            "5km이내대형병원수":7,
            "500m이내공원수":2,
            "3km이내혐오시설수":1,
            "초등학교학업성취도":89.62,
            "중학교학업성취도":82.5,
            "용적률":0,
            "건폐율":0,
            "Y":35.177505,
            "X":129.099515,
            "rank":63.0,
            "area_info":"31평(102.99), 30평(102.03), 44평(148.72), 45평(150.18), 56평(185.16), 68평(225.0), 69평(229.61)",
            "last_sales":"2021-09-18,40000.0,45평(150.18)"
        },
        {
            "index":349,
            "아파트명":"진로비치2단지",
            "투자타입":"일반",
            "전용면적(m2)":"76.78",
            "전용면적(평)":"23평",
            "법정동주소":"부산시 수영구 민락동 113-21",
            "도로명주소":"부산시 수영구 광안해변로312번길 11",
            "세대수":0,
            "입주년차":0,
            "용적률점수":"--",
            "건폐율점수":"--",
            "세대당주차수":0,
            "난방방식":30,
            "공급면적":"--",
            "전용률":"--",
            "욕실수":50,
            "현관타입":100,
            "주거총점":18.0,
            "지역구공급총점":0.0,
            "역세권":"NA",
            "30분내 이동가능 거점":"NA",
            "1시간내 이동가능 거점":"NA",
            "교통총점":"NA",
            "백화점":100,
            "아울렛몰":0,
            "대형마트":0,
            "은행":0,
            "병원":10,
            "종합병원":100,
            "공원":0,
            "혐오시설":-50,
            "인프라총점":50.0,
            "초등학군":96.1,
            "중학군":48.44,
            "학군총점":57.972,
            "인구수":19.19,
            "인구증감":-1.01,
            "인구총점":13.13,
            "일자리":6.8,
            "소득수준":52.09,
            "일자리총점":20.387,
            "가치 총점":40.793,
            "매매실거래년":20211215.0,
            "매매실거래가":34750.0,
            "전세실거래년":20211230.0,
            "전세실거래가":25000.0,
            "전세가율":71.94,
            "장기전세가율평균":62.11,
            "전세가율거품지수":-9.83,
            "검색코드":7889,
            "세대수":147,
            "준공년월":"1997-05-24",
            "준공년차":26,
            "가까운역이름":"NA",
            "가까운역거리":"NA",
            "역세권여부":"NA",
            "30분이내주요거점역":"NA",
            "1시간이내주요거점역":"NA",
            "3km이내백화점수":2,
            "5km이내아울렛몰수":0,
            "1km이내대형먀트수":0,
            "500m이내은행수":0,
            "500m이내병원수":4,
            "5km이내대형병원수":4,
            "500m이내공원수":0,
            "3km이내혐오시설수":1,
            "초등학교학업성취도":96.1,
            "중학교학업성취도":79.8,
            "용적률":233,
            "건폐율":26,
            "Y":35.156673,
            "X":129.128111,
            "rank":64.0,
            "area_info":"23평(76.78), 31평(104.37)",
            "last_sales":"2021-12-15,34750.0,23평(76.78)"
        },
        {
            "index":0,
            "아파트명":"광명",
            "투자타입":"재건축",
            "전용면적(m2)":"55.37",
            "전용면적(평)":"16평",
            "법정동주소":"부산시 수영구 광안동 539-1",
            "도로명주소":"부산시 수영구 광일로67번길 68",
            "세대수":0,
            "입주년차":"--",
            "용적률점수":0,
            "건폐율점수":0,
            "세대당주차수":"--",
            "난방방식":"--",
            "공급면적":50,
            "전용률":100,
            "욕실수":"--",
            "현관타입":"--",
            "주거총점":7.5,
            "지역구공급총점":0.0,
            "역세권":"NA",
            "30분내 이동가능 거점":"NA",
            "1시간내 이동가능 거점":"NA",
            "교통총점":"NA",
            "백화점":100,
            "아울렛몰":80,
            "대형마트":0,
            "은행":0,
            "병원":10,
            "종합병원":100,
            "공원":0,
            "혐오시설":0,
            "인프라총점":59.0,
            "초등학군":98.58,
            "중학군":45.5,
            "학군총점":56.116,
            "인구수":19.19,
            "인구증감":-1.01,
            "인구총점":13.13,
            "일자리":6.8,
            "소득수준":52.09,
            "일자리총점":20.387,
            "가치 총점":40.254,
            "매매실거래년":20201117.0,
            "매매실거래가":70000.0,
            "전세실거래년":null,
            "전세실거래가":null,
            "전세가율":null,
            "장기전세가율평균":62.11,
            "전세가율거품지수":null,
            "검색코드":10099,
            "세대수":104,
            "준공년월":"1975-05-20",
            "준공년차":48,
            "가까운역이름":"NA",
            "가까운역거리":"NA",
            "역세권여부":"NA",
            "30분이내주요거점역":"NA",
            "1시간이내주요거점역":"NA",
            "3km이내백화점수":2,
            "5km이내아울렛몰수":1,
            "1km이내대형먀트수":0,
            "500m이내은행수":0,
            "500m이내병원수":2,
            "5km이내대형병원수":7,
            "500m이내공원수":0,
            "3km이내혐오시설수":0,
            "초등학교학업성취도":98.58,
            "중학교학업성취도":73.7,
            "용적률":0,
            "건폐율":0,
            "Y":35.160684,
            "X":129.106632,
            "rank":65.0,
            "area_info":"16평(55.37), 16평(55.34), 25평(82.94), 25평(82.97), 25평(83.14), 25평(83.17), 33평(110.63), 33평(110.61)",
            "last_sales":"2020-11-17,70000.0,33평(110.61)"
        },
        {
            "index":178,
            "아파트명":"우성보라",
            "투자타입":"재건축",
            "전용면적(m2)":"101.48",
            "전용면적(평)":"30평",
            "법정동주소":"부산시 수영구 남천동 183",
            "도로명주소":"부산시 수영구 수영로408번길 54",
            "세대수":0,
            "입주년차":"--",
            "용적률점수":0,
            "건폐율점수":0,
            "세대당주차수":"--",
            "난방방식":"--",
            "공급면적":90,
            "전용률":80,
            "욕실수":"--",
            "현관타입":"--",
            "주거총점":8.5,
            "지역구공급총점":0.0,
            "역세권":"NA",
            "30분내 이동가능 거점":"NA",
            "1시간내 이동가능 거점":"NA",
            "교통총점":"NA",
            "백화점":0,
            "아울렛몰":80,
            "대형마트":80,
            "은행":20,
            "병원":80,
            "종합병원":100,
            "공원":80,
            "혐오시설":0,
            "인프라총점":52.4,
            "초등학군":86.06,
            "중학군":54.84,
            "학군총점":61.084,
            "인구수":19.19,
            "인구증감":-1.01,
            "인구총점":13.13,
            "일자리":6.8,
            "소득수준":52.09,
            "일자리총점":20.387,
            "가치 총점":39.206,
            "매매실거래년":20211018.0,
            "매매실거래가":65000.0,
            "전세실거래년":20210925.0,
            "전세실거래가":50000.0,
            "전세가율":80.65,
            "장기전세가율평균":62.11,
            "전세가율거품지수":-18.54,
            "검색코드":7830,
            "세대수":192,
            "준공년월":"1989-04-28",
            "준공년차":34,
            "가까운역이름":"NA",
            "가까운역거리":"NA",
            "역세권여부":"NA",
            "30분이내주요거점역":"NA",
            "1시간이내주요거점역":"NA",
            "3km이내백화점수":0,
            "5km이내아울렛몰수":1,
            "1km이내대형먀트수":1,
            "500m이내은행수":2,
            "500m이내병원수":47,
            "5km이내대형병원수":7,
            "500m이내공원수":1,
            "3km이내혐오시설수":0,
            "초등학교학업성취도":86.06,
            "중학교학업성취도":88.0,
            "용적률":0,
            "건폐율":0,
            "Y":35.140865,
            "X":129.111268,
            "rank":66.0,
            "area_info":"30평(101.48), 47평(157.05), 71평(235.29), 78평(259.43)",
            "last_sales":"2021-10-18,65000.0,47평(157.05)"
        },
        {
            "index":351,
            "아파트명":"태창파크맨션",
            "투자타입":"재건축",
            "전용면적(m2)":"60.83",
            "전용면적(평)":"18평",
            "법정동주소":"부산시 수영구 민락동 11-1",
            "도로명주소":"부산시 수영구 광남로 271",
            "세대수":0,
            "입주년차":"--",
            "용적률점수":0,
            "건폐율점수":0,
            "세대당주차수":"--",
            "난방방식":"--",
            "공급면적":50,
            "전용률":80,
            "욕실수":"--",
            "현관타입":"--",
            "주거총점":6.5,
            "지역구공급총점":0.0,
            "역세권":"NA",
            "30분내 이동가능 거점":"NA",
            "1시간내 이동가능 거점":"NA",
            "교통총점":"NA",
            "백화점":100,
            "아울렛몰":0,
            "대형마트":0,
            "은행":0,
            "병원":0,
            "종합병원":100,
            "공원":80,
            "혐오시설":-50,
            "인프라총점":51.4,
            "초등학군":96.1,
            "중학군":55.78,
            "학군총점":63.844,
            "인구수":19.19,
            "인구증감":-1.01,
            "인구총점":13.13,
            "일자리":6.8,
            "소득수준":52.09,
            "일자리총점":20.387,
            "가치 총점":38.796,
            "매매실거래년":20211218.0,
            "매매실거래가":45000.0,
            "전세실거래년":20120809.0,
            "전세실거래가":5600.0,
            "전세가율":14.74,
            "장기전세가율평균":62.11,
            "전세가율거품지수":47.37,
            "검색코드":7891,
            "세대수":108,
            "준공년월":"1988-07-14",
            "준공년차":35,
            "가까운역이름":"NA",
            "가까운역거리":"NA",
            "역세권여부":"NA",
            "30분이내주요거점역":"NA",
            "1시간이내주요거점역":"NA",
            "3km이내백화점수":2,
            "5km이내아울렛몰수":0,
            "1km이내대형먀트수":0,
            "500m이내은행수":0,
            "500m이내병원수":1,
            "5km이내대형병원수":5,
            "500m이내공원수":1,
            "3km이내혐오시설수":1,
            "초등학교학업성취도":96.1,
            "중학교학업성취도":88.9,
            "용적률":0,
            "건폐율":0,
            "Y":35.160519,
            "X":129.128406,
            "rank":67.0,
            "area_info":"18평(60.83), 19평(63.69), 21평(72.32), 22평(74.85), 23평(78.49), 25평(85.7), 27평(91.55), 29평(98.89)",
            "last_sales":"2021-12-18,45000.0,25평(85.7)"
        },
        {
            "index":145,
            "아파트명":"남천파크",
            "투자타입":"재건축",
            "전용면적(m2)":"74.7",
            "전용면적(평)":"22평",
            "법정동주소":"부산시 수영구 남천동 255",
            "도로명주소":"부산시 수영구 수영로384번길 7",
            "세대수":0,
            "입주년차":"--",
            "용적률점수":0,
            "건폐율점수":0,
            "세대당주차수":"--",
            "난방방식":"--",
            "공급면적":50,
            "전용률":100,
            "욕실수":"--",
            "현관타입":"--",
            "주거총점":7.5,
            "지역구공급총점":0.0,
            "역세권":"NA",
            "30분내 이동가능 거점":"NA",
            "1시간내 이동가능 거점":"NA",
            "교통총점":"NA",
            "백화점":0,
            "아울렛몰":80,
            "대형마트":80,
            "은행":0,
            "병원":80,
            "종합병원":100,
            "공원":0,
            "혐오시설":0,
            "인프라총점":48.0,
            "초등학군":86.06,
            "중학군":54.84,
            "학군총점":61.084,
            "인구수":19.19,
            "인구증감":-1.01,
            "인구총점":13.13,
            "일자리":6.8,
            "소득수준":52.09,
            "일자리총점":20.387,
            "가치 총점":37.096,
            "매매실거래년":20210517.0,
            "매매실거래가":90000.0,
            "전세실거래년":20210420.0,
            "전세실거래가":17400.0,
            "전세가율":43.5,
            "장기전세가율평균":62.11,
            "전세가율거품지수":18.61,
            "검색코드":7643,
            "세대수":130,
            "준공년월":"1983-11-22",
            "준공년차":40,
            "가까운역이름":"NA",
            "가까운역거리":"NA",
            "역세권여부":"NA",
            "30분이내주요거점역":"NA",
            "1시간이내주요거점역":"NA",
            "3km이내백화점수":0,
            "5km이내아울렛몰수":1,
            "1km이내대형먀트수":1,
            "500m이내은행수":1,
            "500m이내병원수":46,
            "5km이내대형병원수":8,
            "500m이내공원수":0,
            "3km이내혐오시설수":0,
            "초등학교학업성취도":86.06,
            "중학교학업성취도":88.0,
            "용적률":0,
            "건폐율":0,
            "Y":35.140593,
            "X":129.107512,
            "rank":68.0,
            "area_info":"22평(74.7), 22평(75.6), 23평(76.95), 24평(79.92), 24평(81.0), 24평(82.17), 27평(90.81), 28평(93.06), 28평(94.14)",
            "last_sales":"2021-05-17,90000.0,28평(94.14)"
        },
        {
            "index":124,
            "아파트명":"남천반도보라",
            "투자타입":"재건축",
            "전용면적(m2)":"71.57",
            "전용면적(평)":"21평",
            "법정동주소":"부산시 수영구 남천동 558-2",
            "도로명주소":"부산시 수영구 광안해변로15번길 10",
            "세대수":0,
            "입주년차":"--",
            "용적률점수":0,
            "건폐율점수":0,
            "세대당주차수":"--",
            "난방방식":"--",
            "공급면적":50,
            "전용률":80,
            "욕실수":"--",
            "현관타입":"--",
            "주거총점":6.5,
            "지역구공급총점":0.0,
            "역세권":"NA",
            "30분내 이동가능 거점":"NA",
            "1시간내 이동가능 거점":"NA",
            "교통총점":"NA",
            "백화점":0,
            "아울렛몰":80,
            "대형마트":80,
            "은행":0,
            "병원":60,
            "종합병원":100,
            "공원":80,
            "혐오시설":0,
            "인프라총점":48.4,
            "초등학군":86.06,
            "중학군":54.84,
            "학군총점":61.084,
            "인구수":19.19,
            "인구증감":-1.01,
            "인구총점":13.13,
            "일자리":6.8,
            "소득수준":52.09,
            "일자리총점":20.387,
            "가치 총점":36.906,
            "매매실거래년":20210821.0,
            "매매실거래가":106700.0,
            "전세실거래년":20190629.0,
            "전세실거래가":15500.0,
            "전세가율":22.14,
            "장기전세가율평균":62.11,
            "전세가율거품지수":39.97,
            "검색코드":7682,
            "세대수":120,
            "준공년월":"1987-12-05",
            "준공년차":36,
            "가까운역이름":"NA",
            "가까운역거리":"NA",
            "역세권여부":"NA",
            "30분이내주요거점역":"NA",
            "1시간이내주요거점역":"NA",
            "3km이내백화점수":0,
            "5km이내아울렛몰수":1,
            "1km이내대형먀트수":1,
            "500m이내은행수":1,
            "500m이내병원수":10,
            "5km이내대형병원수":7,
            "500m이내공원수":1,
            "3km이내혐오시설수":0,
            "초등학교학업성취도":86.06,
            "중학교학업성취도":88.0,
            "용적률":0,
            "건폐율":0,
            "Y":35.137694,
            "X":129.11207,
            "rank":69.0,
            "area_info":"21평(71.57), 25평(84.56), 26평(86.68), 28평(94.17), 30평(101.27)",
            "last_sales":"2021-08-21,106700.0,30평(101.27)"
        }
    ]
}