{
    "schema":{
        "fields":[
            {
                "name":"index",
                "type":"integer"
            },
            {
                "name":"아파트명",
                "type":"string"
            },
            {
                "name":"투자타입",
                "type":"string"
            },
            {
                "name":"전용면적(m2)",
                "type":"string"
            },
            {
                "name":"전용면적(평)",
                "type":"string"
            },
            {
                "name":"법정동주소",
                "type":"string"
            },
            {
                "name":"도로명주소",
                "type":"string"
            },
            {
                "name":"세대수",
                "type":"integer"
            },
            {
                "name":"입주년차",
                "type":"string"
            },
            {
                "name":"용적률점수",
                "type":"string"
            },
            {
                "name":"건폐율점수",
                "type":"string"
            },
            {
                "name":"세대당주차수",
                "type":"string"
            },
            {
                "name":"난방방식",
                "type":"string"
            },
            {
                "name":"공급면적",
                "type":"string"
            },
            {
                "name":"전용률",
                "type":"string"
            },
            {
                "name":"욕실수",
                "type":"string"
            },
            {
                "name":"현관타입",
                "type":"string"
            },
            {
                "name":"주거총점",
                "type":"number"
            },
            {
                "name":"지역구공급총점",
                "type":"number"
            },
            {
                "name":"역세권",
                "type":"string"
            },
            {
                "name":"30분내 이동가능 거점",
                "type":"string"
            },
            {
                "name":"1시간내 이동가능 거점",
                "type":"string"
            },
            {
                "name":"교통총점",
                "type":"string"
            },
            {
                "name":"백화점",
                "type":"integer"
            },
            {
                "name":"아울렛몰",
                "type":"integer"
            },
            {
                "name":"대형마트",
                "type":"integer"
            },
            {
                "name":"은행",
                "type":"integer"
            },
            {
                "name":"병원",
                "type":"integer"
            },
            {
                "name":"종합병원",
                "type":"integer"
            },
            {
                "name":"공원",
                "type":"integer"
            },
            {
                "name":"혐오시설",
                "type":"integer"
            },
            {
                "name":"인프라총점",
                "type":"number"
            },
            {
                "name":"초등학군",
                "type":"number"
            },
            {
                "name":"중학군",
                "type":"number"
            },
            {
                "name":"학군총점",
                "type":"number"
            },
            {
                "name":"인구수",
                "type":"number"
            },
            {
                "name":"인구증감",
                "type":"number"
            },
            {
                "name":"인구총점",
                "type":"number"
            },
            {
                "name":"일자리",
                "type":"number"
            },
            {
                "name":"소득수준",
                "type":"number"
            },
            {
                "name":"일자리총점",
                "type":"number"
            },
            {
                "name":"가치 총점",
                "type":"number"
            },
            {
                "name":"매매실거래년",
                "type":"string"
            },
            {
                "name":"매매실거래가",
                "type":"number"
            },
            {
                "name":"전세실거래년",
                "type":"number"
            },
            {
                "name":"전세실거래가",
                "type":"number"
            },
            {
                "name":"전세가율",
                "type":"number"
            },
            {
                "name":"장기전세가율평균",
                "type":"number"
            },
            {
                "name":"전세가율거품지수",
                "type":"number"
            },
            {
                "name":"검색코드",
                "type":"integer"
            },
            {
                "name":"세대수",
                "type":"integer"
            },
            {
                "name":"준공년월",
                "type":"string"
            },
            {
                "name":"준공년차",
                "type":"integer"
            },
            {
                "name":"가까운역이름",
                "type":"string"
            },
            {
                "name":"가까운역거리",
                "type":"string"
            },
            {
                "name":"역세권여부",
                "type":"string"
            },
            {
                "name":"30분이내주요거점역",
                "type":"string"
            },
            {
                "name":"1시간이내주요거점역",
                "type":"string"
            },
            {
                "name":"3km이내백화점수",
                "type":"integer"
            },
            {
                "name":"5km이내아울렛몰수",
                "type":"integer"
            },
            {
                "name":"1km이내대형먀트수",
                "type":"integer"
            },
            {
                "name":"500m이내은행수",
                "type":"integer"
            },
            {
                "name":"500m이내병원수",
                "type":"integer"
            },
            {
                "name":"5km이내대형병원수",
                "type":"integer"
            },
            {
                "name":"500m이내공원수",
                "type":"integer"
            },
            {
                "name":"3km이내혐오시설수",
                "type":"integer"
            },
            {
                "name":"초등학교학업성취도",
                "type":"number"
            },
            {
                "name":"중학교학업성취도",
                "type":"number"
            },
            {
                "name":"용적률",
                "type":"integer"
            },
            {
                "name":"건폐율",
                "type":"integer"
            },
            {
                "name":"Y",
                "type":"number"
            },
            {
                "name":"X",
                "type":"number"
            },
            {
                "name":"rank",
                "type":"number"
            },
            {
                "name":"area_info",
                "type":"string"
            },
            {
                "name":"last_sales",
                "type":"string"
            }
        ],
        "primaryKey":[
            "index"
        ],
        "pandas_version":"1.4.0"
    },
    "data":[
        {
            "index":218,
            "아파트명":"엄궁롯데캐슬리버",
            "투자타입":"일반",
            "전용면적(m2)":"82.2",
            "전용면적(평)":"24평",
            "법정동주소":"부산시 사상구 엄궁동 726",
            "도로명주소":"부산시 사상구 엄궁북로 62",
            "세대수":100,
            "입주년차":60,
            "용적률점수":"--",
            "건폐율점수":"--",
            "세대당주차수":60,
            "난방방식":30,
            "공급면적":"--",
            "전용률":"--",
            "욕실수":100,
            "현관타입":100,
            "주거총점":79.0,
            "지역구공급총점":0.0,
            "역세권":"NA",
            "30분내 이동가능 거점":"NA",
            "1시간내 이동가능 거점":"NA",
            "교통총점":"NA",
            "백화점":0,
            "아울렛몰":0,
            "대형마트":80,
            "은행":0,
            "병원":60,
            "종합병원":100,
            "공원":100,
            "혐오시설":0,
            "인프라총점":41.0,
            "초등학군":85.93,
            "중학군":47.7,
            "학군총점":55.346,
            "인구수":24.26,
            "인구증감":-15.06,
            "인구총점":12.464,
            "일자리":14.5,
            "소득수준":53.56,
            "일자리총점":26.218,
            "가치 총점":57.8865,
            "매매실거래년":20211123.0,
            "매매실거래가":60700.0,
            "전세실거래년":20210814.0,
            "전세실거래가":21000.0,
            "전세가율":60.0,
            "장기전세가율평균":74.76,
            "전세가율거품지수":14.76,
            "검색코드":26419,
            "세대수":1852,
            "준공년월":"2010-05-27",
            "준공년차":13,
            "가까운역이름":"NA",
            "가까운역거리":"NA",
            "역세권여부":"NA",
            "30분이내주요거점역":"NA",
            "1시간이내주요거점역":"NA",
            "3km이내백화점수":0,
            "5km이내아울렛몰수":0,
            "1km이내대형먀트수":1,
            "500m이내은행수":1,
            "500m이내병원수":18,
            "5km이내대형병원수":6,
            "500m이내공원수":4,
            "3km이내혐오시설수":0,
            "초등학교학업성취도":85.93,
            "중학교학업성취도":78.7,
            "용적률":282,
            "건폐율":16,
            "Y":35.127377,
            "X":128.975607,
            "rank":1.0,
            "area_info":"24평(82.2), 28평(95.84), 32평(107.98), 32평(108.43), 32평(108.93), 38평(128.64), 38평(128.33), 46평(154.51), 46평(154.57), 52평(173.99)",
            "last_sales":"2021-11-23,60700.0,46평(154.57)"
        },
        {
            "index":151,
            "아파트명":"백양그린",
            "투자타입":"재건축",
            "전용면적(m2)":"57.15",
            "전용면적(평)":"17평",
            "법정동주소":"부산시 사상구 모라동 552",
            "도로명주소":"부산시 사상구 모라로110번길 88",
            "세대수":90,
            "입주년차":"--",
            "용적률점수":100,
            "건폐율점수":100,
            "세대당주차수":"--",
            "난방방식":"--",
            "공급면적":50,
            "전용률":60,
            "욕실수":"--",
            "현관타입":"--",
            "주거총점":92.5,
            "지역구공급총점":0.0,
            "역세권":"NA",
            "30분내 이동가능 거점":"NA",
            "1시간내 이동가능 거점":"NA",
            "교통총점":"NA",
            "백화점":0,
            "아울렛몰":0,
            "대형마트":0,
            "은행":0,
            "병원":60,
            "종합병원":100,
            "공원":80,
            "혐오시설":0,
            "인프라총점":28.4,
            "초등학군":84.04,
            "중학군":42.46,
            "학군총점":50.776,
            "인구수":24.26,
            "인구증감":-15.06,
            "인구총점":12.464,
            "일자리":14.5,
            "소득수준":53.56,
            "일자리총점":26.218,
            "가치 총점":56.429,
            "매매실거래년":20220104.0,
            "매매실거래가":15500.0,
            "전세실거래년":20211118.0,
            "전세실거래가":8000.0,
            "전세가율":62.99,
            "장기전세가율평균":74.76,
            "전세가율거품지수":11.77,
            "검색코드":5599,
            "세대수":1080,
            "준공년월":"1992-07-08",
            "준공년차":31,
            "가까운역이름":"NA",
            "가까운역거리":"NA",
            "역세권여부":"NA",
            "30분이내주요거점역":"NA",
            "1시간이내주요거점역":"NA",
            "3km이내백화점수":0,
            "5km이내아울렛몰수":0,
            "1km이내대형먀트수":0,
            "500m이내은행수":1,
            "500m이내병원수":19,
            "5km이내대형병원수":5,
            "500m이내공원수":1,
            "3km이내혐오시설수":0,
            "초등학교학업성취도":84.04,
            "중학교학업성취도":69.9,
            "용적률":111,
            "건폐율":8,
            "Y":35.183286,
            "X":128.994939,
            "rank":2.0,
            "area_info":"17평(57.15), 18평(60.33), 20평(69.1), 22평(72.95)",
            "last_sales":"2022-01-04,15500.0,20평(69.1)"
        },
        {
            "index":345,
            "아파트명":"주례한일유앤아이",
            "투자타입":"일반",
            "전용면적(m2)":"74.96",
            "전용면적(평)":"22평",
            "법정동주소":"부산시 사상구 주례동 239",
            "도로명주소":"부산시 사상구 백양대로 372-15",
            "세대수":90,
            "입주년차":40,
            "용적률점수":"--",
            "건폐율점수":"--",
            "세대당주차수":60,
            "난방방식":30,
            "공급면적":"--",
            "전용률":"--",
            "욕실수":50,
            "현관타입":100,
            "주거총점":66.5,
            "지역구공급총점":0.0,
            "역세권":"NA",
            "30분내 이동가능 거점":"NA",
            "1시간내 이동가능 거점":"NA",
            "교통총점":"NA",
            "백화점":0,
            "아울렛몰":80,
            "대형마트":80,
            "은행":0,
            "병원":10,
            "종합병원":100,
            "공원":0,
            "혐오시설":-50,
            "인프라총점":40.0,
            "초등학군":84.24,
            "중학군":46.88,
            "학군총점":54.352,
            "인구수":24.26,
            "인구증감":-15.06,
            "인구총점":12.464,
            "일자리":14.5,
            "소득수준":53.56,
            "일자리총점":26.218,
            "가치 총점":52.863,
            "매매실거래년":20211211.0,
            "매매실거래가":22500.0,
            "전세실거래년":20211209.0,
            "전세실거래가":19000.0,
            "전세가율":84.44,
            "장기전세가율평균":74.76,
            "전세가율거품지수":-9.68,
            "검색코드":10205,
            "세대수":988,
            "준공년월":"2005-02-03",
            "준공년차":18,
            "가까운역이름":"NA",
            "가까운역거리":"NA",
            "역세권여부":"NA",
            "30분이내주요거점역":"NA",
            "1시간이내주요거점역":"NA",
            "3km이내백화점수":0,
            "5km이내아울렛몰수":1,
            "1km이내대형먀트수":1,
            "500m이내은행수":0,
            "500m이내병원수":2,
            "5km이내대형병원수":10,
            "500m이내공원수":0,
            "3km이내혐오시설수":1,
            "초등학교학업성취도":84.24,
            "중학교학업성취도":76.4,
            "용적률":323,
            "건폐율":18,
            "Y":35.154027,
            "X":129.01019,
            "rank":3.0,
            "area_info":"22평(74.96), 22평(75.04), 32평(105.98), 47평(155.62), 55평(182.16)",
            "last_sales":"2021-12-11,22500.0,22평(74.96)"
        },
        {
            "index":2,
            "아파트명":"괘법한신2차",
            "투자타입":"일반",
            "전용면적(m2)":"78.82",
            "전용면적(평)":"23평",
            "법정동주소":"부산시 사상구 괘법동 516-3",
            "도로명주소":"부산시 사상구 낙동대로1210번길 33",
            "세대수":90,
            "입주년차":0,
            "용적률점수":"--",
            "건폐율점수":"--",
            "세대당주차수":30,
            "난방방식":30,
            "공급면적":"--",
            "전용률":"--",
            "욕실수":50,
            "현관타입":100,
            "주거총점":54.0,
            "지역구공급총점":0.0,
            "역세권":"NA",
            "30분내 이동가능 거점":"NA",
            "1시간내 이동가능 거점":"NA",
            "교통총점":"NA",
            "백화점":0,
            "아울렛몰":0,
            "대형마트":100,
            "은행":70,
            "병원":60,
            "종합병원":100,
            "공원":0,
            "혐오시설":0,
            "인프라총점":48.0,
            "초등학군":89.28,
            "중학군":47.22,
            "학군총점":55.632,
            "인구수":24.26,
            "인구증감":-15.06,
            "인구총점":12.464,
            "일자리":14.5,
            "소득수준":53.56,
            "일자리총점":26.218,
            "가치 총점":52.008,
            "매매실거래년":20211209.0,
            "매매실거래가":44000.0,
            "전세실거래년":20211204.0,
            "전세실거래가":22000.0,
            "전세가율":78.01,
            "장기전세가율평균":74.76,
            "전세가율거품지수":-3.25,
            "검색코드":5551,
            "세대수":1094,
            "준공년월":"1998-07-13",
            "준공년차":25,
            "가까운역이름":"NA",
            "가까운역거리":"NA",
            "역세권여부":"NA",
            "30분이내주요거점역":"NA",
            "1시간이내주요거점역":"NA",
            "3km이내백화점수":0,
            "5km이내아울렛몰수":0,
            "1km이내대형먀트수":2,
            "500m이내은행수":3,
            "500m이내병원수":28,
            "5km이내대형병원수":3,
            "500m이내공원수":0,
            "3km이내혐오시설수":0,
            "초등학교학업성취도":89.28,
            "중학교학업성취도":78.7,
            "용적률":361,
            "건폐율":22,
            "Y":35.168482,
            "X":128.979819,
            "rank":4.0,
            "area_info":"23평(78.82), 28평(93.43), 32평(105.92), 42평(139.89)",
            "last_sales":"2021-12-09,44000.0,42평(139.89)"
        },
        {
            "index":22,
            "아파트명":"사상역경보센트리안",
            "투자타입":"일반",
            "전용면적(m2)":"65.37",
            "전용면적(평)":"19평",
            "법정동주소":"부산시 사상구 괘법동 525-10",
            "도로명주소":"부산시 사상구 사상로223번길 24",
            "세대수":0,
            "입주년차":100,
            "용적률점수":"--",
            "건폐율점수":"--",
            "세대당주차수":30,
            "난방방식":30,
            "공급면적":"--",
            "전용률":"--",
            "욕실수":50,
            "현관타입":100,
            "주거총점":42.5,
            "지역구공급총점":0.0,
            "역세권":"NA",
            "30분내 이동가능 거점":"NA",
            "1시간내 이동가능 거점":"NA",
            "교통총점":"NA",
            "백화점":0,
            "아울렛몰":0,
            "대형마트":100,
            "은행":70,
            "병원":80,
            "종합병원":100,
            "공원":80,
            "혐오시설":0,
            "인프라총점":52.4,
            "초등학군":89.28,
            "중학군":47.22,
            "학군총점":55.632,
            "인구수":24.26,
            "인구증감":-15.06,
            "인구총점":12.464,
            "일자리":14.5,
            "소득수준":53.56,
            "일자리총점":26.218,
            "가치 총점":49.743,
            "매매실거래년":20200806.0,
            "매매실거래가":22750.0,
            "전세실거래년":null,
            "전세실거래가":null,
            "전세가율":null,
            "장기전세가율평균":74.76,
            "전세가율거품지수":null,
            "검색코드":122128,
            "세대수":119,
            "준공년월":"2020-06-30",
            "준공년차":3,
            "가까운역이름":"NA",
            "가까운역거리":"NA",
            "역세권여부":"NA",
            "30분이내주요거점역":"NA",
            "1시간이내주요거점역":"NA",
            "3km이내백화점수":0,
            "5km이내아울렛몰수":0,
            "1km이내대형먀트수":2,
            "500m이내은행수":4,
            "500m이내병원수":39,
            "5km이내대형병원수":3,
            "500m이내공원수":1,
            "3km이내혐오시설수":0,
            "초등학교학업성취도":89.28,
            "중학교학업성취도":78.7,
            "용적률":781,
            "건폐율":70,
            "Y":35.165159,
            "X":128.98199,
            "rank":5.0,
            "area_info":"19평(65.37), 19평(65.37), 20평(67.67), 26평(88.62), 27평(90.79), 28평(93.99)",
            "last_sales":"2020-08-06,22750.0,19평(65.37)"
        },
        {
            "index":295,
            "아파트명":"주례경동리인",
            "투자타입":"일반",
            "전용면적(m2)":"94.62",
            "전용면적(평)":"28평",
            "법정동주소":"부산시 사상구 주례동 1288",
            "도로명주소":"부산시 사상구 백양대로 526",
            "세대수":80,
            "입주년차":80,
            "용적률점수":"--",
            "건폐율점수":"--",
            "세대당주차수":30,
            "난방방식":30,
            "공급면적":"--",
            "전용률":"--",
            "욕실수":100,
            "현관타입":100,
            "주거총점":71.5,
            "지역구공급총점":0.0,
            "역세권":"NA",
            "30분내 이동가능 거점":"NA",
            "1시간내 이동가능 거점":"NA",
            "교통총점":"NA",
            "백화점":0,
            "아울렛몰":0,
            "대형마트":0,
            "은행":0,
            "병원":10,
            "종합병원":100,
            "공원":100,
            "혐오시설":0,
            "인프라총점":24.0,
            "초등학군":88.67,
            "중학군":48.18,
            "학군총점":56.278,
            "인구수":24.26,
            "인구증감":-15.06,
            "인구총점":12.464,
            "일자리":14.5,
            "소득수준":53.56,
            "일자리총점":26.218,
            "가치 총점":48.6945,
            "매매실거래년":20211117.0,
            "매매실거래가":42250.0,
            "전세실거래년":20211122.0,
            "전세실거래가":22000.0,
            "전세가율":58.36,
            "장기전세가율평균":74.76,
            "전세가율거품지수":16.4,
            "검색코드":109011,
            "세대수":839,
            "준공년월":"2017-05-12",
            "준공년차":6,
            "가까운역이름":"NA",
            "가까운역거리":"NA",
            "역세권여부":"NA",
            "30분이내주요거점역":"NA",
            "1시간이내주요거점역":"NA",
            "3km이내백화점수":0,
            "5km이내아울렛몰수":0,
            "1km이내대형먀트수":0,
            "500m이내은행수":0,
            "500m이내병원수":2,
            "5km이내대형병원수":5,
            "500m이내공원수":3,
            "3km이내혐오시설수":0,
            "초등학교학업성취도":88.67,
            "중학교학업성취도":79.5,
            "용적률":243,
            "건폐율":17,
            "Y":35.156218,
            "X":128.996767,
            "rank":6.0,
            "area_info":"28평(94.62), 30평(101.19), 31평(103.49), 32평(107.16), 35평(117.97), 35평(118.63), 35평(118.22)",
            "last_sales":"2021-11-17,42250.0,32평(107.16)"
        },
        {
            "index":238,
            "아파트명":"코오롱",
            "투자타입":"일반",
            "전용면적(m2)":"79.82",
            "전용면적(평)":"24평",
            "법정동주소":"부산시 사상구 엄궁동 680-1",
            "도로명주소":"부산시 사상구 엄궁로 142",
            "세대수":90,
            "입주년차":20,
            "용적률점수":"--",
            "건폐율점수":"--",
            "세대당주차수":30,
            "난방방식":30,
            "공급면적":"--",
            "전용률":"--",
            "욕실수":50,
            "현관타입":100,
            "주거총점":58.0,
            "지역구공급총점":0.0,
            "역세권":"NA",
            "30분내 이동가능 거점":"NA",
            "1시간내 이동가능 거점":"NA",
            "교통총점":"NA",
            "백화점":0,
            "아울렛몰":0,
            "대형마트":80,
            "은행":0,
            "병원":10,
            "종합병원":100,
            "공원":100,
            "혐오시설":0,
            "인프라총점":36.0,
            "초등학군":86.03,
            "중학군":47.7,
            "학군총점":55.366,
            "인구수":24.26,
            "인구증감":-15.06,
            "인구총점":12.464,
            "일자리":14.5,
            "소득수준":53.56,
            "일자리총점":26.218,
            "가치 총점":48.5415,
            "매매실거래년":20211130.0,
            "매매실거래가":29000.0,
            "전세실거래년":20210218.0,
            "전세실거래가":13500.0,
            "전세가율":74.18,
            "장기전세가율평균":74.76,
            "전세가율거품지수":0.58,
            "검색코드":5684,
            "세대수":1158,
            "준공년월":"1999-06-24",
            "준공년차":24,
            "가까운역이름":"NA",
            "가까운역거리":"NA",
            "역세권여부":"NA",
            "30분이내주요거점역":"NA",
            "1시간이내주요거점역":"NA",
            "3km이내백화점수":0,
            "5km이내아울렛몰수":0,
            "1km이내대형먀트수":1,
            "500m이내은행수":1,
            "500m이내병원수":2,
            "5km이내대형병원수":6,
            "500m이내공원수":4,
            "3km이내혐오시설수":0,
            "초등학교학업성취도":86.03,
            "중학교학업성취도":78.7,
            "용적률":245,
            "건폐율":16,
            "Y":35.126635,
            "X":128.978099,
            "rank":7.0,
            "area_info":"24평(79.82), 24평(80.48), 32평(108.22), 39평(129.01), 39평(131.42), 48평(161.51)",
            "last_sales":"2021-11-30,29000.0,32평(108.22)"
        },
        {
            "index":11,
            "아파트명":"사상강변동원",
            "투자타입":"일반",
            "전용면적(m2)":"80.38",
            "전용면적(평)":"24평",
            "법정동주소":"부산시 사상구 괘법동 519-1",
            "도로명주소":"부산시 사상구 낙동대로1210번길 34",
            "세대수":50,
            "입주년차":20,
            "용적률점수":"--",
            "건폐율점수":"--",
            "세대당주차수":30,
            "난방방식":30,
            "공급면적":"--",
            "전용률":"--",
            "욕실수":50,
            "현관타입":100,
            "주거총점":44.0,
            "지역구공급총점":0.0,
            "역세권":"NA",
            "30분내 이동가능 거점":"NA",
            "1시간내 이동가능 거점":"NA",
            "교통총점":"NA",
            "백화점":0,
            "아울렛몰":0,
            "대형마트":100,
            "은행":70,
            "병원":60,
            "종합병원":100,
            "공원":0,
            "혐오시설":0,
            "인프라총점":48.0,
            "초등학군":89.28,
            "중학군":47.22,
            "학군총점":55.632,
            "인구수":24.26,
            "인구증감":-15.06,
            "인구총점":12.464,
            "일자리":14.5,
            "소득수준":53.56,
            "일자리총점":26.218,
            "가치 총점":48.508,
            "매매실거래년":20211221.0,
            "매매실거래가":32500.0,
            "전세실거래년":20210908.0,
            "전세실거래가":20000.0,
            "전세가율":68.97,
            "장기전세가율평균":74.76,
            "전세가율거품지수":5.79,
            "검색코드":5546,
            "세대수":600,
            "준공년월":"1999-12-03",
            "준공년차":24,
            "가까운역이름":"NA",
            "가까운역거리":"NA",
            "역세권여부":"NA",
            "30분이내주요거점역":"NA",
            "1시간이내주요거점역":"NA",
            "3km이내백화점수":0,
            "5km이내아울렛몰수":0,
            "1km이내대형먀트수":2,
            "500m이내은행수":3,
            "500m이내병원수":21,
            "5km이내대형병원수":3,
            "500m이내공원수":0,
            "3km이내혐오시설수":0,
            "초등학교학업성취도":89.28,
            "중학교학업성취도":78.7,
            "용적률":353,
            "건폐율":24,
            "Y":35.167549,
            "X":128.978139,
            "rank":8.0,
            "area_info":"24평(80.38), 28평(95.73), 32평(107.37)",
            "last_sales":"2021-12-21,32500.0,32평(107.37)"
        },
        {
            "index":270,
            "아파트명":"반도보라메머드타운",
            "투자타입":"일반",
            "전용면적(m2)":"78.19",
            "전용면적(평)":"23평",
            "법정동주소":"부산시 사상구 주례동 10-21",
            "도로명주소":"부산시 사상구 백양대로 372-22",
            "세대수":90,
            "입주년차":0,
            "용적률점수":"--",
            "건폐율점수":"--",
            "세대당주차수":0,
            "난방방식":30,
            "공급면적":"--",
            "전용률":"--",
            "욕실수":50,
            "현관타입":100,
            "주거총점":49.5,
            "지역구공급총점":0.0,
            "역세권":"NA",
            "30분내 이동가능 거점":"NA",
            "1시간내 이동가능 거점":"NA",
            "교통총점":"NA",
            "백화점":0,
            "아울렛몰":80,
            "대형마트":80,
            "은행":0,
            "병원":10,
            "종합병원":100,
            "공원":0,
            "혐오시설":-50,
            "인프라총점":40.0,
            "초등학군":90.12,
            "중학군":51.74,
            "학군총점":59.416,
            "인구수":24.26,
            "인구증감":-15.06,
            "인구총점":12.464,
            "일자리":14.5,
            "소득수준":53.56,
            "일자리총점":26.218,
            "가치 총점":48.179,
            "매매실거래년":20211231.0,
            "매매실거래가":16800.0,
            "전세실거래년":20211224.0,
            "전세실거래가":16000.0,
            "전세가율":90.4,
            "장기전세가율평균":74.76,
            "전세가율거품지수":-15.64,
            "검색코드":5715,
            "세대수":1206,
            "준공년월":"1996-09-25",
            "준공년차":27,
            "가까운역이름":"NA",
            "가까운역거리":"NA",
            "역세권여부":"NA",
            "30분이내주요거점역":"NA",
            "1시간이내주요거점역":"NA",
            "3km이내백화점수":0,
            "5km이내아울렛몰수":1,
            "1km이내대형먀트수":1,
            "500m이내은행수":0,
            "500m이내병원수":3,
            "5km이내대형병원수":10,
            "500m이내공원수":0,
            "3km이내혐오시설수":1,
            "초등학교학업성취도":90.12,
            "중학교학업성취도":85.5,
            "용적률":387,
            "건폐율":31,
            "Y":35.154722,
            "X":129.012207,
            "rank":9.0,
            "area_info":"23평(78.19), 23평(78.14), 31평(104.72), 40평(135.3), 45평(151.68)",
            "last_sales":"2021-12-31,16800.0,23평(78.14)"
        },
        {
            "index":233,
            "아파트명":"엄궁한신2차",
            "투자타입":"일반",
            "전용면적(m2)":"79.67",
            "전용면적(평)":"24평",
            "법정동주소":"부산시 사상구 엄궁동 683-3",
            "도로명주소":"부산시 사상구 엄궁로 40",
            "세대수":90,
            "입주년차":20,
            "용적률점수":"--",
            "건폐율점수":"--",
            "세대당주차수":30,
            "난방방식":30,
            "공급면적":"--",
            "전용률":"--",
            "욕실수":50,
            "현관타입":100,
            "주거총점":58.0,
            "지역구공급총점":0.0,
            "역세권":"NA",
            "30분내 이동가능 거점":"NA",
            "1시간내 이동가능 거점":"NA",
            "교통총점":"NA",
            "백화점":0,
            "아울렛몰":0,
            "대형마트":80,
            "은행":0,
            "병원":0,
            "종합병원":100,
            "공원":100,
            "혐오시설":0,
            "인프라총점":35.0,
            "초등학군":86.03,
            "중학군":47.7,
            "학군총점":55.366,
            "인구수":24.26,
            "인구증감":-15.06,
            "인구총점":12.464,
            "일자리":14.5,
            "소득수준":53.56,
            "일자리총점":26.218,
            "가치 총점":48.1415,
            "매매실거래년":20211213.0,
            "매매실거래가":31500.0,
            "전세실거래년":20211006.0,
            "전세실거래가":15000.0,
            "전세가율":81.08,
            "장기전세가율평균":74.76,
            "전세가율거품지수":-6.32,
            "검색코드":5692,
            "세대수":1016,
            "준공년월":"1999-08-31",
            "준공년차":24,
            "가까운역이름":"NA",
            "가까운역거리":"NA",
            "역세권여부":"NA",
            "30분이내주요거점역":"NA",
            "1시간이내주요거점역":"NA",
            "3km이내백화점수":0,
            "5km이내아울렛몰수":0,
            "1km이내대형먀트수":1,
            "500m이내은행수":0,
            "500m이내병원수":0,
            "5km이내대형병원수":5,
            "500m이내공원수":2,
            "3km이내혐오시설수":0,
            "초등학교학업성취도":86.03,
            "중학교학업성취도":78.7,
            "용적률":266,
            "건폐율":17,
            "Y":35.123372,
            "X":128.971401,
            "rank":10.0,
            "area_info":"24평(79.67), 24평(79.54), 28평(93.81), 32평(106.68), 43평(143.16)",
            "last_sales":"2021-12-13,31500.0,43평(143.16)"
        },
        {
            "index":206,
            "아파트명":"신흥동백",
            "투자타입":"재건축",
            "전용면적(m2)":"61.46",
            "전용면적(평)":"18평",
            "법정동주소":"부산시 사상구 엄궁동 37-3",
            "도로명주소":"부산시 사상구 엄궁로 172",
            "세대수":0,
            "입주년차":"--",
            "용적률점수":80,
            "건폐율점수":60,
            "세대당주차수":"--",
            "난방방식":"--",
            "공급면적":50,
            "전용률":80,
            "욕실수":"--",
            "현관타입":"--",
            "주거총점":50.5,
            "지역구공급총점":0.0,
            "역세권":"NA",
            "30분내 이동가능 거점":"NA",
            "1시간내 이동가능 거점":"NA",
            "교통총점":"NA",
            "백화점":0,
            "아울렛몰":0,
            "대형마트":80,
            "은행":0,
            "병원":60,
            "종합병원":100,
            "공원":100,
            "혐오시설":0,
            "인프라총점":41.0,
            "초등학군":85.93,
            "중학군":47.7,
            "학군총점":55.346,
            "인구수":24.26,
            "인구증감":-15.06,
            "인구총점":12.464,
            "일자리":14.5,
            "소득수준":53.56,
            "일자리총점":26.218,
            "가치 총점":47.9115,
            "매매실거래년":20211102.0,
            "매매실거래가":10000.0,
            "전세실거래년":20210904.0,
            "전세실거래가":7000.0,
            "전세가율":70.0,
            "장기전세가율평균":74.76,
            "전세가율거품지수":4.76,
            "검색코드":5673,
            "세대수":156,
            "준공년월":"1992-11-16",
            "준공년차":31,
            "가까운역이름":"NA",
            "가까운역거리":"NA",
            "역세권여부":"NA",
            "30분이내주요거점역":"NA",
            "1시간이내주요거점역":"NA",
            "3km이내백화점수":0,
            "5km이내아울렛몰수":0,
            "1km이내대형먀트수":1,
            "500m이내은행수":1,
            "500m이내병원수":18,
            "5km이내대형병원수":5,
            "500m이내공원수":4,
            "3km이내혐오시설수":0,
            "초등학교학업성취도":85.93,
            "중학교학업성취도":78.7,
            "용적률":172,
            "건폐율":31,
            "Y":35.129788,
            "X":128.976206,
            "rank":11.0,
            "area_info":"18평(61.46), 23평(76.81), 28평(93.99)",
            "last_sales":"2021-11-02,10000.0,18평(61.46)"
        },
        {
            "index":210,
            "아파트명":"엄궁대림",
            "투자타입":"일반",
            "전용면적(m2)":"79.37",
            "전용면적(평)":"24평",
            "법정동주소":"부산시 사상구 엄궁동 669-2",
            "도로명주소":"부산시 사상구 엄궁로 158",
            "세대수":80,
            "입주년차":20,
            "용적률점수":"--",
            "건폐율점수":"--",
            "세대당주차수":30,
            "난방방식":30,
            "공급면적":"--",
            "전용률":"--",
            "욕실수":50,
            "현관타입":100,
            "주거총점":54.5,
            "지역구공급총점":0.0,
            "역세권":"NA",
            "30분내 이동가능 거점":"NA",
            "1시간내 이동가능 거점":"NA",
            "교통총점":"NA",
            "백화점":0,
            "아울렛몰":0,
            "대형마트":80,
            "은행":0,
            "병원":10,
            "종합병원":100,
            "공원":100,
            "혐오시설":0,
            "인프라총점":36.0,
            "초등학군":85.93,
            "중학군":47.7,
            "학군총점":55.346,
            "인구수":24.26,
            "인구증감":-15.06,
            "인구총점":12.464,
            "일자리":14.5,
            "소득수준":53.56,
            "일자리총점":26.218,
            "가치 총점":47.3115,
            "매매실거래년":20211206.0,
            "매매실거래가":17400.0,
            "전세실거래년":20211016.0,
            "전세실거래가":15000.0,
            "전세가율":86.21,
            "장기전세가율평균":74.76,
            "전세가율거품지수":-11.45,
            "검색코드":5667,
            "세대수":741,
            "준공년월":"1999-08-14",
            "준공년차":24,
            "가까운역이름":"NA",
            "가까운역거리":"NA",
            "역세권여부":"NA",
            "30분이내주요거점역":"NA",
            "1시간이내주요거점역":"NA",
            "3km이내백화점수":0,
            "5km이내아울렛몰수":0,
            "1km이내대형먀트수":1,
            "500m이내은행수":1,
            "500m이내병원수":2,
            "5km이내대형병원수":6,
            "500m이내공원수":4,
            "3km이내혐오시설수":0,
            "초등학교학업성취도":85.93,
            "중학교학업성취도":78.7,
            "용적률":271,
            "건폐율":12,
            "Y":35.12922,
            "X":128.978448,
            "rank":12.0,
            "area_info":"24평(79.37), 32평(107.86), 47평(158.58)",
            "last_sales":"2021-12-06,17400.0,24평(79.37)"
        },
        {
            "index":228,
            "아파트명":"엄궁쌍용스윗닷홈",
            "투자타입":"일반",
            "전용면적(m2)":"85.84",
            "전용면적(평)":"25평",
            "법정동주소":"부산시 사상구 엄궁동 680-2",
            "도로명주소":"부산시 사상구 엄궁로 100",
            "세대수":50,
            "입주년차":40,
            "용적률점수":"--",
            "건폐율점수":"--",
            "세대당주차수":30,
            "난방방식":30,
            "공급면적":"--",
            "전용률":"--",
            "욕실수":100,
            "현관타입":100,
            "주거총점":53.0,
            "지역구공급총점":0.0,
            "역세권":"NA",
            "30분내 이동가능 거점":"NA",
            "1시간내 이동가능 거점":"NA",
            "교통총점":"NA",
            "백화점":0,
            "아울렛몰":0,
            "대형마트":80,
            "은행":0,
            "병원":0,
            "종합병원":100,
            "공원":100,
            "혐오시설":0,
            "인프라총점":35.0,
            "초등학군":86.03,
            "중학군":47.7,
            "학군총점":55.366,
            "인구수":24.26,
            "인구증감":-15.06,
            "인구총점":12.464,
            "일자리":14.5,
            "소득수준":53.56,
            "일자리총점":26.218,
            "가치 총점":46.3915,
            "매매실거래년":20211221.0,
            "매매실거래가":36500.0,
            "전세실거래년":20211124.0,
            "전세실거래가":18500.0,
            "전세가율":73.12,
            "장기전세가율평균":74.76,
            "전세가율거품지수":1.64,
            "검색코드":12836,
            "세대수":607,
            "준공년월":"2005-11-24",
            "준공년차":18,
            "가까운역이름":"NA",
            "가까운역거리":"NA",
            "역세권여부":"NA",
            "30분이내주요거점역":"NA",
            "1시간이내주요거점역":"NA",
            "3km이내백화점수":0,
            "5km이내아울렛몰수":0,
            "1km이내대형먀트수":1,
            "500m이내은행수":1,
            "500m이내병원수":1,
            "5km이내대형병원수":6,
            "500m이내공원수":4,
            "3km이내혐오시설수":0,
            "초등학교학업성취도":86.03,
            "중학교학업성취도":78.7,
            "용적률":289,
            "건폐율":19,
            "Y":35.124546,
            "X":128.976802,
            "rank":13.0,
            "area_info":"25평(85.84), 35평(116.8), 47평(158.43)",
            "last_sales":"2021-12-21,36500.0,35평(116.8)"
        },
        {
            "index":36,
            "아파트명":"파크블루11차",
            "투자타입":"일반",
            "전용면적(m2)":"25.65",
            "전용면적(평)":"7평",
            "법정동주소":"부산시 사상구 괘법동 270-9",
            "도로명주소":"부산시 사상구 광장로87번길 77",
            "세대수":0,
            "입주년차":100,
            "용적률점수":"--",
            "건폐율점수":"--",
            "세대당주차수":0,
            "난방방식":30,
            "공급면적":"--",
            "전용률":"--",
            "욕실수":50,
            "현관타입":100,
            "주거총점":38.0,
            "지역구공급총점":0.0,
            "역세권":"NA",
            "30분내 이동가능 거점":"NA",
            "1시간내 이동가능 거점":"NA",
            "교통총점":"NA",
            "백화점":0,
            "아울렛몰":0,
            "대형마트":100,
            "은행":20,
            "병원":80,
            "종합병원":100,
            "공원":80,
            "혐오시설":0,
            "인프라총점":47.4,
            "초등학군":90.0,
            "중학군":47.22,
            "학군총점":55.776,
            "인구수":24.26,
            "인구증감":-15.06,
            "인구총점":12.464,
            "일자리":14.5,
            "소득수준":53.56,
            "일자리총점":26.218,
            "가치 총점":46.204,
            "매매실거래년":"18000101",
            "매매실거래가":null,
            "전세실거래년":20211207.0,
            "전세실거래가":10000.0,
            "전세가율":null,
            "장기전세가율평균":74.76,
            "전세가율거품지수":null,
            "검색코드":143830,
            "세대수":112,
            "준공년월":"2021-03-11",
            "준공년차":2,
            "가까운역이름":"NA",
            "가까운역거리":"NA",
            "역세권여부":"NA",
            "30분이내주요거점역":"NA",
            "1시간이내주요거점역":"NA",
            "3km이내백화점수":0,
            "5km이내아울렛몰수":0,
            "1km이내대형먀트수":2,
            "500m이내은행수":2,
            "500m이내병원수":37,
            "5km이내대형병원수":3,
            "500m이내공원수":1,
            "3km이내혐오시설수":0,
            "초등학교학업성취도":90.0,
            "중학교학업성취도":78.7,
            "용적률":699,
            "건폐율":65,
            "Y":35.165819,
            "X":128.98434,
            "rank":14.0,
            "area_info":"7평(25.65), 8평(28.47), 8평(28.79), 8평(29.52), 9평(32.19), 11평(38.45), 11평(39.61)",
            "last_sales":"1800-01-01,nan,7평(25.65)"
        },
        {
            "index":285,
            "아파트명":"신주례LG2차",
            "투자타입":"일반",
            "전용면적(m2)":"84.62",
            "전용면적(평)":"25평",
            "법정동주소":"부산시 사상구 주례동 10-4",
            "도로명주소":"부산시 사상구 백양대로342번길 17",
            "세대수":80,
            "입주년차":0,
            "용적률점수":"--",
            "건폐율점수":"--",
            "세대당주차수":30,
            "난방방식":30,
            "공급면적":"--",
            "전용률":"--",
            "욕실수":50,
            "현관타입":10,
            "주거총점":41.5,
            "지역구공급총점":0.0,
            "역세권":"NA",
            "30분내 이동가능 거점":"NA",
            "1시간내 이동가능 거점":"NA",
            "교통총점":"NA",
            "백화점":0,
            "아울렛몰":80,
            "대형마트":80,
            "은행":0,
            "병원":30,
            "종합병원":100,
            "공원":0,
            "혐오시설":-50,
            "인프라총점":42.0,
            "초등학군":90.12,
            "중학군":51.74,
            "학군총점":59.416,
            "인구수":24.26,
            "인구증감":-15.06,
            "인구총점":12.464,
            "일자리":14.5,
            "소득수준":53.56,
            "일자리총점":26.218,
            "가치 총점":46.179,
            "매매실거래년":20220107.0,
            "매매실거래가":49900.0,
            "전세실거래년":20220113.0,
            "전세실거래가":17000.0,
            "전세가율":88.08,
            "장기전세가율평균":74.76,
            "전세가율거품지수":-13.32,
            "검색코드":10934,
            "세대수":874,
            "준공년월":"1996-10-26",
            "준공년차":27,
            "가까운역이름":"NA",
            "가까운역거리":"NA",
            "역세권여부":"NA",
            "30분이내주요거점역":"NA",
            "1시간이내주요거점역":"NA",
            "3km이내백화점수":0,
            "5km이내아울렛몰수":1,
            "1km이내대형먀트수":1,
            "500m이내은행수":1,
            "500m이내병원수":5,
            "5km이내대형병원수":10,
            "500m이내공원수":0,
            "3km이내혐오시설수":1,
            "초등학교학업성취도":90.12,
            "중학교학업성취도":85.5,
            "용적률":334,
            "건폐율":21,
            "Y":35.154082,
            "X":129.013296,
            "rank":15.0,
            "area_info":"25평(84.62), 32평(108.71), 49평(163.78), 59평(196.49)",
            "last_sales":"2022-01-07,49900.0,49평(163.78)"
        },
        {
            "index":50,
            "아파트명":"덕포경동메르빌",
            "투자타입":"일반",
            "전용면적(m2)":"91.28",
            "전용면적(평)":"27평",
            "법정동주소":"부산시 사상구 덕포동 793",
            "도로명주소":"부산시 사상구 덕상로 8-37",
            "세대수":50,
            "입주년차":60,
            "용적률점수":"--",
            "건폐율점수":"--",
            "세대당주차수":30,
            "난방방식":30,
            "공급면적":"--",
            "전용률":"--",
            "욕실수":100,
            "현관타입":100,
            "주거총점":57.0,
            "지역구공급총점":0.0,
            "역세권":"NA",
            "30분내 이동가능 거점":"NA",
            "1시간내 이동가능 거점":"NA",
            "교통총점":"NA",
            "백화점":0,
            "아울렛몰":0,
            "대형마트":0,
            "은행":70,
            "병원":10,
            "종합병원":100,
            "공원":80,
            "혐오시설":0,
            "인프라총점":30.4,
            "초등학군":88.76,
            "중학군":46.62,
            "학군총점":55.048,
            "인구수":24.26,
            "인구증감":-15.06,
            "인구총점":12.464,
            "일자리":14.5,
            "소득수준":53.56,
            "일자리총점":26.218,
            "가치 총점":45.872,
            "매매실거래년":20211213.0,
            "매매실거래가":29400.0,
            "전세실거래년":20210412.0,
            "전세실거래가":20000.0,
            "전세가율":84.03,
            "장기전세가율평균":74.76,
            "전세가율거품지수":-9.27,
            "검색코드":103237,
            "세대수":517,
            "준공년월":"2013-06-25",
            "준공년차":10,
            "가까운역이름":"NA",
            "가까운역거리":"NA",
            "역세권여부":"NA",
            "30분이내주요거점역":"NA",
            "1시간이내주요거점역":"NA",
            "3km이내백화점수":0,
            "5km이내아울렛몰수":0,
            "1km이내대형먀트수":0,
            "500m이내은행수":4,
            "500m이내병원수":3,
            "5km이내대형병원수":5,
            "500m이내공원수":1,
            "3km이내혐오시설수":0,
            "초등학교학업성취도":88.76,
            "중학교학업성취도":77.7,
            "용적률":263,
            "건폐율":29,
            "Y":35.171324,
            "X":128.990578,
            "rank":16.0,
            "area_info":"27평(91.28), 27평(91.93), 29평(98.0), 29평(98.91), 29평(99.01), 31평(102.83), 32평(108.44), 33평(110.36), 34평(114.58), 34평(115.35)",
            "last_sales":"2021-12-13,29400.0,33평(110.36)"
        },
        {
            "index":281,
            "아파트명":"신주례LG1차",
            "투자타입":"일반",
            "전용면적(m2)":"83.31",
            "전용면적(평)":"25평",
            "법정동주소":"부산시 사상구 주례동 3-16",
            "도로명주소":"부산시 사상구 백양대로342번길 16",
            "세대수":90,
            "입주년차":0,
            "용적률점수":"--",
            "건폐율점수":"--",
            "세대당주차수":0,
            "난방방식":30,
            "공급면적":"--",
            "전용률":"--",
            "욕실수":50,
            "현관타입":10,
            "주거총점":40.5,
            "지역구공급총점":0.0,
            "역세권":"NA",
            "30분내 이동가능 거점":"NA",
            "1시간내 이동가능 거점":"NA",
            "교통총점":"NA",
            "백화점":0,
            "아울렛몰":80,
            "대형마트":80,
            "은행":20,
            "병원":10,
            "종합병원":100,
            "공원":0,
            "혐오시설":-50,
            "인프라총점":42.0,
            "초등학군":90.12,
            "중학군":51.74,
            "학군총점":59.416,
            "인구수":24.26,
            "인구증감":-15.06,
            "인구총점":12.464,
            "일자리":14.5,
            "소득수준":53.56,
            "일자리총점":26.218,
            "가치 총점":45.829,
            "매매실거래년":20211115.0,
            "매매실거래가":44500.0,
            "전세실거래년":20211208.0,
            "전세실거래가":17000.0,
            "전세가율":85.0,
            "장기전세가율평균":74.76,
            "전세가율거품지수":-10.24,
            "검색코드":5822,
            "세대수":953,
            "준공년월":"1996-10-26",
            "준공년차":27,
            "가까운역이름":"NA",
            "가까운역거리":"NA",
            "역세권여부":"NA",
            "30분이내주요거점역":"NA",
            "1시간이내주요거점역":"NA",
            "3km이내백화점수":0,
            "5km이내아울렛몰수":1,
            "1km이내대형먀트수":1,
            "500m이내은행수":2,
            "500m이내병원수":3,
            "5km이내대형병원수":10,
            "500m이내공원수":0,
            "3km이내혐오시설수":1,
            "초등학교학업성취도":90.12,
            "중학교학업성취도":85.5,
            "용적률":345,
            "건폐율":19,
            "Y":35.154509,
            "X":129.015047,
            "rank":17.0,
            "area_info":"25평(83.31), 32평(108.49), 49평(163.43), 59평(196.12)",
            "last_sales":"2021-11-15,44500.0,49평(163.43)"
        },
        {
            "index":155,
            "아파트명":"사상구남역동원로얄듀크",
            "투자타입":"일반",
            "전용면적(m2)":"99.54",
            "전용면적(평)":"30평",
            "법정동주소":"부산시 사상구 모라동 1380",
            "도로명주소":"부산시 사상구 백양대로934번길 94",
            "세대수":50,
            "입주년차":100,
            "용적률점수":"--",
            "건폐율점수":"--",
            "세대당주차수":30,
            "난방방식":30,
            "공급면적":"--",
            "전용률":"--",
            "욕실수":100,
            "현관타입":100,
            "주거총점":65.0,
            "지역구공급총점":0.0,
            "역세권":"NA",
            "30분내 이동가능 거점":"NA",
            "1시간내 이동가능 거점":"NA",
            "교통총점":"NA",
            "백화점":0,
            "아울렛몰":0,
            "대형마트":0,
            "은행":0,
            "병원":0,
            "종합병원":100,
            "공원":100,
            "혐오시설":0,
            "인프라총점":23.0,
            "초등학군":87.04,
            "중학군":47.62,
            "학군총점":55.504,
            "인구수":24.26,
            "인구증감":-15.06,
            "인구총점":12.464,
            "일자리":14.5,
            "소득수준":53.56,
            "일자리총점":26.218,
            "가치 총점":45.826,
            "매매실거래년":20211215.0,
            "매매실거래가":52850.0,
            "전세실거래년":20211118.0,
            "전세실거래가":33000.0,
            "전세가율":76.39,
            "장기전세가율평균":74.76,
            "전세가율거품지수":-1.63,
            "검색코드":110745,
            "세대수":498,
            "준공년월":"2019-02-27",
            "준공년차":4,
            "가까운역이름":"NA",
            "가까운역거리":"NA",
            "역세권여부":"NA",
            "30분이내주요거점역":"NA",
            "1시간이내주요거점역":"NA",
            "3km이내백화점수":0,
            "5km이내아울렛몰수":0,
            "1km이내대형먀트수":0,
            "500m이내은행수":0,
            "500m이내병원수":1,
            "5km이내대형병원수":4,
            "500m이내공원수":3,
            "3km이내혐오시설수":0,
            "초등학교학업성취도":87.04,
            "중학교학업성취도":78.5,
            "용적률":264,
            "건폐율":19,
            "Y":35.192297,
            "X":128.995367,
            "rank":18.0,
            "area_info":"30평(99.54), 30평(100.14), 30평(100.13), 34평(112.76)",
            "last_sales":"2021-12-15,52850.0,34평(112.76)"
        },
        {
            "index":6,
            "아파트명":"네오리더스(도시형)",
            "투자타입":"일반",
            "전용면적(m2)":"35.11",
            "전용면적(평)":"10평",
            "법정동주소":"부산시 사상구 괘법동 545-4",
            "도로명주소":"부산시 사상구 광장로87번길 17",
            "세대수":0,
            "입주년차":100,
            "용적률점수":"--",
            "건폐율점수":"--",
            "세대당주차수":0,
            "난방방식":30,
            "공급면적":"--",
            "전용률":"--",
            "욕실수":50,
            "현관타입":10,
            "주거총점":29.0,
            "지역구공급총점":0.0,
            "역세권":"NA",
            "30분내 이동가능 거점":"NA",
            "1시간내 이동가능 거점":"NA",
            "교통총점":"NA",
            "백화점":0,
            "아울렛몰":0,
            "대형마트":100,
            "은행":70,
            "병원":80,
            "종합병원":100,
            "공원":80,
            "혐오시설":0,
            "인프라총점":52.4,
            "초등학군":75.92,
            "중학군":47.22,
            "학군총점":52.96,
            "인구수":24.26,
            "인구증감":-15.06,
            "인구총점":12.464,
            "일자리":14.5,
            "소득수준":53.56,
            "일자리총점":26.218,
            "가치 총점":44.35,
            "매매실거래년":"18000101",
            "매매실거래가":null,
            "전세실거래년":null,
            "전세실거래가":null,
            "전세가율":null,
            "장기전세가율평균":74.76,
            "전세가율거품지수":null,
            "검색코드":126633,
            "세대수":125,
            "준공년월":"2019-09-03",
            "준공년차":4,
            "가까운역이름":"NA",
            "가까운역거리":"NA",
            "역세권여부":"NA",
            "30분이내주요거점역":"NA",
            "1시간이내주요거점역":"NA",
            "3km이내백화점수":0,
            "5km이내아울렛몰수":0,
            "1km이내대형먀트수":2,
            "500m이내은행수":3,
            "500m이내병원수":31,
            "5km이내대형병원수":3,
            "500m이내공원수":1,
            "3km이내혐오시설수":0,
            "초등학교학업성취도":75.92,
            "중학교학업성취도":78.7,
            "용적률":862,
            "건폐율":47,
            "Y":35.163176,
            "X":128.985485,
            "rank":19.0,
            "area_info":"10평(35.11), 10평(35.11), 15평(52.08), 15평(52.08), 15평(52.08)",
            "last_sales":"1800-01-01,nan,10평(35.11)"
        },
        {
            "index":28,
            "아파트명":"사상역포르투나더테라스(도시형)",
            "투자타입":"일반",
            "전용면적(m2)":"28.91",
            "전용면적(평)":"8평",
            "법정동주소":"부산시 사상구 괘법동 564-8",
            "도로명주소":"부산시 사상구 광장로 54",
            "세대수":0,
            "입주년차":100,
            "용적률점수":"--",
            "건폐율점수":"--",
            "세대당주차수":0,
            "난방방식":30,
            "공급면적":"--",
            "전용률":"--",
            "욕실수":50,
            "현관타입":10,
            "주거총점":29.0,
            "지역구공급총점":0.0,
            "역세권":"NA",
            "30분내 이동가능 거점":"NA",
            "1시간내 이동가능 거점":"NA",
            "교통총점":"NA",
            "백화점":0,
            "아울렛몰":0,
            "대형마트":100,
            "은행":70,
            "병원":60,
            "종합병원":100,
            "공원":80,
            "혐오시설":0,
            "인프라총점":50.4,
            "초등학군":75.92,
            "중학군":47.22,
            "학군총점":52.96,
            "인구수":24.26,
            "인구증감":-15.06,
            "인구총점":12.464,
            "일자리":14.5,
            "소득수준":53.56,
            "일자리총점":26.218,
            "가치 총점":43.55,
            "매매실거래년":20211215.0,
            "매매실거래가":11000.0,
            "전세실거래년":20220111.0,
            "전세실거래가":9500.0,
            "전세가율":null,
            "장기전세가율평균":74.76,
            "전세가율거품지수":null,
            "검색코드":136082,
            "세대수":234,
            "준공년월":"2021-01-25",
            "준공년차":2,
            "가까운역이름":"NA",
            "가까운역거리":"NA",
            "역세권여부":"NA",
            "30분이내주요거점역":"NA",
            "1시간이내주요거점역":"NA",
            "3km이내백화점수":0,
            "5km이내아울렛몰수":0,
            "1km이내대형먀트수":2,
            "500m이내은행수":4,
            "500m이내병원수":29,
            "5km이내대형병원수":3,
            "500m이내공원수":1,
            "3km이내혐오시설수":0,
            "초등학교학업성취도":75.92,
            "중학교학업성취도":78.7,
            "용적률":1174,
            "건폐율":79,
            "Y":35.161879,
            "X":128.982279,
            "rank":20.0,
            "area_info":"8평(28.91), 8평(28.67), 10평(33.87), 10평(33.88), 10평(34.24)",
            "last_sales":"2021-12-15,11000.0,8평(28.67)"
        },
        {
            "index":380,
            "아파트명":"신구덕우성",
            "투자타입":"일반",
            "전용면적(m2)":"80.54",
            "전용면적(평)":"24평",
            "법정동주소":"부산시 사상구 학장동 571-3",
            "도로명주소":"부산시 사상구 학감대로 109-16",
            "세대수":80,
            "입주년차":20,
            "용적률점수":"--",
            "건폐율점수":"--",
            "세대당주차수":30,
            "난방방식":30,
            "공급면적":"--",
            "전용률":"--",
            "욕실수":50,
            "현관타입":100,
            "주거총점":54.5,
            "지역구공급총점":0.0,
            "역세권":"NA",
            "30분내 이동가능 거점":"NA",
            "1시간내 이동가능 거점":"NA",
            "교통총점":"NA",
            "백화점":0,
            "아울렛몰":0,
            "대형마트":0,
            "은행":0,
            "병원":30,
            "종합병원":100,
            "공원":80,
            "혐오시설":0,
            "인프라총점":25.4,
            "초등학군":82.88,
            "중학군":49.36,
            "학군총점":56.064,
            "인구수":24.26,
            "인구증감":-15.06,
            "인구총점":12.464,
            "일자리":14.5,
            "소득수준":53.56,
            "일자리총점":26.218,
            "가치 총점":43.251,
            "매매실거래년":20220112.0,
            "매매실거래가":16000.0,
            "전세실거래년":20210313.0,
            "전세실거래가":13500.0,
            "전세가율":84.38,
            "장기전세가율평균":74.76,
            "전세가율거품지수":-9.62,
            "검색코드":6065,
            "세대수":763,
            "준공년월":"2000-09-04",
            "준공년차":23,
            "가까운역이름":"NA",
            "가까운역거리":"NA",
            "역세권여부":"NA",
            "30분이내주요거점역":"NA",
            "1시간이내주요거점역":"NA",
            "3km이내백화점수":0,
            "5km이내아울렛몰수":0,
            "1km이내대형먀트수":0,
            "500m이내은행수":0,
            "500m이내병원수":9,
            "5km이내대형병원수":5,
            "500m이내공원수":1,
            "3km이내혐오시설수":0,
            "초등학교학업성취도":82.88,
            "중학교학업성취도":81.0,
            "용적률":276,
            "건폐율":18,
            "Y":35.140287,
            "X":128.987546,
            "rank":21.0,
            "area_info":"24평(80.54), 29평(97.52), 33평(110.53), 40평(135.16), 50평(166.69)",
            "last_sales":"2022-01-12,16000.0,24평(80.54)"
        },
        {
            "index":171,
            "아파트명":"우신모라",
            "투자타입":"재건축",
            "전용면적(m2)":"62.15",
            "전용면적(평)":"18평",
            "법정동주소":"부산시 사상구 모라동 1362",
            "도로명주소":"부산시 사상구 백양대로 880",
            "세대수":100,
            "입주년차":"--",
            "용적률점수":0,
            "건폐율점수":80,
            "세대당주차수":"--",
            "난방방식":"--",
            "공급면적":50,
            "전용률":60,
            "욕실수":"--",
            "현관타입":"--",
            "주거총점":51.5,
            "지역구공급총점":0.0,
            "역세권":"NA",
            "30분내 이동가능 거점":"NA",
            "1시간내 이동가능 거점":"NA",
            "교통총점":"NA",
            "백화점":0,
            "아울렛몰":0,
            "대형마트":0,
            "은행":20,
            "병원":60,
            "종합병원":100,
            "공원":100,
            "혐오시설":0,
            "인프라총점":31.0,
            "초등학군":88.5,
            "중학군":41.98,
            "학군총점":51.284,
            "인구수":24.26,
            "인구증감":-15.06,
            "인구총점":12.464,
            "일자리":14.5,
            "소득수준":53.56,
            "일자리총점":26.218,
            "가치 총점":43.246,
            "매매실거래년":20211223.0,
            "매매실거래가":19400.0,
            "전세실거래년":20211016.0,
            "전세실거래가":12000.0,
            "전세가율":88.89,
            "장기전세가율평균":74.76,
            "전세가율거품지수":-14.13,
            "검색코드":9781,
            "세대수":1620,
            "준공년월":"1992-06-16",
            "준공년차":31,
            "가까운역이름":"NA",
            "가까운역거리":"NA",
            "역세권여부":"NA",
            "30분이내주요거점역":"NA",
            "1시간이내주요거점역":"NA",
            "3km이내백화점수":0,
            "5km이내아울렛몰수":0,
            "1km이내대형먀트수":0,
            "500m이내은행수":2,
            "500m이내병원수":20,
            "5km이내대형병원수":4,
            "500m이내공원수":2,
            "3km이내혐오시설수":0,
            "초등학교학업성취도":88.5,
            "중학교학업성취도":69.7,
            "용적률":293,
            "건폐율":24,
            "Y":35.184395,
            "X":128.991593,
            "rank":22.0,
            "area_info":"18평(62.15), 23평(78.71), 23평(78.29), 23평(78.29), 29평(98.31), 31평(103.45)",
            "last_sales":"2021-12-23,19400.0,29평(98.31)"
        },
        {
            "index":430,
            "아파트명":"학장삼정그린코아",
            "투자타입":"일반",
            "전용면적(m2)":"81.98",
            "전용면적(평)":"24평",
            "법정동주소":"부산시 사상구 학장동 858",
            "도로명주소":"부산시 사상구 학감대로123번길 67",
            "세대수":50,
            "입주년차":80,
            "용적률점수":"--",
            "건폐율점수":"--",
            "세대당주차수":0,
            "난방방식":30,
            "공급면적":"--",
            "전용률":"--",
            "욕실수":100,
            "현관타입":100,
            "주거총점":56.5,
            "지역구공급총점":0.0,
            "역세권":"NA",
            "30분내 이동가능 거점":"NA",
            "1시간내 이동가능 거점":"NA",
            "교통총점":"NA",
            "백화점":0,
            "아울렛몰":0,
            "대형마트":0,
            "은행":0,
            "병원":30,
            "종합병원":100,
            "공원":0,
            "혐오시설":0,
            "인프라총점":23.0,
            "초등학군":84.02,
            "중학군":49.36,
            "학군총점":56.292,
            "인구수":24.26,
            "인구증감":-15.06,
            "인구총점":12.464,
            "일자리":14.5,
            "소득수준":53.56,
            "일자리총점":26.218,
            "가치 총점":43.048,
            "매매실거래년":20211209.0,
            "매매실거래가":28800.0,
            "전세실거래년":20211022.0,
            "전세실거래가":25000.0,
            "전세가율":83.89,
            "장기전세가율평균":74.76,
            "전세가율거품지수":-9.13,
            "검색코드":104038,
            "세대수":511,
            "준공년월":"2014-04-28",
            "준공년차":9,
            "가까운역이름":"NA",
            "가까운역거리":"NA",
            "역세권여부":"NA",
            "30분이내주요거점역":"NA",
            "1시간이내주요거점역":"NA",
            "3km이내백화점수":0,
            "5km이내아울렛몰수":0,
            "1km이내대형먀트수":0,
            "500m이내은행수":0,
            "500m이내병원수":9,
            "5km이내대형병원수":5,
            "500m이내공원수":0,
            "3km이내혐오시설수":0,
            "초등학교학업성취도":84.02,
            "중학교학업성취도":81.0,
            "용적률":197,
            "건폐율":15,
            "Y":35.140395,
            "X":128.985353,
            "rank":23.0,
            "area_info":"24평(81.98), 24평(81.56), 25평(82.99), 28평(95.11), 34평(113.98)",
            "last_sales":"2021-12-09,28800.0,24평(81.56)"
        },
        {
            "index":356,
            "아파트명":"현대무지개타운",
            "투자타입":"일반",
            "전용면적(m2)":"93.44",
            "전용면적(평)":"28평",
            "법정동주소":"부산시 사상구 주례동 530-5",
            "도로명주소":"부산시 사상구 주례로 93",
            "세대수":90,
            "입주년차":0,
            "용적률점수":"--",
            "건폐율점수":"--",
            "세대당주차수":0,
            "난방방식":30,
            "공급면적":"--",
            "전용률":"--",
            "욕실수":50,
            "현관타입":100,
            "주거총점":49.5,
            "지역구공급총점":0.0,
            "역세권":"NA",
            "30분내 이동가능 거점":"NA",
            "1시간내 이동가능 거점":"NA",
            "교통총점":"NA",
            "백화점":0,
            "아울렛몰":0,
            "대형마트":80,
            "은행":0,
            "병원":0,
            "종합병원":100,
            "공원":0,
            "혐오시설":0,
            "인프라총점":32.0,
            "초등학군":86.08,
            "중학군":43.0,
            "학군총점":51.616,
            "인구수":24.26,
            "인구증감":-15.06,
            "인구총점":12.464,
            "일자리":14.5,
            "소득수준":53.56,
            "일자리총점":26.218,
            "가치 총점":43.029,
            "매매실거래년":20211228.0,
            "매매실거래가":24000.0,
            "전세실거래년":20200211.0,
            "전세실거래가":14000.0,
            "전세가율":71.07,
            "장기전세가율평균":74.76,
            "전세가율거품지수":3.69,
            "검색코드":5864,
            "세대수":977,
            "준공년월":"1993-09-03",
            "준공년차":30,
            "가까운역이름":"NA",
            "가까운역거리":"NA",
            "역세권여부":"NA",
            "30분이내주요거점역":"NA",
            "1시간이내주요거점역":"NA",
            "3km이내백화점수":0,
            "5km이내아울렛몰수":0,
            "1km이내대형먀트수":1,
            "500m이내은행수":0,
            "500m이내병원수":0,
            "5km이내대형병원수":11,
            "500m이내공원수":0,
            "3km이내혐오시설수":0,
            "초등학교학업성취도":86.08,
            "중학교학업성취도":69.6,
            "용적률":347,
            "건폐율":34,
            "Y":35.145352,
            "X":129.005155,
            "rank":24.0,
            "area_info":"28평(93.44), 30평(102.24), 37평(123.4), 39평(129.51), 40평(134.73)",
            "last_sales":"2021-12-28,24000.0,40평(134.73)"
        },
        {
            "index":339,
            "아파트명":"주례청구",
            "투자타입":"일반",
            "전용면적(m2)":"79.6",
            "전용면적(평)":"24평",
            "법정동주소":"부산시 사상구 주례동 955-2",
            "도로명주소":"부산시 사상구 백양대로494번길 38",
            "세대수":80,
            "입주년차":20,
            "용적률점수":"--",
            "건폐율점수":"--",
            "세대당주차수":30,
            "난방방식":30,
            "공급면적":"--",
            "전용률":"--",
            "욕실수":50,
            "현관타입":100,
            "주거총점":54.5,
            "지역구공급총점":0.0,
            "역세권":"NA",
            "30분내 이동가능 거점":"NA",
            "1시간내 이동가능 거점":"NA",
            "교통총점":"NA",
            "백화점":0,
            "아울렛몰":0,
            "대형마트":0,
            "은행":0,
            "병원":10,
            "종합병원":100,
            "공원":100,
            "혐오시설":0,
            "인프라총점":24.0,
            "초등학군":88.67,
            "중학군":48.18,
            "학군총점":56.278,
            "인구수":24.26,
            "인구증감":-15.06,
            "인구총점":12.464,
            "일자리":14.5,
            "소득수준":53.56,
            "일자리총점":26.218,
            "가치 총점":42.7445,
            "매매실거래년":20210928.0,
            "매매실거래가":34200.0,
            "전세실거래년":20170804.0,
            "전세실거래가":14000.0,
            "전세가율":82.35,
            "장기전세가율평균":74.76,
            "전세가율거품지수":-7.59,
            "검색코드":9285,
            "세대수":831,
            "준공년월":"2002-01-29",
            "준공년차":21,
            "가까운역이름":"NA",
            "가까운역거리":"NA",
            "역세권여부":"NA",
            "30분이내주요거점역":"NA",
            "1시간이내주요거점역":"NA",
            "3km이내백화점수":0,
            "5km이내아울렛몰수":0,
            "1km이내대형먀트수":0,
            "500m이내은행수":0,
            "500m이내병원수":2,
            "5km이내대형병원수":6,
            "500m이내공원수":5,
            "3km이내혐오시설수":0,
            "초등학교학업성취도":88.67,
            "중학교학업성취도":79.5,
            "용적률":237,
            "건폐율":20,
            "Y":35.15506,
            "X":129.000884,
            "rank":25.0,
            "area_info":"24평(79.6), 24평(80.59), 29평(96.04), 32평(106.78), 32평(108.9), 46평(153.26)",
            "last_sales":"2021-09-28,34200.0,46평(153.26)"
        },
        {
            "index":43,
            "아파트명":"한신1차",
            "투자타입":"일반",
            "전용면적(m2)":"75.74",
            "전용면적(평)":"22평",
            "법정동주소":"부산시 사상구 괘법동 516-1",
            "도로명주소":"부산시 사상구 낙동대로1210번길 53",
            "세대수":50,
            "입주년차":0,
            "용적률점수":"--",
            "건폐율점수":"--",
            "세대당주차수":0,
            "난방방식":30,
            "공급면적":"--",
            "전용률":"--",
            "욕실수":50,
            "현관타입":10,
            "주거총점":26.5,
            "지역구공급총점":0.0,
            "역세권":"NA",
            "30분내 이동가능 거점":"NA",
            "1시간내 이동가능 거점":"NA",
            "교통총점":"NA",
            "백화점":0,
            "아울렛몰":0,
            "대형마트":100,
            "은행":70,
            "병원":60,
            "종합병원":100,
            "공원":0,
            "혐오시설":0,
            "인프라총점":48.0,
            "초등학군":90.0,
            "중학군":47.22,
            "학군총점":55.776,
            "인구수":24.26,
            "인구증감":-15.06,
            "인구총점":12.464,
            "일자리":14.5,
            "소득수준":53.56,
            "일자리총점":26.218,
            "가치 총점":42.419,
            "매매실거래년":20211227.0,
            "매매실거래가":23000.0,
            "전세실거래년":20211129.0,
            "전세실거래가":18900.0,
            "전세가율":82.17,
            "장기전세가율평균":74.76,
            "전세가율거품지수":-7.41,
            "검색코드":5548,
            "세대수":434,
            "준공년월":"1994-12-14",
            "준공년차":29,
            "가까운역이름":"NA",
            "가까운역거리":"NA",
            "역세권여부":"NA",
            "30분이내주요거점역":"NA",
            "1시간이내주요거점역":"NA",
            "3km이내백화점수":0,
            "5km이내아울렛몰수":0,
            "1km이내대형먀트수":2,
            "500m이내은행수":3,
            "500m이내병원수":29,
            "5km이내대형병원수":3,
            "500m이내공원수":0,
            "3km이내혐오시설수":0,
            "초등학교학업성취도":90.0,
            "중학교학업성취도":78.7,
            "용적률":0,
            "건폐율":0,
            "Y":35.167867,
            "X":128.98013,
            "rank":26.0,
            "area_info":"22평(75.74), 22평(75.74), 32평(107.55), 51평(170.73)",
            "last_sales":"2021-12-27,23000.0,22평(75.74)"
        },
        {
            "index":365,
            "아파트명":"금강",
            "투자타입":"재건축",
            "전용면적(m2)":"96.37",
            "전용면적(평)":"29평",
            "법정동주소":"부산시 사상구 학장동 819",
            "도로명주소":"부산시 사상구 대동로64번길 25",
            "세대수":80,
            "입주년차":"--",
            "용적률점수":0,
            "건폐율점수":100,
            "세대당주차수":"--",
            "난방방식":"--",
            "공급면적":70,
            "전용률":80,
            "욕실수":"--",
            "현관타입":"--",
            "주거총점":51.5,
            "지역구공급총점":0.0,
            "역세권":"NA",
            "30분내 이동가능 거점":"NA",
            "1시간내 이동가능 거점":"NA",
            "교통총점":"NA",
            "백화점":0,
            "아울렛몰":0,
            "대형마트":0,
            "은행":0,
            "병원":60,
            "종합병원":100,
            "공원":0,
            "혐오시설":0,
            "인프라총점":26.0,
            "초등학군":88.06,
            "중학군":47.7,
            "학군총점":55.772,
            "인구수":24.26,
            "인구증감":-15.06,
            "인구총점":12.464,
            "일자리":14.5,
            "소득수준":53.56,
            "일자리총점":26.218,
            "가치 총점":42.368,
            "매매실거래년":20211001.0,
            "매매실거래가":18200.0,
            "전세실거래년":20220108.0,
            "전세실거래가":15000.0,
            "전세가율":82.42,
            "장기전세가율평균":74.76,
            "전세가율거품지수":-7.66,
            "검색코드":5882,
            "세대수":730,
            "준공년월":"1992-10-27",
            "준공년차":31,
            "가까운역이름":"NA",
            "가까운역거리":"NA",
            "역세권여부":"NA",
            "30분이내주요거점역":"NA",
            "1시간이내주요거점역":"NA",
            "3km이내백화점수":0,
            "5km이내아울렛몰수":0,
            "1km이내대형먀트수":0,
            "500m이내은행수":0,
            "500m이내병원수":10,
            "5km이내대형병원수":5,
            "500m이내공원수":0,
            "3km이내혐오시설수":0,
            "초등학교학업성취도":88.06,
            "중학교학업성취도":78.7,
            "용적률":223,
            "건폐율":17,
            "Y":35.136161,
            "X":128.978323,
            "rank":27.0,
            "area_info":"29평(96.37), 31평(102.83), 31평(103.13)",
            "last_sales":"2021-10-01,18200.0,29평(96.37)"
        },
        {
            "index":314,
            "아파트명":"주례럭키",
            "투자타입":"재건축",
            "전용면적(m2)":"57.54",
            "전용면적(평)":"17평",
            "법정동주소":"부산시 사상구 주례동 595",
            "도로명주소":"부산시 사상구 가야대로284번길 12",
            "세대수":100,
            "입주년차":"--",
            "용적률점수":0,
            "건폐율점수":0,
            "세대당주차수":"--",
            "난방방식":"--",
            "공급면적":50,
            "전용률":60,
            "욕실수":"--",
            "현관타입":"--",
            "주거총점":35.5,
            "지역구공급총점":0.0,
            "역세권":"NA",
            "30분내 이동가능 거점":"NA",
            "1시간내 이동가능 거점":"NA",
            "교통총점":"NA",
            "백화점":0,
            "아울렛몰":0,
            "대형마트":80,
            "은행":20,
            "병원":80,
            "종합병원":100,
            "공원":0,
            "혐오시설":0,
            "인프라총점":42.0,
            "초등학군":86.08,
            "중학군":43.0,
            "학군총점":51.616,
            "인구수":24.26,
            "인구증감":-15.06,
            "인구총점":12.464,
            "일자리":14.5,
            "소득수준":53.56,
            "일자리총점":26.218,
            "가치 총점":42.129,
            "매매실거래년":20211124.0,
            "매매실거래가":50250.0,
            "전세실거래년":20211122.0,
            "전세실거래가":12000.0,
            "전세가율":41.38,
            "장기전세가율평균":74.76,
            "전세가율거품지수":33.38,
            "검색코드":5834,
            "세대수":1962,
            "준공년월":"1987-04-11",
            "준공년차":36,
            "가까운역이름":"NA",
            "가까운역거리":"NA",
            "역세권여부":"NA",
            "30분이내주요거점역":"NA",
            "1시간이내주요거점역":"NA",
            "3km이내백화점수":0,
            "5km이내아울렛몰수":0,
            "1km이내대형먀트수":1,
            "500m이내은행수":2,
            "500m이내병원수":30,
            "5km이내대형병원수":8,
            "500m이내공원수":0,
            "3km이내혐오시설수":0,
            "초등학교학업성취도":86.08,
            "중학교학업성취도":69.6,
            "용적률":0,
            "건폐율":0,
            "Y":35.147837,
            "X":129.003342,
            "rank":28.0,
            "area_info":"17평(57.54), 18평(59.67), 23평(76.91), 23평(77.74), 28평(92.99), 28평(92.62), 30평(99.95), 30평(102.03)",
            "last_sales":"2021-11-24,50250.0,30평(102.03)"
        },
        {
            "index":337,
            "아파트명":"주례창우블루빌",
            "투자타입":"일반",
            "전용면적(m2)":"78.76",
            "전용면적(평)":"23평",
            "법정동주소":"부산시 사상구 주례동 213-7",
            "도로명주소":"부산시 사상구 주감로 207-6",
            "세대수":0,
            "입주년차":40,
            "용적률점수":"--",
            "건폐율점수":"--",
            "세대당주차수":0,
            "난방방식":30,
            "공급면적":"--",
            "전용률":"--",
            "욕실수":50,
            "현관타입":100,
            "주거총점":26.0,
            "지역구공급총점":0.0,
            "역세권":"NA",
            "30분내 이동가능 거점":"NA",
            "1시간내 이동가능 거점":"NA",
            "교통총점":"NA",
            "백화점":0,
            "아울렛몰":80,
            "대형마트":80,
            "은행":0,
            "병원":60,
            "종합병원":100,
            "공원":80,
            "혐오시설":-50,
            "인프라총점":47.4,
            "초등학군":88.67,
            "중학군":46.88,
            "학군총점":55.238,
            "인구수":24.26,
            "인구증감":-15.06,
            "인구총점":12.464,
            "일자리":14.5,
            "소득수준":53.56,
            "일자리총점":26.218,
            "가치 총점":41.8695,
            "매매실거래년":20210501.0,
            "매매실거래가":20200.0,
            "전세실거래년":20210226.0,
            "전세실거래가":19000.0,
            "전세가율":118.01,
            "장기전세가율평균":74.76,
            "전세가율거품지수":-43.25,
            "검색코드":19781,
            "세대수":118,
            "준공년월":"2004-10-16",
            "준공년차":19,
            "가까운역이름":"NA",
            "가까운역거리":"NA",
            "역세권여부":"NA",
            "30분이내주요거점역":"NA",
            "1시간이내주요거점역":"NA",
            "3km이내백화점수":0,
            "5km이내아울렛몰수":1,
            "1km이내대형먀트수":1,
            "500m이내은행수":0,
            "500m이내병원수":12,
            "5km이내대형병원수":10,
            "500m이내공원수":1,
            "3km이내혐오시설수":1,
            "초등학교학업성취도":88.67,
            "중학교학업성취도":76.4,
            "용적률":345,
            "건폐율":27,
            "Y":35.15208,
            "X":129.00884,
            "rank":29.0,
            "area_info":"23평(78.76), 29평(97.69)",
            "last_sales":"2021-05-01,20200.0,29평(97.69)"
        },
        {
            "index":244,
            "아파트명":"경동윈츠빌",
            "투자타입":"일반",
            "전용면적(m2)":"34.29",
            "전용면적(평)":"10평",
            "법정동주소":"부산시 사상구 주례동 55-139",
            "도로명주소":"부산시 사상구 냉정로 120",
            "세대수":30,
            "입주년차":40,
            "용적률점수":"--",
            "건폐율점수":"--",
            "세대당주차수":0,
            "난방방식":30,
            "공급면적":"--",
            "전용률":"--",
            "욕실수":50,
            "현관타입":100,
            "주거총점":36.5,
            "지역구공급총점":0.0,
            "역세권":"NA",
            "30분내 이동가능 거점":"NA",
            "1시간내 이동가능 거점":"NA",
            "교통총점":"NA",
            "백화점":0,
            "아울렛몰":80,
            "대형마트":80,
            "은행":0,
            "병원":10,
            "종합병원":100,
            "공원":100,
            "혐오시설":-50,
            "인프라총점":43.0,
            "초등학군":88.53,
            "중학군":37.02,
            "학군총점":47.322,
            "인구수":24.26,
            "인구증감":-15.06,
            "인구총점":12.464,
            "일자리":14.5,
            "소득수준":53.56,
            "일자리총점":26.218,
            "가치 총점":41.8055,
            "매매실거래년":20211031.0,
            "매매실거래가":18000.0,
            "전세실거래년":20150506.0,
            "전세실거래가":5000.0,
            "전세가율":78.12,
            "장기전세가율평균":74.76,
            "전세가율거품지수":-3.36,
            "검색코드":25817,
            "세대수":312,
            "준공년월":"2004-09-14",
            "준공년차":19,
            "가까운역이름":"NA",
            "가까운역거리":"NA",
            "역세권여부":"NA",
            "30분이내주요거점역":"NA",
            "1시간이내주요거점역":"NA",
            "3km이내백화점수":0,
            "5km이내아울렛몰수":1,
            "1km이내대형먀트수":1,
            "500m이내은행수":1,
            "500m이내병원수":3,
            "5km이내대형병원수":11,
            "500m이내공원수":2,
            "3km이내혐오시설수":1,
            "초등학교학업성취도":88.53,
            "중학교학업성취도":60.5,
            "용적률":588,
            "건폐율":57,
            "Y":35.149467,
            "X":129.013272,
            "rank":30.0,
            "area_info":"10평(34.29), 12평(40.5), 12평(40.97), 12평(41.28), 13평(43.29), 22평(73.71), 23평(78.8), 25평(85.92), 27평(89.37), 29평(98.71), 31평(102.77)",
            "last_sales":"2021-10-31,18000.0,25평(85.92)"
        },
        {
            "index":408,
            "아파트명":"학장반도보라타운",
            "투자타입":"일반",
            "전용면적(m2)":"78.34",
            "전용면적(평)":"23평",
            "법정동주소":"부산시 사상구 학장동 573-1",
            "도로명주소":"부산시 사상구 대동로 98",
            "세대수":90,
            "입주년차":0,
            "용적률점수":"--",
            "건폐율점수":"--",
            "세대당주차수":0,
            "난방방식":30,
            "공급면적":"--",
            "전용률":"--",
            "욕실수":50,
            "현관타입":100,
            "주거총점":49.5,
            "지역구공급총점":0.0,
            "역세권":"NA",
            "30분내 이동가능 거점":"NA",
            "1시간내 이동가능 거점":"NA",
            "교통총점":"NA",
            "백화점":0,
            "아울렛몰":0,
            "대형마트":0,
            "은행":0,
            "병원":60,
            "종합병원":100,
            "공원":0,
            "혐오시설":0,
            "인프라총점":26.0,
            "초등학군":88.06,
            "중학군":47.7,
            "학군총점":55.772,
            "인구수":24.26,
            "인구증감":-15.06,
            "인구총점":12.464,
            "일자리":14.5,
            "소득수준":53.56,
            "일자리총점":26.218,
            "가치 총점":41.668,
            "매매실거래년":20211218.0,
            "매매실거래가":17900.0,
            "전세실거래년":20211220.0,
            "전세실거래가":17000.0,
            "전세가율":94.97,
            "장기전세가율평균":74.76,
            "전세가율거품지수":-20.21,
            "검색코드":5914,
            "세대수":998,
            "준공년월":"1994-08-01",
            "준공년차":29,
            "가까운역이름":"NA",
            "가까운역거리":"NA",
            "역세권여부":"NA",
            "30분이내주요거점역":"NA",
            "1시간이내주요거점역":"NA",
            "3km이내백화점수":0,
            "5km이내아울렛몰수":0,
            "1km이내대형먀트수":0,
            "500m이내은행수":0,
            "500m이내병원수":11,
            "5km이내대형병원수":5,
            "500m이내공원수":0,
            "3km이내혐오시설수":0,
            "초등학교학업성취도":88.06,
            "중학교학업성취도":78.7,
            "용적률":390,
            "건폐율":39,
            "Y":35.13743,
            "X":128.97937,
            "rank":31.0,
            "area_info":"23평(78.34), 31평(104.54), 46평(155.24), 48평(161.24)",
            "last_sales":"2021-12-18,17900.0,23평(78.34)"
        },
        {
            "index":71,
            "아파트명":"덕포신익타운",
            "투자타입":"일반",
            "전용면적(m2)":"100.98",
            "전용면적(평)":"30평",
            "법정동주소":"부산시 사상구 덕포동 49",
            "도로명주소":"부산시 사상구 덕상로 20",
            "세대수":50,
            "입주년차":0,
            "용적률점수":"--",
            "건폐율점수":"--",
            "세대당주차수":0,
            "난방방식":30,
            "공급면적":"--",
            "전용률":"--",
            "욕실수":100,
            "현관타입":100,
            "주거총점":40.5,
            "지역구공급총점":0.0,
            "역세권":"NA",
            "30분내 이동가능 거점":"NA",
            "1시간내 이동가능 거점":"NA",
            "교통총점":"NA",
            "백화점":0,
            "아울렛몰":0,
            "대형마트":0,
            "은행":100,
            "병원":10,
            "종합병원":100,
            "공원":100,
            "혐오시설":0,
            "인프라총점":34.0,
            "초등학군":88.76,
            "중학군":46.62,
            "학군총점":55.048,
            "인구수":24.26,
            "인구증감":-15.06,
            "인구총점":12.464,
            "일자리":14.5,
            "소득수준":53.56,
            "일자리총점":26.218,
            "가치 총점":41.537,
            "매매실거래년":20211130.0,
            "매매실거래가":14400.0,
            "전세실거래년":null,
            "전세실거래가":null,
            "전세가율":null,
            "장기전세가율평균":74.76,
            "전세가율거품지수":null,
            "검색코드":5574,
            "세대수":420,
            "준공년월":"1994-08-11",
            "준공년차":29,
            "가까운역이름":"NA",
            "가까운역거리":"NA",
            "역세권여부":"NA",
            "30분이내주요거점역":"NA",
            "1시간이내주요거점역":"NA",
            "3km이내백화점수":0,
            "5km이내아울렛몰수":0,
            "1km이내대형먀트수":0,
            "500m이내은행수":5,
            "500m이내병원수":3,
            "5km이내대형병원수":5,
            "500m이내공원수":2,
            "3km이내혐오시설수":0,
            "초등학교학업성취도":88.76,
            "중학교학업성취도":77.7,
            "용적률":246,
            "건폐율":18,
            "Y":35.172653,
            "X":128.990111,
            "rank":32.0,
            "area_info":"30평(100.98), 30평(101.36), 30평(101.66), 30평(101.31), 30평(101.11)",
            "last_sales":"2021-11-30,14400.0,30평(101.31)"
        },
        {
            "index":129,
            "아파트명":"모라벽산",
            "투자타입":"일반",
            "전용면적(m2)":"79.77",
            "전용면적(평)":"24평",
            "법정동주소":"부산시 사상구 모라동 203",
            "도로명주소":"부산시 사상구 백양대로934번길 84",
            "세대수":80,
            "입주년차":20,
            "용적률점수":"--",
            "건폐율점수":"--",
            "세대당주차수":30,
            "난방방식":30,
            "공급면적":"--",
            "전용률":"--",
            "욕실수":50,
            "현관타입":100,
            "주거총점":54.5,
            "지역구공급총점":0.0,
            "역세권":"NA",
            "30분내 이동가능 거점":"NA",
            "1시간내 이동가능 거점":"NA",
            "교통총점":"NA",
            "백화점":0,
            "아울렛몰":0,
            "대형마트":0,
            "은행":0,
            "병원":10,
            "종합병원":100,
            "공원":100,
            "혐오시설":0,
            "인프라총점":24.0,
            "초등학군":84.04,
            "중학군":41.98,
            "학군총점":50.392,
            "인구수":24.26,
            "인구증감":-15.06,
            "인구총점":12.464,
            "일자리":14.5,
            "소득수준":53.56,
            "일자리총점":26.218,
            "가치 총점":41.273,
            "매매실거래년":20211219.0,
            "매매실거래가":22900.0,
            "전세실거래년":20210725.0,
            "전세실거래가":11000.0,
            "전세가율":72.85,
            "장기전세가율평균":74.76,
            "전세가율거품지수":1.91,
            "검색코드":5593,
            "세대수":780,
            "준공년월":"2001-09-15",
            "준공년차":22,
            "가까운역이름":"NA",
            "가까운역거리":"NA",
            "역세권여부":"NA",
            "30분이내주요거점역":"NA",
            "1시간이내주요거점역":"NA",
            "3km이내백화점수":0,
            "5km이내아울렛몰수":0,
            "1km이내대형먀트수":0,
            "500m이내은행수":0,
            "500m이내병원수":2,
            "5km이내대형병원수":4,
            "500m이내공원수":3,
            "3km이내혐오시설수":0,
            "초등학교학업성취도":84.04,
            "중학교학업성취도":69.7,
            "용적률":294,
            "건폐율":17,
            "Y":35.1914,
            "X":128.99472,
            "rank":33.0,
            "area_info":"24평(79.77), 32평(106.79), 44평(146.67)",
            "last_sales":"2021-12-19,22900.0,32평(106.79)"
        },
        {
            "index":67,
            "아파트명":"덕포벽산블루밍",
            "투자타입":"일반",
            "전용면적(m2)":"97.29",
            "전용면적(평)":"29평",
            "법정동주소":"부산시 사상구 덕포동 386-3",
            "도로명주소":"부산시 사상구 사상로342번길 39",
            "세대수":30,
            "입주년차":40,
            "용적률점수":"--",
            "건폐율점수":"--",
            "세대당주차수":30,
            "난방방식":30,
            "공급면적":"--",
            "전용률":"--",
            "욕실수":100,
            "현관타입":100,
            "주거총점":46.0,
            "지역구공급총점":0.0,
            "역세권":"NA",
            "30분내 이동가능 거점":"NA",
            "1시간내 이동가능 거점":"NA",
            "교통총점":"NA",
            "백화점":0,
            "아울렛몰":0,
            "대형마트":0,
            "은행":20,
            "병원":30,
            "종합병원":100,
            "공원":100,
            "혐오시설":0,
            "인프라총점":28.0,
            "초등학군":87.18,
            "중학군":47.22,
            "학군총점":55.212,
            "인구수":24.26,
            "인구증감":-15.06,
            "인구총점":12.464,
            "일자리":14.5,
            "소득수준":53.56,
            "일자리총점":26.218,
            "가치 총점":41.103,
            "매매실거래년":20211112.0,
            "매매실거래가":34000.0,
            "전세실거래년":20200211.0,
            "전세실거래가":18000.0,
            "전세가율":66.06,
            "장기전세가율평균":74.76,
            "전세가율거품지수":8.7,
            "검색코드":13869,
            "세대수":350,
            "준공년월":"2006-01-18",
            "준공년차":17,
            "가까운역이름":"NA",
            "가까운역거리":"NA",
            "역세권여부":"NA",
            "30분이내주요거점역":"NA",
            "1시간이내주요거점역":"NA",
            "3km이내백화점수":0,
            "5km이내아울렛몰수":0,
            "1km이내대형먀트수":0,
            "500m이내은행수":2,
            "500m이내병원수":6,
            "5km이내대형병원수":5,
            "500m이내공원수":4,
            "3km이내혐오시설수":0,
            "초등학교학업성취도":87.18,
            "중학교학업성취도":78.7,
            "용적률":297,
            "건폐율":18,
            "Y":35.17554,
            "X":128.987632,
            "rank":34.0,
            "area_info":"29평(97.29), 33평(111.76), 34평(114.07), 34평(114.07)",
            "last_sales":"2021-11-12,34000.0,34평(114.07)"
        },
        {
            "index":350,
            "아파트명":"주례한효",
            "투자타입":"일반",
            "전용면적(m2)":"78.74",
            "전용면적(평)":"23평",
            "법정동주소":"부산시 사상구 주례동 3-32",
            "도로명주소":"부산시 사상구 백양대로342번길 50",
            "세대수":30,
            "입주년차":0,
            "용적률점수":"--",
            "건폐율점수":"--",
            "세대당주차수":0,
            "난방방식":30,
            "공급면적":"--",
            "전용률":"--",
            "욕실수":50,
            "현관타입":100,
            "주거총점":28.5,
            "지역구공급총점":0.0,
            "역세권":"NA",
            "30분내 이동가능 거점":"NA",
            "1시간내 이동가능 거점":"NA",
            "교통총점":"NA",
            "백화점":0,
            "아울렛몰":80,
            "대형마트":80,
            "은행":0,
            "병원":10,
            "종합병원":100,
            "공원":0,
            "혐오시설":-50,
            "인프라총점":40.0,
            "초등학군":90.12,
            "중학군":51.74,
            "학군총점":59.416,
            "인구수":24.26,
            "인구증감":-15.06,
            "인구총점":12.464,
            "일자리":14.5,
            "소득수준":53.56,
            "일자리총점":26.218,
            "가치 총점":40.829,
            "매매실거래년":20211228.0,
            "매매실거래가":22000.0,
            "전세실거래년":20211210.0,
            "전세실거래가":13000.0,
            "전세가율":82.8,
            "장기전세가율평균":74.76,
            "전세가율거품지수":-8.04,
            "검색코드":5859,
            "세대수":379,
            "준공년월":"1996-10-31",
            "준공년차":27,
            "가까운역이름":"NA",
            "가까운역거리":"NA",
            "역세권여부":"NA",
            "30분이내주요거점역":"NA",
            "1시간이내주요거점역":"NA",
            "3km이내백화점수":0,
            "5km이내아울렛몰수":1,
            "1km이내대형먀트수":1,
            "500m이내은행수":0,
            "500m이내병원수":2,
            "5km이내대형병원수":10,
            "500m이내공원수":0,
            "3km이내혐오시설수":1,
            "초등학교학업성취도":90.12,
            "중학교학업성취도":85.5,
            "용적률":184,
            "건폐율":35,
            "Y":35.15588,
            "X":129.01491,
            "rank":35.0,
            "area_info":"23평(78.74), 33평(111.64)",
            "last_sales":"2021-12-28,22000.0,33평(111.64)"
        },
        {
            "index":195,
            "아파트명":"동양한신",
            "투자타입":"일반",
            "전용면적(m2)":"84.38",
            "전용면적(평)":"25평",
            "법정동주소":"부산시 사상구 삼락동 418-8",
            "도로명주소":"부산시 사상구 운산로 25",
            "세대수":50,
            "입주년차":0,
            "용적률점수":"--",
            "건폐율점수":"--",
            "세대당주차수":0,
            "난방방식":30,
            "공급면적":"--",
            "전용률":"--",
            "욕실수":50,
            "현관타입":10,
            "주거총점":26.5,
            "지역구공급총점":0.0,
            "역세권":"NA",
            "30분내 이동가능 거점":"NA",
            "1시간내 이동가능 거점":"NA",
            "교통총점":"NA",
            "백화점":0,
            "아울렛몰":0,
            "대형마트":100,
            "은행":20,
            "병원":60,
            "종합병원":100,
            "공원":0,
            "혐오시설":0,
            "인프라총점":43.0,
            "초등학군":91.82,
            "중학군":47.22,
            "학군총점":56.14,
            "인구수":24.26,
            "인구증감":-15.06,
            "인구총점":12.464,
            "일자리":14.5,
            "소득수준":53.56,
            "일자리총점":26.218,
            "가치 총점":40.51,
            "매매실거래년":20211111.0,
            "매매실거래가":21500.0,
            "전세실거래년":20210914.0,
            "전세실거래가":17000.0,
            "전세가율":79.07,
            "장기전세가율평균":74.76,
            "전세가율거품지수":-4.31,
            "검색코드":5655,
            "세대수":431,
            "준공년월":"1995-03-25",
            "준공년차":28,
            "가까운역이름":"NA",
            "가까운역거리":"NA",
            "역세권여부":"NA",
            "30분이내주요거점역":"NA",
            "1시간이내주요거점역":"NA",
            "3km이내백화점수":0,
            "5km이내아울렛몰수":0,
            "1km이내대형먀트수":2,
            "500m이내은행수":2,
            "500m이내병원수":18,
            "5km이내대형병원수":4,
            "500m이내공원수":0,
            "3km이내혐오시설수":0,
            "초등학교학업성취도":91.82,
            "중학교학업성취도":78.7,
            "용적률":178,
            "건폐율":31,
            "Y":35.169783,
            "X":128.979472,
            "rank":36.0,
            "area_info":"25평(84.38), 27평(92.29), 32평(107.97), 37평(123.12)",
            "last_sales":"2021-11-11,21500.0,25평(84.38)"
        },
        {
            "index":302,
            "아파트명":"주례동일1차",
            "투자타입":"일반",
            "전용면적(m2)":"80.07",
            "전용면적(평)":"24평",
            "법정동주소":"부산시 사상구 주례동 939",
            "도로명주소":"부산시 사상구 백양대로494번길 10",
            "세대수":50,
            "입주년차":0,
            "용적률점수":"--",
            "건폐율점수":"--",
            "세대당주차수":30,
            "난방방식":30,
            "공급면적":"--",
            "전용률":"--",
            "욕실수":50,
            "현관타입":100,
            "주거총점":40.0,
            "지역구공급총점":0.0,
            "역세권":"NA",
            "30분내 이동가능 거점":"NA",
            "1시간내 이동가능 거점":"NA",
            "교통총점":"NA",
            "백화점":0,
            "아울렛몰":0,
            "대형마트":0,
            "은행":20,
            "병원":60,
            "종합병원":100,
            "공원":100,
            "혐오시설":0,
            "인프라총점":31.0,
            "초등학군":88.67,
            "중학군":48.18,
            "학군총점":56.278,
            "인구수":24.26,
            "인구증감":-15.06,
            "인구총점":12.464,
            "일자리":14.5,
            "소득수준":53.56,
            "일자리총점":26.218,
            "가치 총점":40.4695,
            "매매실거래년":20211225.0,
            "매매실거래가":28200.0,
            "전세실거래년":20211201.0,
            "전세실거래가":17000.0,
            "전세가율":89.47,
            "장기전세가율평균":74.76,
            "전세가율거품지수":-14.71,
            "검색코드":5708,
            "세대수":498,
            "준공년월":"1998-12-05",
            "준공년차":25,
            "가까운역이름":"NA",
            "가까운역거리":"NA",
            "역세권여부":"NA",
            "30분이내주요거점역":"NA",
            "1시간이내주요거점역":"NA",
            "3km이내백화점수":0,
            "5km이내아울렛몰수":0,
            "1km이내대형먀트수":0,
            "500m이내은행수":2,
            "500m이내병원수":16,
            "5km이내대형병원수":6,
            "500m이내공원수":5,
            "3km이내혐오시설수":0,
            "초등학교학업성취도":88.67,
            "중학교학업성취도":79.5,
            "용적률":304,
            "건폐율":27,
            "Y":35.15395,
            "X":128.999872,
            "rank":37.0,
            "area_info":"24평(80.07), 24평(80.03), 28평(94.98), 32평(106.85), 42평(140.7), 50평(166.31)",
            "last_sales":"2021-12-25,28200.0,32평(106.85)"
        },
        {
            "index":406,
            "아파트명":"학장무학",
            "투자타입":"일반",
            "전용면적(m2)":"76.57",
            "전용면적(평)":"23평",
            "법정동주소":"부산시 사상구 학장동 820-1",
            "도로명주소":"부산시 사상구 대동로 84",
            "세대수":80,
            "입주년차":0,
            "용적률점수":"--",
            "건폐율점수":"--",
            "세대당주차수":0,
            "난방방식":30,
            "공급면적":"--",
            "전용률":"--",
            "욕실수":50,
            "현관타입":100,
            "주거총점":46.0,
            "지역구공급총점":0.0,
            "역세권":"NA",
            "30분내 이동가능 거점":"NA",
            "1시간내 이동가능 거점":"NA",
            "교통총점":"NA",
            "백화점":0,
            "아울렛몰":0,
            "대형마트":0,
            "은행":0,
            "병원":60,
            "종합병원":100,
            "공원":0,
            "혐오시설":0,
            "인프라총점":26.0,
            "초등학군":88.06,
            "중학군":47.7,
            "학군총점":55.772,
            "인구수":24.26,
            "인구증감":-15.06,
            "인구총점":12.464,
            "일자리":14.5,
            "소득수준":53.56,
            "일자리총점":26.218,
            "가치 총점":40.443,
            "매매실거래년":20220108.0,
            "매매실거래가":20600.0,
            "전세실거래년":20211126.0,
            "전세실거래가":15000.0,
            "전세가율":72.82,
            "장기전세가율평균":74.76,
            "전세가율거품지수":1.94,
            "검색코드":5912,
            "세대수":893,
            "준공년월":"1997-07-03",
            "준공년차":26,
            "가까운역이름":"NA",
            "가까운역거리":"NA",
            "역세권여부":"NA",
            "30분이내주요거점역":"NA",
            "1시간이내주요거점역":"NA",
            "3km이내백화점수":0,
            "5km이내아울렛몰수":0,
            "1km이내대형먀트수":0,
            "500m이내은행수":0,
            "500m이내병원수":10,
            "5km이내대형병원수":5,
            "500m이내공원수":0,
            "3km이내혐오시설수":0,
            "초등학교학업성취도":88.06,
            "중학교학업성취도":78.7,
            "용적률":383,
            "건폐율":0,
            "Y":35.137078,
            "X":128.977522,
            "rank":38.0,
            "area_info":"23평(76.57), 32평(108.38)",
            "last_sales":"2022-01-08,20600.0,23평(76.57)"
        },
        {
            "index":76,
            "아파트명":"덕포청구",
            "투자타입":"일반",
            "전용면적(m2)":"80.37",
            "전용면적(평)":"24평",
            "법정동주소":"부산시 사상구 덕포동 58",
            "도로명주소":"부산시 사상구 백양대로700번길 23",
            "세대수":50,
            "입주년차":20,
            "용적률점수":"--",
            "건폐율점수":"--",
            "세대당주차수":30,
            "난방방식":30,
            "공급면적":"--",
            "전용률":"--",
            "욕실수":50,
            "현관타입":100,
            "주거총점":44.0,
            "지역구공급총점":0.0,
            "역세권":"NA",
            "30분내 이동가능 거점":"NA",
            "1시간내 이동가능 거점":"NA",
            "교통총점":"NA",
            "백화점":0,
            "아울렛몰":0,
            "대형마트":0,
            "은행":70,
            "병원":10,
            "종합병원":100,
            "공원":0,
            "혐오시설":0,
            "인프라총점":28.0,
            "초등학군":88.76,
            "중학군":46.62,
            "학군총점":55.048,
            "인구수":24.26,
            "인구증감":-15.06,
            "인구총점":12.464,
            "일자리":14.5,
            "소득수준":53.56,
            "일자리총점":26.218,
            "가치 총점":40.362,
            "매매실거래년":20211215.0,
            "매매실거래가":26500.0,
            "전세실거래년":20211222.0,
            "전세실거래가":14000.0,
            "전세가율":85.37,
            "장기전세가율평균":74.76,
            "전세가율거품지수":-10.61,
            "검색코드":9883,
            "세대수":432,
            "준공년월":"2001-01-20",
            "준공년차":22,
            "가까운역이름":"NA",
            "가까운역거리":"NA",
            "역세권여부":"NA",
            "30분이내주요거점역":"NA",
            "1시간이내주요거점역":"NA",
            "3km이내백화점수":0,
            "5km이내아울렛몰수":0,
            "1km이내대형먀트수":0,
            "500m이내은행수":4,
            "500m이내병원수":3,
            "5km이내대형병원수":4,
            "500m이내공원수":0,
            "3km이내혐오시설수":0,
            "초등학교학업성취도":88.76,
            "중학교학업성취도":77.7,
            "용적률":361,
            "건폐율":31,
            "Y":35.170131,
            "X":128.989927,
            "rank":39.0,
            "area_info":"24평(80.37), 27평(91.53), 33평(109.46), 37평(125.39)",
            "last_sales":"2021-12-15,26500.0,37평(125.39)"
        },
        {
            "index":412,
            "아파트명":"학장벽산",
            "투자타입":"일반",
            "전용면적(m2)":"118.1",
            "전용면적(평)":"35평",
            "법정동주소":"부산시 사상구 학장동 168",
            "도로명주소":"부산시 사상구 학감대로 105-21",
            "세대수":50,
            "입주년차":0,
            "용적률점수":"--",
            "건폐율점수":"--",
            "세대당주차수":30,
            "난방방식":30,
            "공급면적":"--",
            "전용률":"--",
            "욕실수":100,
            "현관타입":100,
            "주거총점":45.0,
            "지역구공급총점":0.0,
            "역세권":"NA",
            "30분내 이동가능 거점":"NA",
            "1시간내 이동가능 거점":"NA",
            "교통총점":"NA",
            "백화점":0,
            "아울렛몰":0,
            "대형마트":0,
            "은행":0,
            "병원":30,
            "종합병원":100,
            "공원":100,
            "혐오시설":0,
            "인프라총점":26.0,
            "초등학군":82.88,
            "중학군":49.36,
            "학군총점":56.064,
            "인구수":24.26,
            "인구증감":-15.06,
            "인구총점":12.464,
            "일자리":14.5,
            "소득수준":53.56,
            "일자리총점":26.218,
            "가치 총점":40.166,
            "매매실거래년":20211220.0,
            "매매실거래가":24000.0,
            "전세실거래년":20211117.0,
            "전세실거래가":20000.0,
            "전세가율":81.63,
            "장기전세가율평균":74.76,
            "전세가율거품지수":-6.87,
            "검색코드":5923,
            "세대수":526,
            "준공년월":"1994-05-10",
            "준공년차":29,
            "가까운역이름":"NA",
            "가까운역거리":"NA",
            "역세권여부":"NA",
            "30분이내주요거점역":"NA",
            "1시간이내주요거점역":"NA",
            "3km이내백화점수":0,
            "5km이내아울렛몰수":0,
            "1km이내대형먀트수":0,
            "500m이내은행수":0,
            "500m이내병원수":6,
            "5km이내대형병원수":5,
            "500m이내공원수":2,
            "3km이내혐오시설수":0,
            "초등학교학업성취도":82.88,
            "중학교학업성취도":81.0,
            "용적률":229,
            "건폐율":17,
            "Y":35.139367,
            "X":128.989861,
            "rank":40.0,
            "area_info":"35평(118.1), 42평(141.26)",
            "last_sales":"2021-12-20,24000.0,42평(141.26)"
        },
        {
            "index":414,
            "아파트명":"학장삼성2차",
            "투자타입":"일반",
            "전용면적(m2)":"79.88",
            "전용면적(평)":"24평",
            "법정동주소":"부산시 사상구 학장동 574-57",
            "도로명주소":"부산시 사상구 학감대로123번길 75",
            "세대수":50,
            "입주년차":20,
            "용적률점수":"--",
            "건폐율점수":"--",
            "세대당주차수":30,
            "난방방식":30,
            "공급면적":"--",
            "전용률":"--",
            "욕실수":50,
            "현관타입":100,
            "주거총점":44.0,
            "지역구공급총점":0.0,
            "역세권":"NA",
            "30분내 이동가능 거점":"NA",
            "1시간내 이동가능 거점":"NA",
            "교통총점":"NA",
            "백화점":0,
            "아울렛몰":0,
            "대형마트":0,
            "은행":0,
            "병원":60,
            "종합병원":100,
            "공원":0,
            "혐오시설":0,
            "인프라총점":26.0,
            "초등학군":84.02,
            "중학군":49.36,
            "학군총점":56.292,
            "인구수":24.26,
            "인구증감":-15.06,
            "인구총점":12.464,
            "일자리":14.5,
            "소득수준":53.56,
            "일자리총점":26.218,
            "가치 총점":39.873,
            "매매실거래년":20211208.0,
            "매매실거래가":28400.0,
            "전세실거래년":20210904.0,
            "전세실거래가":15000.0,
            "전세가율":80.21,
            "장기전세가율평균":74.76,
            "전세가율거품지수":-5.45,
            "검색코드":5999,
            "세대수":549,
            "준공년월":"1999-02-03",
            "준공년차":24,
            "가까운역이름":"NA",
            "가까운역거리":"NA",
            "역세권여부":"NA",
            "30분이내주요거점역":"NA",
            "1시간이내주요거점역":"NA",
            "3km이내백화점수":0,
            "5km이내아울렛몰수":0,
            "1km이내대형먀트수":0,
            "500m이내은행수":0,
            "500m이내병원수":11,
            "5km이내대형병원수":5,
            "500m이내공원수":0,
            "3km이내혐오시설수":0,
            "초등학교학업성취도":84.02,
            "중학교학업성취도":81.0,
            "용적률":276,
            "건폐율":18,
            "Y":35.140128,
            "X":128.983813,
            "rank":41.0,
            "area_info":"24평(79.88), 24평(79.58), 28평(95.13), 32평(106.76)",
            "last_sales":"2021-12-08,28400.0,32평(106.76)"
        },
        {
            "index":14,
            "아파트명":"사상샬레(도시형)",
            "투자타입":"일반",
            "전용면적(m2)":"57.17",
            "전용면적(평)":"17평",
            "법정동주소":"부산시 사상구 괘법동 509-6",
            "도로명주소":"부산시 사상구 광장로104번길 37",
            "세대수":0,
            "입주년차":80,
            "용적률점수":"--",
            "건폐율점수":"--",
            "세대당주차수":0,
            "난방방식":30,
            "공급면적":"--",
            "전용률":"--",
            "욕실수":50,
            "현관타입":10,
            "주거총점":25.0,
            "지역구공급총점":0.0,
            "역세권":"NA",
            "30분내 이동가능 거점":"NA",
            "1시간내 이동가능 거점":"NA",
            "교통총점":"NA",
            "백화점":0,
            "아울렛몰":0,
            "대형마트":80,
            "은행":20,
            "병원":60,
            "종합병원":100,
            "공원":100,
            "혐오시설":0,
            "인프라총점":43.0,
            "초등학군":75.92,
            "중학군":48.18,
            "학군총점":53.728,
            "인구수":24.26,
            "인구증감":-15.06,
            "인구총점":12.464,
            "일자리":14.5,
            "소득수준":53.56,
            "일자리총점":26.218,
            "가치 총점":39.382,
            "매매실거래년":20211105.0,
            "매매실거래가":14600.0,
            "전세실거래년":null,
            "전세실거래가":null,
            "전세가율":null,
            "장기전세가율평균":74.76,
            "전세가율거품지수":null,
            "검색코드":108865,
            "세대수":172,
            "준공년월":"2016-08-29",
            "준공년차":7,
            "가까운역이름":"NA",
            "가까운역거리":"NA",
            "역세권여부":"NA",
            "30분이내주요거점역":"NA",
            "1시간이내주요거점역":"NA",
            "3km이내백화점수":0,
            "5km이내아울렛몰수":0,
            "1km이내대형먀트수":1,
            "500m이내은행수":2,
            "500m이내병원수":16,
            "5km이내대형병원수":3,
            "500m이내공원수":2,
            "3km이내혐오시설수":0,
            "초등학교학업성취도":75.92,
            "중학교학업성취도":79.5,
            "용적률":636,
            "건폐율":39,
            "Y":35.160487,
            "X":128.988734,
            "rank":42.0,
            "area_info":"17평(57.17), 17평(57.17), 17평(57.17), 17평(57.17), 18평(61.62), 18평(61.62), 18평(61.62), 18평(61.62)",
            "last_sales":"2021-11-05,14600.0,18평(61.62)"
        },
        {
            "index":255,
            "아파트명":"대성",
            "투자타입":"재건축",
            "전용면적(m2)":"60.14",
            "전용면적(평)":"18평",
            "법정동주소":"부산시 사상구 주례동 316",
            "도로명주소":"부산시 사상구 양지로 3",
            "세대수":50,
            "입주년차":"--",
            "용적률점수":0,
            "건폐율점수":0,
            "세대당주차수":"--",
            "난방방식":"--",
            "공급면적":50,
            "전용률":80,
            "욕실수":"--",
            "현관타입":"--",
            "주거총점":21.5,
            "지역구공급총점":0.0,
            "역세권":"NA",
            "30분내 이동가능 거점":"NA",
            "1시간내 이동가능 거점":"NA",
            "교통총점":"NA",
            "백화점":0,
            "아울렛몰":0,
            "대형마트":80,
            "은행":20,
            "병원":80,
            "종합병원":100,
            "공원":100,
            "혐오시설":0,
            "인프라총점":45.0,
            "초등학군":88.67,
            "중학군":46.88,
            "학군총점":55.238,
            "인구수":24.26,
            "인구증감":-15.06,
            "인구총점":12.464,
            "일자리":14.5,
            "소득수준":53.56,
            "일자리총점":26.218,
            "가치 총점":39.3345,
            "매매실거래년":20211224.0,
            "매매실거래가":20000.0,
            "전세실거래년":20220112.0,
            "전세실거래가":10000.0,
            "전세가율":50.0,
            "장기전세가율평균":74.76,
            "전세가율거품지수":24.76,
            "검색코드":5700,
            "세대수":420,
            "준공년월":"1988-02-02",
            "준공년차":35,
            "가까운역이름":"NA",
            "가까운역거리":"NA",
            "역세권여부":"NA",
            "30분이내주요거점역":"NA",
            "1시간이내주요거점역":"NA",
            "3km이내백화점수":0,
            "5km이내아울렛몰수":0,
            "1km이내대형먀트수":1,
            "500m이내은행수":2,
            "500m이내병원수":31,
            "5km이내대형병원수":9,
            "500m이내공원수":3,
            "3km이내혐오시설수":0,
            "초등학교학업성취도":88.67,
            "중학교학업성취도":76.4,
            "용적률":0,
            "건폐율":0,
            "Y":35.153184,
            "X":129.004209,
            "rank":43.0,
            "area_info":"18평(60.14), 19평(65.78), 21평(72.28)",
            "last_sales":"2021-12-24,20000.0,18평(60.14)"
        },
        {
            "index":204,
            "아파트명":"신엄궁대동",
            "투자타입":"일반",
            "전용면적(m2)":"78.58",
            "전용면적(평)":"23평",
            "법정동주소":"부산시 사상구 엄궁동 225-1",
            "도로명주소":"부산시 사상구 엄궁남로 43",
            "세대수":30,
            "입주년차":0,
            "용적률점수":"--",
            "건폐율점수":"--",
            "세대당주차수":0,
            "난방방식":30,
            "공급면적":"--",
            "전용률":"--",
            "욕실수":50,
            "현관타입":100,
            "주거총점":28.5,
            "지역구공급총점":0.0,
            "역세권":"NA",
            "30분내 이동가능 거점":"NA",
            "1시간내 이동가능 거점":"NA",
            "교통총점":"NA",
            "백화점":0,
            "아울렛몰":0,
            "대형마트":80,
            "은행":0,
            "병원":30,
            "종합병원":100,
            "공원":100,
            "혐오시설":0,
            "인프라총점":38.0,
            "초등학군":86.03,
            "중학군":47.7,
            "학군총점":55.366,
            "인구수":24.26,
            "인구증감":-15.06,
            "인구총점":12.464,
            "일자리":14.5,
            "소득수준":53.56,
            "일자리총점":26.218,
            "가치 총점":39.0165,
            "매매실거래년":20211224.0,
            "매매실거래가":23700.0,
            "전세실거래년":20211009.0,
            "전세실거래가":14500.0,
            "전세가율":93.55,
            "장기전세가율평균":74.76,
            "전세가율거품지수":-18.79,
            "검색코드":5665,
            "세대수":358,
            "준공년월":"1998-05-01",
            "준공년차":25,
            "가까운역이름":"NA",
            "가까운역거리":"NA",
            "역세권여부":"NA",
            "30분이내주요거점역":"NA",
            "1시간이내주요거점역":"NA",
            "3km이내백화점수":0,
            "5km이내아울렛몰수":0,
            "1km이내대형먀트수":1,
            "500m이내은행수":1,
            "500m이내병원수":6,
            "5km이내대형병원수":6,
            "500m이내공원수":3,
            "3km이내혐오시설수":0,
            "초등학교학업성취도":86.03,
            "중학교학업성취도":78.7,
            "용적률":285,
            "건폐율":19,
            "Y":35.124512,
            "X":128.973115,
            "rank":44.0,
            "area_info":"23평(78.58), 32평(107.8)",
            "last_sales":"2021-12-24,23700.0,32평(107.8)"
        },
        {
            "index":33,
            "아파트명":"은하하우스",
            "투자타입":"일반",
            "전용면적(m2)":"80.8",
            "전용면적(평)":"24평",
            "법정동주소":"부산시 사상구 괘법동 499-3",
            "도로명주소":"부산시 사상구 사상로148번길 39",
            "세대수":0,
            "입주년차":80,
            "용적률점수":"--",
            "건폐율점수":"--",
            "세대당주차수":0,
            "난방방식":30,
            "공급면적":"--",
            "전용률":"--",
            "욕실수":100,
            "현관타입":100,
            "주거총점":39.0,
            "지역구공급총점":0.0,
            "역세권":"NA",
            "30분내 이동가능 거점":"NA",
            "1시간내 이동가능 거점":"NA",
            "교통총점":"NA",
            "백화점":0,
            "아울렛몰":0,
            "대형마트":0,
            "은행":0,
            "병원":60,
            "종합병원":100,
            "공원":80,
            "혐오시설":0,
            "인프라총점":28.4,
            "초등학군":75.92,
            "중학군":48.18,
            "학군총점":53.728,
            "인구수":24.26,
            "인구증감":-15.06,
            "인구총점":12.464,
            "일자리":14.5,
            "소득수준":53.56,
            "일자리총점":26.218,
            "가치 총점":38.442,
            "매매실거래년":20210710.0,
            "매매실거래가":27500.0,
            "전세실거래년":20191224.0,
            "전세실거래가":19000.0,
            "전세가율":79.83,
            "장기전세가율평균":74.76,
            "전세가율거품지수":-5.07,
            "검색코드":112928,
            "세대수":108,
            "준공년월":"2016-12-01",
            "준공년차":7,
            "가까운역이름":"NA",
            "가까운역거리":"NA",
            "역세권여부":"NA",
            "30분이내주요거점역":"NA",
            "1시간이내주요거점역":"NA",
            "3km이내백화점수":0,
            "5km이내아울렛몰수":0,
            "1km이내대형먀트수":0,
            "500m이내은행수":1,
            "500m이내병원수":10,
            "5km이내대형병원수":3,
            "500m이내공원수":1,
            "3km이내혐오시설수":0,
            "초등학교학업성취도":75.92,
            "중학교학업성취도":79.5,
            "용적률":299,
            "건폐율":38,
            "Y":35.160095,
            "X":128.989301,
            "rank":45.0,
            "area_info":"24평(80.8), 32평(108.63), 32평(108.63)",
            "last_sales":"2021-07-10,27500.0,32평(108.63)"
        },
        {
            "index":159,
            "아파트명":"삼정그린코아",
            "투자타입":"일반",
            "전용면적(m2)":"101.36",
            "전용면적(평)":"30평",
            "법정동주소":"부산시 사상구 모라동 334",
            "도로명주소":"부산시 사상구 백양대로934번길 20",
            "세대수":50,
            "입주년차":0,
            "용적률점수":"--",
            "건폐율점수":"--",
            "세대당주차수":0,
            "난방방식":30,
            "공급면적":"--",
            "전용률":"--",
            "욕실수":100,
            "현관타입":100,
            "주거총점":40.5,
            "지역구공급총점":0.0,
            "역세권":"NA",
            "30분내 이동가능 거점":"NA",
            "1시간내 이동가능 거점":"NA",
            "교통총점":"NA",
            "백화점":0,
            "아울렛몰":0,
            "대형마트":0,
            "은행":0,
            "병원":60,
            "종합병원":100,
            "공원":100,
            "혐오시설":0,
            "인프라총점":29.0,
            "초등학군":84.04,
            "중학군":41.98,
            "학군총점":50.392,
            "인구수":24.26,
            "인구증감":-15.06,
            "인구총점":12.464,
            "일자리":14.5,
            "소득수준":53.56,
            "일자리총점":26.218,
            "가치 총점":38.373,
            "매매실거래년":20211029.0,
            "매매실거래가":25800.0,
            "전세실거래년":20150408.0,
            "전세실거래가":14000.0,
            "전세가율":87.5,
            "장기전세가율평균":74.76,
            "전세가율거품지수":-12.74,
            "검색코드":5594,
            "세대수":438,
            "준공년월":"1993-04-12",
            "준공년차":30,
            "가까운역이름":"NA",
            "가까운역거리":"NA",
            "역세권여부":"NA",
            "30분이내주요거점역":"NA",
            "1시간이내주요거점역":"NA",
            "3km이내백화점수":0,
            "5km이내아울렛몰수":0,
            "1km이내대형먀트수":0,
            "500m이내은행수":1,
            "500m이내병원수":16,
            "5km이내대형병원수":4,
            "500m이내공원수":3,
            "3km이내혐오시설수":0,
            "초등학교학업성취도":84.04,
            "중학교학업성취도":69.7,
            "용적률":255,
            "건폐율":17,
            "Y":35.188836,
            "X":128.993151,
            "rank":46.0,
            "area_info":"30평(101.36), 31평(103.1), 41평(137.53), 42평(141.98), 43평(143.67)",
            "last_sales":"2021-10-29,25800.0,41평(137.53)"
        },
        {
            "index":375,
            "아파트명":"목화",
            "투자타입":"일반",
            "전용면적(m2)":"56.99",
            "전용면적(평)":"17평",
            "법정동주소":"부산시 사상구 학장동 574-82",
            "도로명주소":"부산시 사상구 대동로 104-8",
            "세대수":90,
            "입주년차":0,
            "용적률점수":"--",
            "건폐율점수":"--",
            "세대당주차수":0,
            "난방방식":30,
            "공급면적":"--",
            "전용률":"--",
            "욕실수":50,
            "현관타입":10,
            "주거총점":40.5,
            "지역구공급총점":0.0,
            "역세권":"NA",
            "30분내 이동가능 거점":"NA",
            "1시간내 이동가능 거점":"NA",
            "교통총점":"NA",
            "백화점":0,
            "아울렛몰":0,
            "대형마트":0,
            "은행":0,
            "병원":60,
            "종합병원":100,
            "공원":0,
            "혐오시설":0,
            "인프라총점":26.0,
            "초등학군":84.02,
            "중학군":47.7,
            "학군총점":54.964,
            "인구수":24.26,
            "인구증감":-15.06,
            "인구총점":12.464,
            "일자리":14.5,
            "소득수준":53.56,
            "일자리총점":26.218,
            "가치 총점":38.316,
            "매매실거래년":20211204.0,
            "매매실거래가":11800.0,
            "전세실거래년":20210804.0,
            "전세실거래가":7800.0,
            "전세가율":66.1,
            "장기전세가율평균":74.76,
            "전세가율거품지수":8.66,
            "검색코드":6074,
            "세대수":999,
            "준공년월":"1993-07-19",
            "준공년차":30,
            "가까운역이름":"NA",
            "가까운역거리":"NA",
            "역세권여부":"NA",
            "30분이내주요거점역":"NA",
            "1시간이내주요거점역":"NA",
            "3km이내백화점수":0,
            "5km이내아울렛몰수":0,
            "1km이내대형먀트수":0,
            "500m이내은행수":0,
            "500m이내병원수":13,
            "5km이내대형병원수":5,
            "500m이내공원수":0,
            "3km이내혐오시설수":0,
            "초등학교학업성취도":84.02,
            "중학교학업성취도":78.7,
            "용적률":174,
            "건폐율":12,
            "Y":35.138278,
            "X":128.980806,
            "rank":47.0,
            "area_info":"17평(56.99), 21평(70.44)",
            "last_sales":"2021-12-04,11800.0,17평(56.99)"
        },
        {
            "index":209,
            "아파트명":"엄궁",
            "투자타입":"재건축",
            "전용면적(m2)":"49.5",
            "전용면적(평)":"14평",
            "법정동주소":"부산시 사상구 엄궁동 35-1",
            "도로명주소":"부산시 사상구 엄궁로 200",
            "세대수":50,
            "입주년차":"--",
            "용적률점수":0,
            "건폐율점수":0,
            "세대당주차수":"--",
            "난방방식":"--",
            "공급면적":50,
            "전용률":80,
            "욕실수":"--",
            "현관타입":"--",
            "주거총점":21.5,
            "지역구공급총점":0.0,
            "역세권":"NA",
            "30분내 이동가능 거점":"NA",
            "1시간내 이동가능 거점":"NA",
            "교통총점":"NA",
            "백화점":0,
            "아울렛몰":0,
            "대형마트":80,
            "은행":0,
            "병원":60,
            "종합병원":100,
            "공원":80,
            "혐오시설":0,
            "인프라총점":40.4,
            "초등학군":88.06,
            "중학군":47.7,
            "학군총점":55.772,
            "인구수":24.26,
            "인구증감":-15.06,
            "인구총점":12.464,
            "일자리":14.5,
            "소득수준":53.56,
            "일자리총점":26.218,
            "가치 총점":37.628,
            "매매실거래년":20211117.0,
            "매매실거래가":19200.0,
            "전세실거래년":20211210.0,
            "전세실거래가":6000.0,
            "전세가율":31.25,
            "장기전세가율평균":74.76,
            "전세가율거품지수":43.51,
            "검색코드":5676,
            "세대수":460,
            "준공년월":"1983-11-25",
            "준공년차":40,
            "가까운역이름":"NA",
            "가까운역거리":"NA",
            "역세권여부":"NA",
            "30분이내주요거점역":"NA",
            "1시간이내주요거점역":"NA",
            "3km이내백화점수":0,
            "5km이내아울렛몰수":0,
            "1km이내대형먀트수":1,
            "500m이내은행수":1,
            "500m이내병원수":19,
            "5km이내대형병원수":5,
            "500m이내공원수":1,
            "3km이내혐오시설수":0,
            "초등학교학업성취도":88.06,
            "중학교학업성취도":78.7,
            "용적률":0,
            "건폐율":0,
            "Y":35.130757,
            "X":128.974462,
            "rank":48.0,
            "area_info":"14평(49.5)",
            "last_sales":"2021-11-17,19200.0,14평(49.5)"
        },
        {
            "index":122,
            "아파트명":"모라골든파크",
            "투자타입":"일반",
            "전용면적(m2)":"101.58",
            "전용면적(평)":"30평",
            "법정동주소":"부산시 사상구 모라동 991-2",
            "도로명주소":"부산시 사상구 사상로 508",
            "세대수":0,
            "입주년차":40,
            "용적률점수":"--",
            "건폐율점수":"--",
            "세대당주차수":30,
            "난방방식":30,
            "공급면적":"--",
            "전용률":"--",
            "욕실수":100,
            "현관타입":100,
            "주거총점":35.5,
            "지역구공급총점":0.0,
            "역세권":"NA",
            "30분내 이동가능 거점":"NA",
            "1시간내 이동가능 거점":"NA",
            "교통총점":"NA",
            "백화점":0,
            "아울렛몰":0,
            "대형마트":0,
            "은행":20,
            "병원":60,
            "종합병원":100,
            "공원":100,
            "혐오시설":0,
            "인프라총점":31.0,
            "초등학군":87.04,
            "중학군":41.98,
            "학군총점":50.992,
            "인구수":24.26,
            "인구증감":-15.06,
            "인구총점":12.464,
            "일자리":14.5,
            "소득수준":53.56,
            "일자리총점":26.218,
            "가치 총점":37.573,
            "매매실거래년":20211021.0,
            "매매실거래가":25900.0,
            "전세실거래년":20180806.0,
            "전세실거래가":20000.0,
            "전세가율":77.22,
            "장기전세가율평균":74.76,
            "전세가율거품지수":-2.46,
            "검색코드":23570,
            "세대수":122,
            "준공년월":"2005-10-04",
            "준공년차":18,
            "가까운역이름":"NA",
            "가까운역거리":"NA",
            "역세권여부":"NA",
            "30분이내주요거점역":"NA",
            "1시간이내주요거점역":"NA",
            "3km이내백화점수":0,
            "5km이내아울렛몰수":0,
            "1km이내대형먀트수":0,
            "500m이내은행수":2,
            "500m이내병원수":17,
            "5km이내대형병원수":4,
            "500m이내공원수":3,
            "3km이내혐오시설수":0,
            "초등학교학업성취도":87.04,
            "중학교학업성취도":69.7,
            "용적률":512,
            "건폐율":48,
            "Y":35.18953,
            "X":128.98912,
            "rank":49.0,
            "area_info":"30평(101.58), 30평(101.48), 30평(101.43), 30평(101.52), 30평(101.6)",
            "last_sales":"2021-10-21,25900.0,30평(101.58)"
        },
        {
            "index":127,
            "아파트명":"모라리버빌",
            "투자타입":"일반",
            "전용면적(m2)":"80.82",
            "전용면적(평)":"24평",
            "법정동주소":"부산시 사상구 모라동 991",
            "도로명주소":"부산시 사상구 사상로 512",
            "세대수":0,
            "입주년차":40,
            "용적률점수":"--",
            "건폐율점수":"--",
            "세대당주차수":30,
            "난방방식":30,
            "공급면적":"--",
            "전용률":"--",
            "욕실수":100,
            "현관타입":100,
            "주거총점":35.5,
            "지역구공급총점":0.0,
            "역세권":"NA",
            "30분내 이동가능 거점":"NA",
            "1시간내 이동가능 거점":"NA",
            "교통총점":"NA",
            "백화점":0,
            "아울렛몰":0,
            "대형마트":0,
            "은행":20,
            "병원":60,
            "종합병원":100,
            "공원":100,
            "혐오시설":0,
            "인프라총점":31.0,
            "초등학군":87.04,
            "중학군":41.98,
            "학군총점":50.992,
            "인구수":24.26,
            "인구증감":-15.06,
            "인구총점":12.464,
            "일자리":14.5,
            "소득수준":53.56,
            "일자리총점":26.218,
            "가치 총점":37.573,
            "매매실거래년":20211130.0,
            "매매실거래가":23000.0,
            "전세실거래년":20200920.0,
            "전세실거래가":13000.0,
            "전세가율":60.47,
            "장기전세가율평균":74.76,
            "전세가율거품지수":14.29,
            "검색코드":23571,
            "세대수":160,
            "준공년월":"2005-06-17",
            "준공년차":18,
            "가까운역이름":"NA",
            "가까운역거리":"NA",
            "역세권여부":"NA",
            "30분이내주요거점역":"NA",
            "1시간이내주요거점역":"NA",
            "3km이내백화점수":0,
            "5km이내아울렛몰수":0,
            "1km이내대형먀트수":0,
            "500m이내은행수":2,
            "500m이내병원수":11,
            "5km이내대형병원수":4,
            "500m이내공원수":3,
            "3km이내혐오시설수":0,
            "초등학교학업성취도":87.04,
            "중학교학업성취도":69.7,
            "용적률":575,
            "건폐율":58,
            "Y":35.190192,
            "X":128.989324,
            "rank":49.0,
            "area_info":"24평(80.82), 27평(89.49)",
            "last_sales":"2021-11-30,23000.0,27평(89.49)"
        },
        {
            "index":63,
            "아파트명":"덕포늘푸른",
            "투자타입":"일반",
            "전용면적(m2)":"78.2",
            "전용면적(평)":"23평",
            "법정동주소":"부산시 사상구 덕포동 386-1",
            "도로명주소":"부산시 사상구 사상로342번길 21",
            "세대수":50,
            "입주년차":0,
            "용적률점수":"--",
            "건폐율점수":"--",
            "세대당주차수":0,
            "난방방식":30,
            "공급면적":"--",
            "전용률":"--",
            "욕실수":50,
            "현관타입":100,
            "주거총점":35.5,
            "지역구공급총점":0.0,
            "역세권":"NA",
            "30분내 이동가능 거점":"NA",
            "1시간내 이동가능 거점":"NA",
            "교통총점":"NA",
            "백화점":0,
            "아울렛몰":0,
            "대형마트":0,
            "은행":20,
            "병원":30,
            "종합병원":100,
            "공원":100,
            "혐오시설":0,
            "인프라총점":28.0,
            "초등학군":87.18,
            "중학군":47.22,
            "학군총점":55.212,
            "인구수":24.26,
            "인구증감":-15.06,
            "인구총점":12.464,
            "일자리":14.5,
            "소득수준":53.56,
            "일자리총점":26.218,
            "가치 총점":37.428,
            "매매실거래년":20211227.0,
            "매매실거래가":26300.0,
            "전세실거래년":20190519.0,
            "전세실거래가":14500.0,
            "전세가율":62.77,
            "장기전세가율평균":74.76,
            "전세가율거품지수":11.99,
            "검색코드":5559,
            "세대수":486,
            "준공년월":"1996-12-18",
            "준공년차":27,
            "가까운역이름":"NA",
            "가까운역거리":"NA",
            "역세권여부":"NA",
            "30분이내주요거점역":"NA",
            "1시간이내주요거점역":"NA",
            "3km이내백화점수":0,
            "5km이내아울렛몰수":0,
            "1km이내대형먀트수":0,
            "500m이내은행수":2,
            "500m이내병원수":6,
            "5km이내대형병원수":5,
            "500m이내공원수":4,
            "3km이내혐오시설수":0,
            "초등학교학업성취도":87.18,
            "중학교학업성취도":78.7,
            "용적률":300,
            "건폐율":21,
            "Y":35.176091,
            "X":128.986354,
            "rank":50.0,
            "area_info":"23평(78.2), 23평(79.09), 28평(94.21), 31평(105.74)",
            "last_sales":"2021-12-27,26300.0,28평(94.21)"
        },
        {
            "index":116,
            "아파트명":"동원",
            "투자타입":"재건축",
            "전용면적(m2)":"72.93",
            "전용면적(평)":"22평",
            "법정동주소":"부산시 사상구 모라동 1361",
            "도로명주소":"부산시 사상구 백양대로 879",
            "세대수":90,
            "입주년차":"--",
            "용적률점수":0,
            "건폐율점수":0,
            "세대당주차수":"--",
            "난방방식":"--",
            "공급면적":50,
            "전용률":80,
            "욕실수":"--",
            "현관타입":"--",
            "주거총점":33.5,
            "지역구공급총점":0.0,
            "역세권":"NA",
            "30분내 이동가능 거점":"NA",
            "1시간내 이동가능 거점":"NA",
            "교통총점":"NA",
            "백화점":0,
            "아울렛몰":0,
            "대형마트":0,
            "은행":20,
            "병원":60,
            "종합병원":100,
            "공원":100,
            "혐오시설":0,
            "인프라총점":31.0,
            "초등학군":88.5,
            "중학군":41.98,
            "학군총점":51.284,
            "인구수":24.26,
            "인구증감":-15.06,
            "인구총점":12.464,
            "일자리":14.5,
            "소득수준":53.56,
            "일자리총점":26.218,
            "가치 총점":36.946,
            "매매실거래년":20211220.0,
            "매매실거래가":16500.0,
            "전세실거래년":20220106.0,
            "전세실거래가":13500.0,
            "전세가율":81.82,
            "장기전세가율평균":74.76,
            "전세가율거품지수":-7.06,
            "검색코드":5586,
            "세대수":1110,
            "준공년월":"1989-07-31",
            "준공년차":34,
            "가까운역이름":"NA",
            "가까운역거리":"NA",
            "역세권여부":"NA",
            "30분이내주요거점역":"NA",
            "1시간이내주요거점역":"NA",
            "3km이내백화점수":0,
            "5km이내아울렛몰수":0,
            "1km이내대형먀트수":0,
            "500m이내은행수":2,
            "500m이내병원수":21,
            "5km이내대형병원수":4,
            "500m이내공원수":2,
            "3km이내혐오시설수":0,
            "초등학교학업성취도":88.5,
            "중학교학업성취도":69.7,
            "용적률":0,
            "건폐율":0,
            "Y":35.184852,
            "X":128.989809,
            "rank":51.0,
            "area_info":"22평(72.93), 24평(82.35), 27평(91.85), 27평(91.88), 30평(101.79), 30평(101.96)",
            "last_sales":"2021-12-20,16500.0,22평(72.93)"
        },
        {
            "index":231,
            "아파트명":"엄궁한신1차",
            "투자타입":"일반",
            "전용면적(m2)":"78.72",
            "전용면적(평)":"23평",
            "법정동주소":"부산시 사상구 엄궁동 183",
            "도로명주소":"부산시 사상구 낙동대로 712-17",
            "세대수":0,
            "입주년차":0,
            "용적률점수":"--",
            "건폐율점수":"--",
            "세대당주차수":30,
            "난방방식":30,
            "공급면적":"--",
            "전용률":"--",
            "욕실수":50,
            "현관타입":100,
            "주거총점":22.5,
            "지역구공급총점":0.0,
            "역세권":"NA",
            "30분내 이동가능 거점":"NA",
            "1시간내 이동가능 거점":"NA",
            "교통총점":"NA",
            "백화점":0,
            "아울렛몰":0,
            "대형마트":80,
            "은행":0,
            "병원":30,
            "종합병원":100,
            "공원":100,
            "혐오시설":0,
            "인프라총점":38.0,
            "초등학군":85.93,
            "중학군":47.7,
            "학군총점":55.346,
            "인구수":24.26,
            "인구증감":-15.06,
            "인구총점":12.464,
            "일자리":14.5,
            "소득수준":53.56,
            "일자리총점":26.218,
            "가치 총점":36.9115,
            "매매실거래년":20211119.0,
            "매매실거래가":25800.0,
            "전세실거래년":20200915.0,
            "전세실거래가":12500.0,
            "전세가율":79.62,
            "장기전세가율평균":74.76,
            "전세가율거품지수":-4.86,
            "검색코드":5685,
            "세대수":200,
            "준공년월":"1998-06-02",
            "준공년차":25,
            "가까운역이름":"NA",
            "가까운역거리":"NA",
            "역세권여부":"NA",
            "30분이내주요거점역":"NA",
            "1시간이내주요거점역":"NA",
            "3km이내백화점수":0,
            "5km이내아울렛몰수":0,
            "1km이내대형먀트수":1,
            "500m이내은행수":1,
            "500m이내병원수":6,
            "5km이내대형병원수":4,
            "500m이내공원수":3,
            "3km이내혐오시설수":0,
            "초등학교학업성취도":85.93,
            "중학교학업성취도":78.7,
            "용적률":243,
            "건폐율":43,
            "Y":35.12533,
            "X":128.968955,
            "rank":52.0,
            "area_info":"23평(78.72), 32평(106.41)",
            "last_sales":"2021-11-19,25800.0,32평(106.41)"
        },
        {
            "index":377,
            "아파트명":"삼성1차",
            "투자타입":"일반",
            "전용면적(m2)":"74.17",
            "전용면적(평)":"22평",
            "법정동주소":"부산시 사상구 학장동 574-111",
            "도로명주소":"부산시 사상구 대동로 148-29",
            "세대수":50,
            "입주년차":0,
            "용적률점수":"--",
            "건폐율점수":"--",
            "세대당주차수":0,
            "난방방식":30,
            "공급면적":"--",
            "전용률":"--",
            "욕실수":50,
            "현관타입":100,
            "주거총점":35.5,
            "지역구공급총점":0.0,
            "역세권":"NA",
            "30분내 이동가능 거점":"NA",
            "1시간내 이동가능 거점":"NA",
            "교통총점":"NA",
            "백화점":0,
            "아울렛몰":0,
            "대형마트":0,
            "은행":0,
            "병원":60,
            "종합병원":100,
            "공원":0,
            "혐오시설":0,
            "인프라총점":26.0,
            "초등학군":84.02,
            "중학군":49.36,
            "학군총점":56.292,
            "인구수":24.26,
            "인구증감":-15.06,
            "인구총점":12.464,
            "일자리":14.5,
            "소득수준":53.56,
            "일자리총점":26.218,
            "가치 총점":36.898,
            "매매실거래년":20211208.0,
            "매매실거래가":17000.0,
            "전세실거래년":20211124.0,
            "전세실거래가":10000.0,
            "전세가율":76.92,
            "장기전세가율평균":74.76,
            "전세가율거품지수":-2.16,
            "검색코드":5983,
            "세대수":416,
            "준공년월":"1997-11-11",
            "준공년차":26,
            "가까운역이름":"NA",
            "가까운역거리":"NA",
            "역세권여부":"NA",
            "30분이내주요거점역":"NA",
            "1시간이내주요거점역":"NA",
            "3km이내백화점수":0,
            "5km이내아울렛몰수":0,
            "1km이내대형먀트수":0,
            "500m이내은행수":0,
            "500m이내병원수":13,
            "5km이내대형병원수":5,
            "500m이내공원수":0,
            "3km이내혐오시설수":0,
            "초등학교학업성취도":84.02,
            "중학교학업성취도":81.0,
            "용적률":149,
            "건폐율":17,
            "Y":35.139458,
            "X":128.984244,
            "rank":53.0,
            "area_info":"22평(74.17), 24평(80.82), 32평(107.67)",
            "last_sales":"2021-12-08,17000.0,24평(80.82)"
        },
        {
            "index":144,
            "아파트명":"모라주공4단지",
            "투자타입":"일반",
            "전용면적(m2)":"57.19",
            "전용면적(평)":"17평",
            "법정동주소":"부산시 사상구 모라동 75",
            "도로명주소":"부산시 사상구 모라로192번길 50",
            "세대수":90,
            "입주년차":0,
            "용적률점수":"--",
            "건폐율점수":"--",
            "세대당주차수":0,
            "난방방식":30,
            "공급면적":"--",
            "전용률":"--",
            "욕실수":50,
            "현관타입":10,
            "주거총점":40.5,
            "지역구공급총점":0.0,
            "역세권":"NA",
            "30분내 이동가능 거점":"NA",
            "1시간내 이동가능 거점":"NA",
            "교통총점":"NA",
            "백화점":0,
            "아울렛몰":0,
            "대형마트":0,
            "은행":0,
            "병원":10,
            "종합병원":100,
            "공원":100,
            "혐오시설":0,
            "인프라총점":24.0,
            "초등학군":79.9,
            "중학군":42.46,
            "학군총점":49.948,
            "인구수":24.26,
            "인구증감":-15.06,
            "인구총점":12.464,
            "일자리":14.5,
            "소득수준":53.56,
            "일자리총점":26.218,
            "가치 총점":36.262,
            "매매실거래년":20220108.0,
            "매매실거래가":8900.0,
            "전세실거래년":20200506.0,
            "전세실거래가":7800.0,
            "전세가율":87.64,
            "장기전세가율평균":74.76,
            "전세가율거품지수":-12.88,
            "검색코드":5600,
            "세대수":900,
            "준공년월":"1993-07-24",
            "준공년차":30,
            "가까운역이름":"NA",
            "가까운역거리":"NA",
            "역세권여부":"NA",
            "30분이내주요거점역":"NA",
            "1시간이내주요거점역":"NA",
            "3km이내백화점수":0,
            "5km이내아울렛몰수":0,
            "1km이내대형먀트수":0,
            "500m이내은행수":0,
            "500m이내병원수":2,
            "5km이내대형병원수":5,
            "500m이내공원수":3,
            "3km이내혐오시설수":0,
            "초등학교학업성취도":79.9,
            "중학교학업성취도":69.9,
            "용적률":187,
            "건폐율":16,
            "Y":35.183437,
            "X":129.001847,
            "rank":54.0,
            "area_info":"17평(57.19), 17평(58.26), 17평(58.98), 20평(69.15), 22평(73.02)",
            "last_sales":"2022-01-08,8900.0,17평(57.19)"
        },
        {
            "index":47,
            "아파트명":"대하",
            "투자타입":"재건축",
            "전용면적(m2)":"49.75",
            "전용면적(평)":"15평",
            "법정동주소":"부산시 사상구 덕포동 191-2",
            "도로명주소":"부산시 사상구 사상로310번길 88",
            "세대수":0,
            "입주년차":"--",
            "용적률점수":0,
            "건폐율점수":0,
            "세대당주차수":"--",
            "난방방식":"--",
            "공급면적":50,
            "전용률":80,
            "욕실수":"--",
            "현관타입":"--",
            "주거총점":6.5,
            "지역구공급총점":0.0,
            "역세권":"NA",
            "30분내 이동가능 거점":"NA",
            "1시간내 이동가능 거점":"NA",
            "교통총점":"NA",
            "백화점":0,
            "아울렛몰":0,
            "대형마트":80,
            "은행":100,
            "병원":60,
            "종합병원":100,
            "공원":80,
            "혐오시설":0,
            "인프라총점":50.4,
            "초등학군":87.18,
            "중학군":47.22,
            "학군총점":55.212,
            "인구수":24.26,
            "인구증감":-15.06,
            "인구총점":12.464,
            "일자리":14.5,
            "소득수준":53.56,
            "일자리총점":26.218,
            "가치 총점":36.238,
            "매매실거래년":20210309.0,
            "매매실거래가":14000.0,
            "전세실거래년":20211201.0,
            "전세실거래가":8000.0,
            "전세가율":57.14,
            "장기전세가율평균":74.76,
            "전세가율거품지수":17.62,
            "검색코드":5564,
            "세대수":100,
            "준공년월":"1982-05-26",
            "준공년차":41,
            "가까운역이름":"NA",
            "가까운역거리":"NA",
            "역세권여부":"NA",
            "30분이내주요거점역":"NA",
            "1시간이내주요거점역":"NA",
            "3km이내백화점수":0,
            "5km이내아울렛몰수":0,
            "1km이내대형먀트수":1,
            "500m이내은행수":5,
            "500m이내병원수":13,
            "5km이내대형병원수":4,
            "500m이내공원수":1,
            "3km이내혐오시설수":0,
            "초등학교학업성취도":87.18,
            "중학교학업성취도":78.7,
            "용적률":0,
            "건폐율":0,
            "Y":35.170529,
            "X":128.986375,
            "rank":55.0,
            "area_info":"15평(49.75), 15평(52.17), 20평(69.16)",
            "last_sales":"2021-03-09,14000.0,15평(49.75)"
        },
        {
            "index":164,
            "아파트명":"우성",
            "투자타입":"재건축",
            "전용면적(m2)":"89.4",
            "전용면적(평)":"27평",
            "법정동주소":"부산시 사상구 모라동 1357",
            "도로명주소":"부산시 사상구 백양대로 906",
            "세대수":80,
            "입주년차":"--",
            "용적률점수":0,
            "건폐율점수":0,
            "세대당주차수":"--",
            "난방방식":"--",
            "공급면적":70,
            "전용률":80,
            "욕실수":"--",
            "현관타입":"--",
            "주거총점":31.5,
            "지역구공급총점":0.0,
            "역세권":"NA",
            "30분내 이동가능 거점":"NA",
            "1시간내 이동가능 거점":"NA",
            "교통총점":"NA",
            "백화점":0,
            "아울렛몰":0,
            "대형마트":0,
            "은행":20,
            "병원":60,
            "종합병원":100,
            "공원":100,
            "혐오시설":0,
            "인프라총점":31.0,
            "초등학군":84.04,
            "중학군":41.98,
            "학군총점":50.392,
            "인구수":24.26,
            "인구증감":-15.06,
            "인구총점":12.464,
            "일자리":14.5,
            "소득수준":53.56,
            "일자리총점":26.218,
            "가치 총점":36.023,
            "매매실거래년":20211104.0,
            "매매실거래가":23000.0,
            "전세실거래년":20211206.0,
            "전세실거래가":20000.0,
            "전세가율":86.96,
            "장기전세가율평균":74.76,
            "전세가율거품지수":-12.2,
            "검색코드":5597,
            "세대수":796,
            "준공년월":"1989-07-20",
            "준공년차":34,
            "가까운역이름":"NA",
            "가까운역거리":"NA",
            "역세권여부":"NA",
            "30분이내주요거점역":"NA",
            "1시간이내주요거점역":"NA",
            "3km이내백화점수":0,
            "5km이내아울렛몰수":0,
            "1km이내대형먀트수":0,
            "500m이내은행수":2,
            "500m이내병원수":23,
            "5km이내대형병원수":4,
            "500m이내공원수":2,
            "3km이내혐오시설수":0,
            "초등학교학업성취도":84.04,
            "중학교학업성취도":69.7,
            "용적률":0,
            "건폐율":0,
            "Y":35.188115,
            "X":128.991923,
            "rank":56.0,
            "area_info":"27평(89.4), 31평(102.57), 43평(144.86), 48평(158.74)",
            "last_sales":"2021-11-04,23000.0,27평(89.4)"
        },
        {
            "index":0,
            "아파트명":"감전역예서두레라움",
            "투자타입":"일반",
            "전용면적(m2)":"61.87",
            "전용면적(평)":"18평",
            "법정동주소":"부산시 사상구 감전동 118-6",
            "도로명주소":"부산시 사상구 괘감로 146",
            "세대수":0,
            "입주년차":80,
            "용적률점수":"--",
            "건폐율점수":"--",
            "세대당주차수":0,
            "난방방식":30,
            "공급면적":"--",
            "전용률":"--",
            "욕실수":50,
            "현관타입":100,
            "주거총점":34.0,
            "지역구공급총점":0.0,
            "역세권":"NA",
            "30분내 이동가능 거점":"NA",
            "1시간내 이동가능 거점":"NA",
            "교통총점":"NA",
            "백화점":0,
            "아울렛몰":0,
            "대형마트":0,
            "은행":20,
            "병원":10,
            "종합병원":100,
            "공원":100,
            "혐오시설":0,
            "인프라총점":26.0,
            "초등학군":80.96,
            "중학군":48.18,
            "학군총점":54.736,
            "인구수":24.26,
            "인구증감":-15.06,
            "인구총점":12.464,
            "일자리":14.5,
            "소득수준":53.56,
            "일자리총점":26.218,
            "가치 총점":35.984,
            "매매실거래년":"18000101",
            "매매실거래가":null,
            "전세실거래년":20210925.0,
            "전세실거래가":19557.0,
            "전세가율":null,
            "장기전세가율평균":74.76,
            "전세가율거품지수":null,
            "검색코드":124448,
            "세대수":190,
            "준공년월":"2018-09-19",
            "준공년차":5,
            "가까운역이름":"NA",
            "가까운역거리":"NA",
            "역세권여부":"NA",
            "30분이내주요거점역":"NA",
            "1시간이내주요거점역":"NA",
            "3km이내백화점수":0,
            "5km이내아울렛몰수":0,
            "1km이내대형먀트수":0,
            "500m이내은행수":2,
            "500m이내병원수":4,
            "5km이내대형병원수":4,
            "500m이내공원수":2,
            "3km이내혐오시설수":0,
            "초등학교학업성취도":80.96,
            "중학교학업성취도":79.5,
            "용적률":589,
            "건폐율":47,
            "Y":35.155649,
            "X":128.990299,
            "rank":57.0,
            "area_info":"18평(61.87), 19평(65.57)",
            "last_sales":"1800-01-01,nan,18평(61.87)"
        },
        {
            "index":213,
            "아파트명":"엄궁럭키",
            "투자타입":"일반",
            "전용면적(m2)":"83.64",
            "전용면적(평)":"25평",
            "법정동주소":"부산시 사상구 엄궁동 25-110",
            "도로명주소":"부산시 사상구 대동로 34-25",
            "세대수":50,
            "입주년차":0,
            "용적률점수":"--",
            "건폐율점수":"--",
            "세대당주차수":0,
            "난방방식":30,
            "공급면적":"--",
            "전용률":"--",
            "욕실수":50,
            "현관타입":100,
            "주거총점":35.5,
            "지역구공급총점":0.0,
            "역세권":"NA",
            "30분내 이동가능 거점":"NA",
            "1시간내 이동가능 거점":"NA",
            "교통총점":"NA",
            "백화점":0,
            "아울렛몰":0,
            "대형마트":0,
            "은행":0,
            "병원":30,
            "종합병원":100,
            "공원":0,
            "혐오시설":0,
            "인프라총점":23.0,
            "초등학군":88.06,
            "중학군":47.7,
            "학군총점":55.772,
            "인구수":24.26,
            "인구증감":-15.06,
            "인구총점":12.464,
            "일자리":14.5,
            "소득수준":53.56,
            "일자리총점":26.218,
            "가치 총점":35.568,
            "매매실거래년":20211203.0,
            "매매실거래가":13500.0,
            "전세실거래년":20220113.0,
            "전세실거래가":9500.0,
            "전세가율":70.37,
            "장기전세가율평균":74.76,
            "전세가율거품지수":4.39,
            "검색코드":5670,
            "세대수":441,
            "준공년월":"1993-09-27",
            "준공년차":30,
            "가까운역이름":"NA",
            "가까운역거리":"NA",
            "역세권여부":"NA",
            "30분이내주요거점역":"NA",
            "1시간이내주요거점역":"NA",
            "3km이내백화점수":0,
            "5km이내아울렛몰수":0,
            "1km이내대형먀트수":0,
            "500m이내은행수":0,
            "500m이내병원수":9,
            "5km이내대형병원수":5,
            "500m이내공원수":0,
            "3km이내혐오시설수":0,
            "초등학교학업성취도":88.06,
            "중학교학업성취도":78.7,
            "용적률":240,
            "건폐율":21,
            "Y":35.134397,
            "X":128.975844,
            "rank":58.0,
            "area_info":"25평(83.64), 30평(100.73), 30평(102.13), 30평(102.37), 31평(102.6)",
            "last_sales":"2021-12-03,13500.0,25평(83.64)"
        },
        {
            "index":60,
            "아파트명":"덕포남영",
            "투자타입":"일반",
            "전용면적(m2)":"52.32",
            "전용면적(평)":"15평",
            "법정동주소":"부산시 사상구 덕포동 789",
            "도로명주소":"부산시 사상구 백양대로 716",
            "세대수":50,
            "입주년차":0,
            "용적률점수":"--",
            "건폐율점수":"--",
            "세대당주차수":0,
            "난방방식":30,
            "공급면적":"--",
            "전용률":"--",
            "욕실수":50,
            "현관타입":10,
            "주거총점":26.5,
            "지역구공급총점":0.0,
            "역세권":"NA",
            "30분내 이동가능 거점":"NA",
            "1시간내 이동가능 거점":"NA",
            "교통총점":"NA",
            "백화점":0,
            "아울렛몰":0,
            "대형마트":0,
            "은행":70,
            "병원":10,
            "종합병원":100,
            "공원":100,
            "혐오시설":0,
            "인프라총점":31.0,
            "초등학군":88.76,
            "중학군":47.22,
            "학군총점":55.528,
            "인구수":24.26,
            "인구증감":-15.06,
            "인구총점":12.464,
            "일자리":14.5,
            "소득수준":53.56,
            "일자리총점":26.218,
            "가치 총점":35.557,
            "매매실거래년":20211201.0,
            "매매실거래가":11000.0,
            "전세실거래년":20220107.0,
            "전세실거래가":7500.0,
            "전세가율":90.36,
            "장기전세가율평균":74.76,
            "전세가율거품지수":-15.6,
            "검색코드":15991,
            "세대수":400,
            "준공년월":"1993-07-03",
            "준공년차":30,
            "가까운역이름":"NA",
            "가까운역거리":"NA",
            "역세권여부":"NA",
            "30분이내주요거점역":"NA",
            "1시간이내주요거점역":"NA",
            "3km이내백화점수":0,
            "5km이내아울렛몰수":0,
            "1km이내대형먀트수":0,
            "500m이내은행수":4,
            "500m이내병원수":3,
            "5km이내대형병원수":4,
            "500m이내공원수":2,
            "3km이내혐오시설수":0,
            "초등학교학업성취도":88.76,
            "중학교학업성취도":78.7,
            "용적률":0,
            "건폐율":0,
            "Y":35.170595,
            "X":128.98934,
            "rank":59.0,
            "area_info":"15평(52.32), 16평(54.47), 20평(67.57)",
            "last_sales":"2021-12-01,11000.0,20평(67.57)"
        },
        {
            "index":289,
            "아파트명":"주례(519-6)",
            "투자타입":"재건축",
            "전용면적(m2)":"54.25",
            "전용면적(평)":"16평",
            "법정동주소":"부산시 사상구 주례동 519-6",
            "도로명주소":"부산시 사상구 가야대로306번길 20",
            "세대수":0,
            "입주년차":"--",
            "용적률점수":0,
            "건폐율점수":0,
            "세대당주차수":"--",
            "난방방식":"--",
            "공급면적":50,
            "전용률":80,
            "욕실수":"--",
            "현관타입":"--",
            "주거총점":6.5,
            "지역구공급총점":0.0,
            "역세권":"NA",
            "30분내 이동가능 거점":"NA",
            "1시간내 이동가능 거점":"NA",
            "교통총점":"NA",
            "백화점":0,
            "아울렛몰":80,
            "대형마트":80,
            "은행":20,
            "병원":80,
            "종합병원":100,
            "공원":0,
            "혐오시설":-50,
            "인프라총점":49.0,
            "초등학군":86.08,
            "중학군":46.88,
            "학군총점":54.72,
            "인구수":24.26,
            "인구증감":-15.06,
            "인구총점":12.464,
            "일자리":14.5,
            "소득수준":53.56,
            "일자리총점":26.218,
            "가치 총점":35.555,
            "매매실거래년":20211020.0,
            "매매실거래가":15850.0,
            "전세실거래년":20211117.0,
            "전세실거래가":10000.0,
            "전세가율":63.09,
            "장기전세가율평균":74.76,
            "전세가율거품지수":11.67,
            "검색코드":5841,
            "세대수":210,
            "준공년월":"1983-04-02",
            "준공년차":40,
            "가까운역이름":"NA",
            "가까운역거리":"NA",
            "역세권여부":"NA",
            "30분이내주요거점역":"NA",
            "1시간이내주요거점역":"NA",
            "3km이내백화점수":0,
            "5km이내아울렛몰수":1,
            "1km이내대형먀트수":1,
            "500m이내은행수":2,
            "500m이내병원수":30,
            "5km이내대형병원수":10,
            "500m이내공원수":0,
            "3km이내혐오시설수":1,
            "초등학교학업성취도":86.08,
            "중학교학업성취도":76.4,
            "용적률":0,
            "건폐율":0,
            "Y":35.149677,
            "X":129.006448,
            "rank":60.0,
            "area_info":"16평(54.25), 17평(59.39), 18평(62.05), 19평(62.83), 22평(73.06), 23평(78.76)",
            "last_sales":"2021-10-20,15850.0,16평(54.25)"
        },
        {
            "index":364,
            "아파트명":"구학마을",
            "투자타입":"재건축",
            "전용면적(m2)":"64.9",
            "전용면적(평)":"19평",
            "법정동주소":"부산시 사상구 학장동 168-8",
            "도로명주소":"부산시 사상구 학감대로49번길 15",
            "세대수":90,
            "입주년차":"--",
            "용적률점수":0,
            "건폐율점수":0,
            "세대당주차수":"--",
            "난방방식":"--",
            "공급면적":50,
            "전용률":60,
            "욕실수":"--",
            "현관타입":"--",
            "주거총점":32.5,
            "지역구공급총점":0.0,
            "역세권":"NA",
            "30분내 이동가능 거점":"NA",
            "1시간내 이동가능 거점":"NA",
            "교통총점":"NA",
            "백화점":0,
            "아울렛몰":0,
            "대형마트":0,
            "은행":0,
            "병원":10,
            "종합병원":100,
            "공원":100,
            "혐오시설":0,
            "인프라총점":24.0,
            "초등학군":82.88,
            "중학군":49.36,
            "학군총점":56.064,
            "인구수":24.26,
            "인구증감":-15.06,
            "인구총점":12.464,
            "일자리":14.5,
            "소득수준":53.56,
            "일자리총점":26.218,
            "가치 총점":34.991,
            "매매실거래년":20211230.0,
            "매매실거래가":13000.0,
            "전세실거래년":20220101.0,
            "전세실거래가":9000.0,
            "전세가율":69.23,
            "장기전세가율평균":74.76,
            "전세가율거품지수":5.53,
            "검색코드":5887,
            "세대수":1110,
            "준공년월":"1992-06-08",
            "준공년차":31,
            "가까운역이름":"NA",
            "가까운역거리":"NA",
            "역세권여부":"NA",
            "30분이내주요거점역":"NA",
            "1시간이내주요거점역":"NA",
            "3km이내백화점수":0,
            "5km이내아울렛몰수":0,
            "1km이내대형먀트수":0,
            "500m이내은행수":0,
            "500m이내병원수":2,
            "5km이내대형병원수":7,
            "500m이내공원수":2,
            "3km이내혐오시설수":0,
            "초등학교학업성취도":82.88,
            "중학교학업성취도":81.0,
            "용적률":0,
            "건폐율":0,
            "Y":35.136736,
            "X":128.993067,
            "rank":61.0,
            "area_info":"19평(64.9)",
            "last_sales":"2021-12-30,13000.0,19평(64.9)"
        },
        {
            "index":103,
            "아파트명":"자유",
            "투자타입":"재건축",
            "전용면적(m2)":"50.62",
            "전용면적(평)":"15평",
            "법정동주소":"부산시 사상구 덕포동 761-1",
            "도로명주소":"부산시 사상구 백양대로 820",
            "세대수":80,
            "입주년차":"--",
            "용적률점수":0,
            "건폐율점수":0,
            "세대당주차수":"--",
            "난방방식":"--",
            "공급면적":50,
            "전용률":60,
            "욕실수":"--",
            "현관타입":"--",
            "주거총점":29.5,
            "지역구공급총점":0.0,
            "역세권":"NA",
            "30분내 이동가능 거점":"NA",
            "1시간내 이동가능 거점":"NA",
            "교통총점":"NA",
            "백화점":0,
            "아울렛몰":0,
            "대형마트":0,
            "은행":20,
            "병원":30,
            "종합병원":100,
            "공원":100,
            "혐오시설":0,
            "인프라총점":28.0,
            "초등학군":88.5,
            "중학군":40.32,
            "학군총점":49.956,
            "인구수":24.26,
            "인구증감":-15.06,
            "인구총점":12.464,
            "일자리":14.5,
            "소득수준":53.56,
            "일자리총점":26.218,
            "가치 총점":34.014,
            "매매실거래년":20210923.0,
            "매매실거래가":18500.0,
            "전세실거래년":20210825.0,
            "전세실거래가":8000.0,
            "전세가율":96.39,
            "장기전세가율평균":74.76,
            "전세가율거품지수":-21.63,
            "검색코드":5582,
            "세대수":780,
            "준공년월":"1989-07-20",
            "준공년차":34,
            "가까운역이름":"NA",
            "가까운역거리":"NA",
            "역세권여부":"NA",
            "30분이내주요거점역":"NA",
            "1시간이내주요거점역":"NA",
            "3km이내백화점수":0,
            "5km이내아울렛몰수":0,
            "1km이내대형먀트수":0,
            "500m이내은행수":2,
            "500m이내병원수":6,
            "5km이내대형병원수":5,
            "500m이내공원수":3,
            "3km이내혐오시설수":0,
            "초등학교학업성취도":88.5,
            "중학교학업성취도":67.2,
            "용적률":0,
            "건폐율":0,
            "Y":35.181177,
            "X":128.989435,
            "rank":62.0,
            "area_info":"15평(50.62), 15평(52.03), 17평(59.11), 18평(60.52), 21평(70.5), 23평(78.45), 24평(79.65), 24평(79.67), 24평(81.55), 30평(100.83), 30평(100.95), 30평(100.47), 42평(141.58)",
            "last_sales":"2021-09-23,18500.0,30평(100.95)"
        },
        {
            "index":403,
            "아파트명":"학장대림",
            "투자타입":"재건축",
            "전용면적(m2)":"78.12",
            "전용면적(평)":"23평",
            "법정동주소":"부산시 사상구 학장동 167-3",
            "도로명주소":"부산시 사상구 학감대로49번길 62",
            "세대수":80,
            "입주년차":"--",
            "용적률점수":0,
            "건폐율점수":0,
            "세대당주차수":"--",
            "난방방식":"--",
            "공급면적":50,
            "전용률":60,
            "욕실수":"--",
            "현관타입":"--",
            "주거총점":29.5,
            "지역구공급총점":0.0,
            "역세권":"NA",
            "30분내 이동가능 거점":"NA",
            "1시간내 이동가능 거점":"NA",
            "교통총점":"NA",
            "백화점":0,
            "아울렛몰":0,
            "대형마트":0,
            "은행":0,
            "병원":10,
            "종합병원":100,
            "공원":100,
            "혐오시설":0,
            "인프라총점":24.0,
            "초등학군":82.88,
            "중학군":49.36,
            "학군총점":56.064,
            "인구수":24.26,
            "인구증감":-15.06,
            "인구총점":12.464,
            "일자리":14.5,
            "소득수준":53.56,
            "일자리총점":26.218,
            "가치 총점":33.941,
            "매매실거래년":20211207.0,
            "매매실거래가":17200.0,
            "전세실거래년":20211213.0,
            "전세실거래가":12000.0,
            "전세가율":86.96,
            "장기전세가율평균":74.76,
            "전세가율거품지수":-12.2,
            "검색코드":9771,
            "세대수":825,
            "준공년월":"1991-07-13",
            "준공년차":32,
            "가까운역이름":"NA",
            "가까운역거리":"NA",
            "역세권여부":"NA",
            "30분이내주요거점역":"NA",
            "1시간이내주요거점역":"NA",
            "3km이내백화점수":0,
            "5km이내아울렛몰수":0,
            "1km이내대형먀트수":0,
            "500m이내은행수":0,
            "500m이내병원수":2,
            "5km이내대형병원수":7,
            "500m이내공원수":2,
            "3km이내혐오시설수":0,
            "초등학교학업성취도":82.88,
            "중학교학업성취도":81.0,
            "용적률":0,
            "건폐율":0,
            "Y":35.135225,
            "X":128.992609,
            "rank":63.0,
            "area_info":"23평(78.12), 27평(91.67), 30평(102.25)",
            "last_sales":"2021-12-07,17200.0,30평(102.25)"
        },
        {
            "index":275,
            "아파트명":"벽산신화",
            "투자타입":"일반",
            "전용면적(m2)":"78.25",
            "전용면적(평)":"23평",
            "법정동주소":"부산시 사상구 주례동 1010-3",
            "도로명주소":"부산시 사상구 백양대로 515",
            "세대수":30,
            "입주년차":0,
            "용적률점수":"--",
            "건폐율점수":"--",
            "세대당주차수":0,
            "난방방식":30,
            "공급면적":"--",
            "전용률":"--",
            "욕실수":50,
            "현관타입":100,
            "주거총점":28.5,
            "지역구공급총점":0.0,
            "역세권":"NA",
            "30분내 이동가능 거점":"NA",
            "1시간내 이동가능 거점":"NA",
            "교통총점":"NA",
            "백화점":0,
            "아울렛몰":0,
            "대형마트":0,
            "은행":0,
            "병원":10,
            "종합병원":100,
            "공원":100,
            "혐오시설":0,
            "인프라총점":24.0,
            "초등학군":88.67,
            "중학군":48.18,
            "학군총점":56.278,
            "인구수":24.26,
            "인구증감":-15.06,
            "인구총점":12.464,
            "일자리":14.5,
            "소득수준":53.56,
            "일자리총점":26.218,
            "가치 총점":33.6445,
            "매매실거래년":20211109.0,
            "매매실거래가":17000.0,
            "전세실거래년":20200512.0,
            "전세실거래가":10700.0,
            "전세가율":89.92,
            "장기전세가율평균":74.76,
            "전세가율거품지수":-15.16,
            "검색코드":5724,
            "세대수":383,
            "준공년월":"1993-04-06",
            "준공년차":30,
            "가까운역이름":"NA",
            "가까운역거리":"NA",
            "역세권여부":"NA",
            "30분이내주요거점역":"NA",
            "1시간이내주요거점역":"NA",
            "3km이내백화점수":0,
            "5km이내아울렛몰수":0,
            "1km이내대형먀트수":0,
            "500m이내은행수":0,
            "500m이내병원수":3,
            "5km이내대형병원수":6,
            "500m이내공원수":2,
            "3km이내혐오시설수":0,
            "초등학교학업성취도":88.67,
            "중학교학업성취도":79.5,
            "용적률":0,
            "건폐율":0,
            "Y":35.154319,
            "X":128.995563,
            "rank":64.0,
            "area_info":"23평(78.25), 24평(80.66), 29평(96.97), 33평(111.43), 47평(158.04), 48평(160.04)",
            "last_sales":"2021-11-09,17000.0,33평(111.43)"
        },
        {
            "index":330,
            "아파트명":"주례조양",
            "투자타입":"재건축",
            "전용면적(m2)":"67.5",
            "전용면적(평)":"20평",
            "법정동주소":"부산시 사상구 주례동 122",
            "도로명주소":"부산시 사상구 냉정로 56",
            "세대수":0,
            "입주년차":"--",
            "용적률점수":0,
            "건폐율점수":0,
            "세대당주차수":"--",
            "난방방식":"--",
            "공급면적":50,
            "전용률":100,
            "욕실수":"--",
            "현관타입":"--",
            "주거총점":7.5,
            "지역구공급총점":0.0,
            "역세권":"NA",
            "30분내 이동가능 거점":"NA",
            "1시간내 이동가능 거점":"NA",
            "교통총점":"NA",
            "백화점":0,
            "아울렛몰":0,
            "대형마트":80,
            "은행":20,
            "병원":80,
            "종합병원":100,
            "공원":0,
            "혐오시설":0,
            "인프라총점":42.0,
            "초등학군":86.08,
            "중학군":46.88,
            "학군총점":54.72,
            "인구수":24.26,
            "인구증감":-15.06,
            "인구총점":12.464,
            "일자리":14.5,
            "소득수준":53.56,
            "일자리총점":26.218,
            "가치 총점":33.105,
            "매매실거래년":20211111.0,
            "매매실거래가":29500.0,
            "전세실거래년":20201209.0,
            "전세실거래가":11000.0,
            "전세가율":62.86,
            "장기전세가율평균":74.76,
            "전세가율거품지수":11.9,
            "검색코드":5829,
            "세대수":245,
            "준공년월":"1984-09-14",
            "준공년차":39,
            "가까운역이름":"NA",
            "가까운역거리":"NA",
            "역세권여부":"NA",
            "30분이내주요거점역":"NA",
            "1시간이내주요거점역":"NA",
            "3km이내백화점수":0,
            "5km이내아울렛몰수":0,
            "1km이내대형먀트수":1,
            "500m이내은행수":2,
            "500m이내병원수":30,
            "5km이내대형병원수":10,
            "500m이내공원수":0,
            "3km이내혐오시설수":0,
            "초등학교학업성취도":86.08,
            "중학교학업성취도":76.4,
            "용적률":0,
            "건폐율":0,
            "Y":35.148373,
            "X":129.005089,
            "rank":65.0,
            "area_info":"20평(67.5), 20평(69.24), 22평(73.17), 22평(74.88), 24평(81.93), 25평(83.43), 27평(91.8)",
            "last_sales":"2021-11-11,29500.0,27평(91.8)"
        },
        {
            "index":177,
            "아파트명":"창신그린힐",
            "투자타입":"일반",
            "전용면적(m2)":"97.56",
            "전용면적(평)":"29평",
            "법정동주소":"부산시 사상구 모라동 409-13",
            "도로명주소":"부산시 사상구 백양대로902번길 46",
            "세대수":0,
            "입주년차":0,
            "용적률점수":"--",
            "건폐율점수":"--",
            "세대당주차수":0,
            "난방방식":30,
            "공급면적":"--",
            "전용률":"--",
            "욕실수":100,
            "현관타입":100,
            "주거총점":23.0,
            "지역구공급총점":0.0,
            "역세권":"NA",
            "30분내 이동가능 거점":"NA",
            "1시간내 이동가능 거점":"NA",
            "교통총점":"NA",
            "백화점":0,
            "아울렛몰":0,
            "대형마트":0,
            "은행":20,
            "병원":60,
            "종합병원":100,
            "공원":100,
            "혐오시설":0,
            "인프라총점":31.0,
            "초등학군":84.04,
            "중학군":41.98,
            "학군총점":50.392,
            "인구수":24.26,
            "인구증감":-15.06,
            "인구총점":12.464,
            "일자리":14.5,
            "소득수준":53.56,
            "일자리총점":26.218,
            "가치 총점":33.048,
            "매매실거래년":20211209.0,
            "매매실거래가":10000.0,
            "전세실거래년":20200511.0,
            "전세실거래가":10000.0,
            "전세가율":100.0,
            "장기전세가율평균":74.76,
            "전세가율거품지수":-25.24,
            "검색코드":5601,
            "세대수":150,
            "준공년월":"1993-07-15",
            "준공년차":30,
            "가까운역이름":"NA",
            "가까운역거리":"NA",
            "역세권여부":"NA",
            "30분이내주요거점역":"NA",
            "1시간이내주요거점역":"NA",
            "3km이내백화점수":0,
            "5km이내아울렛몰수":0,
            "1km이내대형먀트수":0,
            "500m이내은행수":2,
            "500m이내병원수":20,
            "5km이내대형병원수":4,
            "500m이내공원수":2,
            "3km이내혐오시설수":0,
            "초등학교학업성취도":84.04,
            "중학교학업성취도":69.7,
            "용적률":242,
            "건폐율":21,
            "Y":35.18752,
            "X":128.99326,
            "rank":66.0,
            "area_info":"29평(97.56), 29평(97.46), 30평(101.57)",
            "last_sales":"2021-12-09,10000.0,29평(97.56)"
        },
        {
            "index":199,
            "아파트명":"무학다솜타운",
            "투자타입":"일반",
            "전용면적(m2)":"65.64",
            "전용면적(평)":"19평",
            "법정동주소":"부산시 사상구 엄궁동 1",
            "도로명주소":"부산시 사상구 대동로64번길 22",
            "세대수":30,
            "입주년차":20,
            "용적률점수":"--",
            "건폐율점수":"--",
            "세대당주차수":0,
            "난방방식":30,
            "공급면적":"--",
            "전용률":"--",
            "욕실수":50,
            "현관타입":10,
            "주거총점":23.5,
            "지역구공급총점":0.0,
            "역세권":"NA",
            "30분내 이동가능 거점":"NA",
            "1시간내 이동가능 거점":"NA",
            "교통총점":"NA",
            "백화점":0,
            "아울렛몰":0,
            "대형마트":0,
            "은행":0,
            "병원":60,
            "종합병원":100,
            "공원":0,
            "혐오시설":0,
            "인프라총점":26.0,
            "초등학군":88.06,
            "중학군":47.7,
            "학군총점":55.772,
            "인구수":24.26,
            "인구증감":-15.06,
            "인구총점":12.464,
            "일자리":14.5,
            "소득수준":53.56,
            "일자리총점":26.218,
            "가치 총점":32.568,
            "매매실거래년":20211222.0,
            "매매실거래가":13000.0,
            "전세실거래년":20211206.0,
            "전세실거래가":10000.0,
            "전세가율":76.92,
            "장기전세가율평균":74.76,
            "전세가율거품지수":-2.16,
            "검색코드":16001,
            "세대수":387,
            "준공년월":"2000-03-31",
            "준공년차":23,
            "가까운역이름":"NA",
            "가까운역거리":"NA",
            "역세권여부":"NA",
            "30분이내주요거점역":"NA",
            "1시간이내주요거점역":"NA",
            "3km이내백화점수":0,
            "5km이내아울렛몰수":0,
            "1km이내대형먀트수":0,
            "500m이내은행수":0,
            "500m이내병원수":10,
            "5km이내대형병원수":5,
            "500m이내공원수":0,
            "3km이내혐오시설수":0,
            "초등학교학업성취도":88.06,
            "중학교학업성취도":78.7,
            "용적률":299,
            "건폐율":20,
            "Y":35.135527,
            "X":128.976549,
            "rank":67.0,
            "area_info":"19평(65.64), 25평(85.83)",
            "last_sales":"2021-12-22,13000.0,19평(65.64)"
        },
        {
            "index":308,
            "아파트명":"주례동일2차",
            "투자타입":"일반",
            "전용면적(m2)":"77.71",
            "전용면적(평)":"23평",
            "법정동주소":"부산시 사상구 주례동 286",
            "도로명주소":"부산시 사상구 양지로42번길 13",
            "세대수":0,
            "입주년차":0,
            "용적률점수":"--",
            "건폐율점수":"--",
            "세대당주차수":30,
            "난방방식":30,
            "공급면적":"--",
            "전용률":"--",
            "욕실수":50,
            "현관타입":100,
            "주거총점":22.5,
            "지역구공급총점":0.0,
            "역세권":"NA",
            "30분내 이동가능 거점":"NA",
            "1시간내 이동가능 거점":"NA",
            "교통총점":"NA",
            "백화점":0,
            "아울렛몰":0,
            "대형마트":0,
            "은행":0,
            "병원":30,
            "종합병원":100,
            "공원":100,
            "혐오시설":0,
            "인프라총점":26.0,
            "초등학군":88.67,
            "중학군":48.18,
            "학군총점":56.278,
            "인구수":24.26,
            "인구증감":-15.06,
            "인구총점":12.464,
            "일자리":14.5,
            "소득수준":53.56,
            "일자리총점":26.218,
            "가치 총점":32.3445,
            "매매실거래년":20210809.0,
            "매매실거래가":15400.0,
            "전세실거래년":20210114.0,
            "전세실거래가":13000.0,
            "전세가율":84.42,
            "장기전세가율평균":74.76,
            "전세가율거품지수":-9.66,
            "검색코드":5712,
            "세대수":232,
            "준공년월":"1998-12-31",
            "준공년차":25,
            "가까운역이름":"NA",
            "가까운역거리":"NA",
            "역세권여부":"NA",
            "30분이내주요거점역":"NA",
            "1시간이내주요거점역":"NA",
            "3km이내백화점수":0,
            "5km이내아울렛몰수":0,
            "1km이내대형먀트수":0,
            "500m이내은행수":0,
            "500m이내병원수":6,
            "5km이내대형병원수":6,
            "500m이내공원수":4,
            "3km이내혐오시설수":0,
            "초등학교학업성취도":88.67,
            "중학교학업성취도":79.5,
            "용적률":214,
            "건폐율":23,
            "Y":35.154609,
            "X":129.001932,
            "rank":68.0,
            "area_info":"23평(77.71), 23평(77.69), 25평(83.6), 27평(90.79), 28평(92.61), 32평(106.9)",
            "last_sales":"2021-08-09,15400.0,23평(77.71)"
        },
        {
            "index":97,
            "아파트명":"유원",
            "투자타입":"재건축",
            "전용면적(m2)":"60.21",
            "전용면적(평)":"18평",
            "법정동주소":"부산시 사상구 덕포동 198",
            "도로명주소":"부산시 사상구 사상로310번나길 54",
            "세대수":0,
            "입주년차":"--",
            "용적률점수":0,
            "건폐율점수":0,
            "세대당주차수":"--",
            "난방방식":"--",
            "공급면적":50,
            "전용률":80,
            "욕실수":"--",
            "현관타입":"--",
            "주거총점":6.5,
            "지역구공급총점":0.0,
            "역세권":"NA",
            "30분내 이동가능 거점":"NA",
            "1시간내 이동가능 거점":"NA",
            "교통총점":"NA",
            "백화점":0,
            "아울렛몰":0,
            "대형마트":80,
            "은행":0,
            "병원":60,
            "종합병원":100,
            "공원":80,
            "혐오시설":0,
            "인프라총점":40.4,
            "초등학군":87.18,
            "중학군":47.22,
            "학군총점":55.212,
            "인구수":24.26,
            "인구증감":-15.06,
            "인구총점":12.464,
            "일자리":14.5,
            "소득수준":53.56,
            "일자리총점":26.218,
            "가치 총점":32.238,
            "매매실거래년":20211120.0,
            "매매실거래가":27200.0,
            "전세실거래년":20210416.0,
            "전세실거래가":10000.0,
            "전세가율":38.61,
            "장기전세가율평균":74.76,
            "전세가율거품지수":36.15,
            "검색코드":5581,
            "세대수":280,
            "준공년월":"1980-05-17",
            "준공년차":43,
            "가까운역이름":"NA",
            "가까운역거리":"NA",
            "역세권여부":"NA",
            "30분이내주요거점역":"NA",
            "1시간이내주요거점역":"NA",
            "3km이내백화점수":0,
            "5km이내아울렛몰수":0,
            "1km이내대형먀트수":1,
            "500m이내은행수":1,
            "500m이내병원수":13,
            "5km이내대형병원수":4,
            "500m이내공원수":1,
            "3km이내혐오시설수":0,
            "초등학교학업성취도":87.18,
            "중학교학업성취도":78.7,
            "용적률":0,
            "건폐율":0,
            "Y":35.171004,
            "X":128.985689,
            "rank":69.0,
            "area_info":"18평(60.21), 18평(62.22), 19평(62.82), 20평(68.66), 20평(68.65), 23평(78.13)",
            "last_sales":"2021-11-20,27200.0,20평(68.66)"
        },
        {
            "index":93,
            "아파트명":"오양힐타운",
            "투자타입":"재건축",
            "전용면적(m2)":"91.42",
            "전용면적(평)":"27평",
            "법정동주소":"부산시 사상구 덕포동 51",
            "도로명주소":"부산시 사상구 덕상로 8-35",
            "세대수":30,
            "입주년차":"--",
            "용적률점수":0,
            "건폐율점수":0,
            "세대당주차수":"--",
            "난방방식":"--",
            "공급면적":70,
            "전용률":80,
            "욕실수":"--",
            "현관타입":"--",
            "주거총점":16.5,
            "지역구공급총점":0.0,
            "역세권":"NA",
            "30분내 이동가능 거점":"NA",
            "1시간내 이동가능 거점":"NA",
            "교통총점":"NA",
            "백화점":0,
            "아울렛몰":0,
            "대형마트":0,
            "은행":70,
            "병원":10,
            "종합병원":100,
            "공원":100,
            "혐오시설":0,
            "인프라총점":31.0,
            "초등학군":88.76,
            "중학군":47.22,
            "학군총점":55.528,
            "인구수":24.26,
            "인구증감":-15.06,
            "인구총점":12.464,
            "일자리":14.5,
            "소득수준":53.56,
            "일자리총점":26.218,
            "가치 총점":32.057,
            "매매실거래년":20210903.0,
            "매매실거래가":25000.0,
            "전세실거래년":20120615.0,
            "전세실거래가":9000.0,
            "전세가율":62.07,
            "장기전세가율평균":74.76,
            "전세가율거품지수":12.69,
            "검색코드":5576,
            "세대수":352,
            "준공년월":"1992-09-22",
            "준공년차":31,
            "가까운역이름":"NA",
            "가까운역거리":"NA",
            "역세권여부":"NA",
            "30분이내주요거점역":"NA",
            "1시간이내주요거점역":"NA",
            "3km이내백화점수":0,
            "5km이내아울렛몰수":0,
            "1km이내대형먀트수":0,
            "500m이내은행수":4,
            "500m이내병원수":3,
            "5km이내대형병원수":5,
            "500m이내공원수":2,
            "3km이내혐오시설수":0,
            "초등학교학업성취도":88.76,
            "중학교학업성취도":78.7,
            "용적률":0,
            "건폐율":0,
            "Y":35.171822,
            "X":128.989289,
            "rank":70.0,
            "area_info":"27평(91.42), 30평(101.79), 31평(103.0), 45평(152.02)",
            "last_sales":"2021-09-03,25000.0,45평(152.02)"
        },
        {
            "index":325,
            "아파트명":"주례우진",
            "투자타입":"재건축",
            "전용면적(m2)":"52.79",
            "전용면적(평)":"15평",
            "법정동주소":"부산시 사상구 주례동 92-307",
            "도로명주소":"부산시 사상구 주례로 79",
            "세대수":0,
            "입주년차":"--",
            "용적률점수":0,
            "건폐율점수":0,
            "세대당주차수":"--",
            "난방방식":"--",
            "공급면적":50,
            "전용률":80,
            "욕실수":"--",
            "현관타입":"--",
            "주거총점":6.5,
            "지역구공급총점":0.0,
            "역세권":"NA",
            "30분내 이동가능 거점":"NA",
            "1시간내 이동가능 거점":"NA",
            "교통총점":"NA",
            "백화점":0,
            "아울렛몰":80,
            "대형마트":80,
            "은행":0,
            "병원":0,
            "종합병원":100,
            "공원":0,
            "혐오시설":0,
            "인프라총점":40.0,
            "초등학군":86.08,
            "중학군":46.88,
            "학군총점":54.72,
            "인구수":24.26,
            "인구증감":-15.06,
            "인구총점":12.464,
            "일자리":14.5,
            "소득수준":53.56,
            "일자리총점":26.218,
            "가치 총점":31.955,
            "매매실거래년":20170419.0,
            "매매실거래가":23500.0,
            "전세실거래년":null,
            "전세실거래가":null,
            "전세가율":null,
            "장기전세가율평균":74.76,
            "전세가율거품지수":null,
            "검색코드":5868,
            "세대수":110,
            "준공년월":"1984-09-24",
            "준공년차":39,
            "가까운역이름":"NA",
            "가까운역거리":"NA",
            "역세권여부":"NA",
            "30분이내주요거점역":"NA",
            "1시간이내주요거점역":"NA",
            "3km이내백화점수":0,
            "5km이내아울렛몰수":1,
            "1km이내대형먀트수":1,
            "500m이내은행수":1,
            "500m이내병원수":0,
            "5km이내대형병원수":11,
            "500m이내공원수":0,
            "3km이내혐오시설수":0,
            "초등학교학업성취도":86.08,
            "중학교학업성취도":76.4,
            "용적률":0,
            "건폐율":0,
            "Y":35.146434,
            "X":129.008373,
            "rank":71.0,
            "area_info":"15평(52.79), 17평(58.58), 18평(61.19), 21평(71.72)",
            "last_sales":"2017-04-19,23500.0,21평(71.72)"
        },
        {
            "index":368,
            "아파트명":"동양",
            "투자타입":"재건축",
            "전용면적(m2)":"50.26",
            "전용면적(평)":"15평",
            "법정동주소":"부산시 사상구 학장동 210-1",
            "도로명주소":"부산시 사상구 주례로 231",
            "세대수":50,
            "입주년차":"--",
            "용적률점수":0,
            "건폐율점수":0,
            "세대당주차수":"--",
            "난방방식":"--",
            "공급면적":50,
            "전용률":80,
            "욕실수":"--",
            "현관타입":"--",
            "주거총점":21.5,
            "지역구공급총점":0.0,
            "역세권":"NA",
            "30분내 이동가능 거점":"NA",
            "1시간내 이동가능 거점":"NA",
            "교통총점":"NA",
            "백화점":0,
            "아울렛몰":0,
            "대형마트":0,
            "은행":0,
            "병원":30,
            "종합병원":100,
            "공원":80,
            "혐오시설":0,
            "인프라총점":25.4,
            "초등학군":84.02,
            "중학군":49.36,
            "학군총점":56.292,
            "인구수":24.26,
            "인구증감":-15.06,
            "인구총점":12.464,
            "일자리":14.5,
            "소득수준":53.56,
            "일자리총점":26.218,
            "가치 총점":31.758,
            "매매실거래년":20210522.0,
            "매매실거래가":21000.0,
            "전세실거래년":20210701.0,
            "전세실거래가":7000.0,
            "전세가율":45.45,
            "장기전세가율평균":74.76,
            "전세가율거품지수":29.31,
            "검색코드":5896,
            "세대수":442,
            "준공년월":"1984-11-01",
            "준공년차":39,
            "가까운역이름":"NA",
            "가까운역거리":"NA",
            "역세권여부":"NA",
            "30분이내주요거점역":"NA",
            "1시간이내주요거점역":"NA",
            "3km이내백화점수":0,
            "5km이내아울렛몰수":0,
            "1km이내대형먀트수":0,
            "500m이내은행수":1,
            "500m이내병원수":5,
            "5km이내대형병원수":5,
            "500m이내공원수":1,
            "3km이내혐오시설수":0,
            "초등학교학업성취도":84.02,
            "중학교학업성취도":81.0,
            "용적률":0,
            "건폐율":0,
            "Y":35.143469,
            "X":128.991952,
            "rank":72.0,
            "area_info":"15평(50.26), 16평(53.55), 16평(55.11), 18평(61.6), 19평(63.16), 22평(75.18), 23평(76.64)",
            "last_sales":"2021-05-22,21000.0,23평(76.64)"
        },
        {
            "index":329,
            "아파트명":"주례제일타워맨션",
            "투자타입":"일반",
            "전용면적(m2)":"104.02",
            "전용면적(평)":"31평",
            "법정동주소":"부산시 사상구 주례동 991",
            "도로명주소":"부산시 사상구 백양대로506번길 15",
            "세대수":0,
            "입주년차":0,
            "용적률점수":"--",
            "건폐율점수":"--",
            "세대당주차수":0,
            "난방방식":30,
            "공급면적":"--",
            "전용률":"--",
            "욕실수":100,
            "현관타입":100,
            "주거총점":23.0,
            "지역구공급총점":0.0,
            "역세권":"NA",
            "30분내 이동가능 거점":"NA",
            "1시간내 이동가능 거점":"NA",
            "교통총점":"NA",
            "백화점":0,
            "아울렛몰":0,
            "대형마트":0,
            "은행":0,
            "병원":10,
            "종합병원":100,
            "공원":100,
            "혐오시설":0,
            "인프라총점":24.0,
            "초등학군":88.67,
            "중학군":48.18,
            "학군총점":56.278,
            "인구수":24.26,
            "인구증감":-15.06,
            "인구총점":12.464,
            "일자리":14.5,
            "소득수준":53.56,
            "일자리총점":26.218,
            "가치 총점":31.7195,
            "매매실거래년":20211210.0,
            "매매실거래가":18800.0,
            "전세실거래년":20201202.0,
            "전세실거래가":16000.0,
            "전세가율":85.11,
            "장기전세가율평균":74.76,
            "전세가율거품지수":-10.35,
            "검색코드":5820,
            "세대수":246,
            "준공년월":"1993-08-21",
            "준공년차":30,
            "가까운역이름":"NA",
            "가까운역거리":"NA",
            "역세권여부":"NA",
            "30분이내주요거점역":"NA",
            "1시간이내주요거점역":"NA",
            "3km이내백화점수":0,
            "5km이내아울렛몰수":0,
            "1km이내대형먀트수":0,
            "500m이내은행수":0,
            "500m이내병원수":2,
            "5km이내대형병원수":6,
            "500m이내공원수":2,
            "3km이내혐오시설수":0,
            "초등학교학업성취도":88.67,
            "중학교학업성취도":79.5,
            "용적률":320,
            "건폐율":16,
            "Y":35.15512,
            "X":128.99679,
            "rank":73.0,
            "area_info":"31평(104.02)",
            "last_sales":"2021-12-10,18800.0,31평(104.02)"
        },
        {
            "index":82,
            "아파트명":"부원파크",
            "투자타입":"재건축",
            "전용면적(m2)":"54.65",
            "전용면적(평)":"16평",
            "법정동주소":"부산시 사상구 덕포동 762",
            "도로명주소":"부산시 사상구 백양대로804번길 31",
            "세대수":50,
            "입주년차":"--",
            "용적률점수":0,
            "건폐율점수":0,
            "세대당주차수":"--",
            "난방방식":"--",
            "공급면적":50,
            "전용률":80,
            "욕실수":"--",
            "현관타입":"--",
            "주거총점":21.5,
            "지역구공급총점":0.0,
            "역세권":"NA",
            "30분내 이동가능 거점":"NA",
            "1시간내 이동가능 거점":"NA",
            "교통총점":"NA",
            "백화점":0,
            "아울렛몰":0,
            "대형마트":0,
            "은행":20,
            "병원":30,
            "종합병원":100,
            "공원":100,
            "혐오시설":0,
            "인프라총점":28.0,
            "초등학군":88.5,
            "중학군":41.98,
            "학군총점":51.284,
            "인구수":24.26,
            "인구증감":-15.06,
            "인구총점":12.464,
            "일자리":14.5,
            "소득수준":53.56,
            "일자리총점":26.218,
            "가치 총점":31.546,
            "매매실거래년":20210425.0,
            "매매실거래가":14400.0,
            "전세실거래년":20201026.0,
            "전세실거래가":7000.0,
            "전세가율":87.5,
            "장기전세가율평균":74.76,
            "전세가율거품지수":-12.74,
            "검색코드":5565,
            "세대수":420,
            "준공년월":"1989-06-23",
            "준공년차":34,
            "가까운역이름":"NA",
            "가까운역거리":"NA",
            "역세권여부":"NA",
            "30분이내주요거점역":"NA",
            "1시간이내주요거점역":"NA",
            "3km이내백화점수":0,
            "5km이내아울렛몰수":0,
            "1km이내대형먀트수":0,
            "500m이내은행수":2,
            "500m이내병원수":5,
            "5km이내대형병원수":5,
            "500m이내공원수":3,
            "3km이내혐오시설수":0,
            "초등학교학업성취도":88.5,
            "중학교학업성취도":69.7,
            "용적률":0,
            "건폐율":0,
            "Y":35.180726,
            "X":128.990571,
            "rank":74.0,
            "area_info":"16평(54.65), 16평(55.39), 18평(61.66), 21평(71.04), 21평(72.01), 22평(74.35), 23평(77.68), 24평(81.01), 25평(84.33), 26평(87.63), 29평(97.84)",
            "last_sales":"2021-04-25,14400.0,26평(87.63)"
        },
        {
            "index":180,
            "아파트명":"학산그린타운",
            "투자타입":"일반",
            "전용면적(m2)":"87.39",
            "전용면적(평)":"26평",
            "법정동주소":"부산시 사상구 모라동 421",
            "도로명주소":"부산시 사상구 모라로 136-20",
            "세대수":0,
            "입주년차":0,
            "용적률점수":"--",
            "건폐율점수":"--",
            "세대당주차수":0,
            "난방방식":30,
            "공급면적":"--",
            "전용률":"--",
            "욕실수":50,
            "현관타입":100,
            "주거총점":18.0,
            "지역구공급총점":0.0,
            "역세권":"NA",
            "30분내 이동가능 거점":"NA",
            "1시간내 이동가능 거점":"NA",
            "교통총점":"NA",
            "백화점":0,
            "아울렛몰":0,
            "대형마트":0,
            "은행":20,
            "병원":60,
            "종합병원":100,
            "공원":100,
            "혐오시설":0,
            "인프라총점":31.0,
            "초등학군":84.04,
            "중학군":41.98,
            "학군총점":50.392,
            "인구수":24.26,
            "인구증감":-15.06,
            "인구총점":12.464,
            "일자리":14.5,
            "소득수준":53.56,
            "일자리총점":26.218,
            "가치 총점":31.298,
            "매매실거래년":20211129.0,
            "매매실거래가":13500.0,
            "전세실거래년":20200818.0,
            "전세실거래가":10000.0,
            "전세가율":74.07,
            "장기전세가율평균":74.76,
            "전세가율거품지수":0.69,
            "검색코드":5647,
            "세대수":163,
            "준공년월":"1993-11-13",
            "준공년차":30,
            "가까운역이름":"NA",
            "가까운역거리":"NA",
            "역세권여부":"NA",
            "30분이내주요거점역":"NA",
            "1시간이내주요거점역":"NA",
            "3km이내백화점수":0,
            "5km이내아울렛몰수":0,
            "1km이내대형먀트수":0,
            "500m이내은행수":2,
            "500m이내병원수":20,
            "5km이내대형병원수":4,
            "500m이내공원수":2,
            "3km이내혐오시설수":0,
            "초등학교학업성취도":84.04,
            "중학교학업성취도":69.7,
            "용적률":247,
            "건폐율":27,
            "Y":35.1853,
            "X":128.99365,
            "rank":75.0,
            "area_info":"26평(87.39), 26평(87.75), 28평(94.51)",
            "last_sales":"2021-11-29,13500.0,26평(87.39)"
        },
        {
            "index":80,
            "아파트명":"벽산하나로타운",
            "투자타입":"일반",
            "전용면적(m2)":"104.44",
            "전용면적(평)":"31평",
            "법정동주소":"부산시 사상구 덕포동 38",
            "도로명주소":"부산시 사상구 덕상로 26-14",
            "세대수":0,
            "입주년차":0,
            "용적률점수":"--",
            "건폐율점수":"--",
            "세대당주차수":0,
            "난방방식":30,
            "공급면적":"--",
            "전용률":"--",
            "욕실수":100,
            "현관타입":100,
            "주거총점":23.0,
            "지역구공급총점":0.0,
            "역세권":"NA",
            "30분내 이동가능 거점":"NA",
            "1시간내 이동가능 거점":"NA",
            "교통총점":"NA",
            "백화점":0,
            "아울렛몰":0,
            "대형마트":0,
            "은행":0,
            "병원":10,
            "종합병원":100,
            "공원":80,
            "혐오시설":0,
            "인프라총점":23.4,
            "초등학군":88.76,
            "중학군":46.62,
            "학군총점":55.048,
            "인구수":24.26,
            "인구증감":-15.06,
            "인구총점":12.464,
            "일자리":14.5,
            "소득수준":53.56,
            "일자리총점":26.218,
            "가치 총점":31.172,
            "매매실거래년":20211208.0,
            "매매실거래가":16500.0,
            "전세실거래년":20201207.0,
            "전세실거래가":11000.0,
            "전세가율":66.67,
            "장기전세가율평균":74.76,
            "전세가율거품지수":8.09,
            "검색코드":5584,
            "세대수":273,
            "준공년월":"1994-10-12",
            "준공년차":29,
            "가까운역이름":"NA",
            "가까운역거리":"NA",
            "역세권여부":"NA",
            "30분이내주요거점역":"NA",
            "1시간이내주요거점역":"NA",
            "3km이내백화점수":0,
            "5km이내아울렛몰수":0,
            "1km이내대형먀트수":0,
            "500m이내은행수":1,
            "500m이내병원수":3,
            "5km이내대형병원수":5,
            "500m이내공원수":1,
            "3km이내혐오시설수":0,
            "초등학교학업성취도":88.76,
            "중학교학업성취도":77.7,
            "용적률":294,
            "건폐율":15,
            "Y":35.173249,
            "X":128.991106,
            "rank":76.0,
            "area_info":"31평(104.44), 32평(107.0)",
            "last_sales":"2021-12-08,16500.0,31평(104.44)"
        },
        {
            "index":258,
            "아파트명":"동일",
            "투자타입":"재건축",
            "전용면적(m2)":"60.14",
            "전용면적(평)":"18평",
            "법정동주소":"부산시 사상구 주례동 317",
            "도로명주소":"부산시 사상구 양지로 47",
            "세대수":0,
            "입주년차":"--",
            "용적률점수":0,
            "건폐율점수":0,
            "세대당주차수":"--",
            "난방방식":"--",
            "공급면적":50,
            "전용률":80,
            "욕실수":"--",
            "현관타입":"--",
            "주거총점":6.5,
            "지역구공급총점":0.0,
            "역세권":"NA",
            "30분내 이동가능 거점":"NA",
            "1시간내 이동가능 거점":"NA",
            "교통총점":"NA",
            "백화점":0,
            "아울렛몰":0,
            "대형마트":0,
            "은행":20,
            "병원":80,
            "종합병원":100,
            "공원":100,
            "혐오시설":0,
            "인프라총점":33.0,
            "초등학군":88.67,
            "중학군":46.88,
            "학군총점":55.238,
            "인구수":24.26,
            "인구증감":-15.06,
            "인구총점":12.464,
            "일자리":14.5,
            "소득수준":53.56,
            "일자리총점":26.218,
            "가치 총점":29.2845,
            "매매실거래년":20211204.0,
            "매매실거래가":26000.0,
            "전세실거래년":20210330.0,
            "전세실거래가":9500.0,
            "전세가율":48.22,
            "장기전세가율평균":74.76,
            "전세가율거품지수":26.54,
            "검색코드":5705,
            "세대수":276,
            "준공년월":"1989-02-24",
            "준공년차":34,
            "가까운역이름":"NA",
            "가까운역거리":"NA",
            "역세권여부":"NA",
            "30분이내주요거점역":"NA",
            "1시간이내주요거점역":"NA",
            "3km이내백화점수":0,
            "5km이내아울렛몰수":0,
            "1km이내대형먀트수":0,
            "500m이내은행수":2,
            "500m이내병원수":32,
            "5km이내대형병원수":7,
            "500m이내공원수":4,
            "3km이내혐오시설수":0,
            "초등학교학업성취도":88.67,
            "중학교학업성취도":76.4,
            "용적률":0,
            "건폐율":0,
            "Y":35.153279,
            "X":129.002553,
            "rank":77.0,
            "area_info":"18평(60.14), 20평(67.25), 20평(69.28), 20평(69.09), 22평(72.93), 24평(82.14), 26평(87.6), 27평(89.74), 27평(90.63), 28평(93.46), 30평(100.56), 30평(101.49)",
            "last_sales":"2021-12-04,26000.0,30평(101.49)"
        },
        {
            "index":322,
            "아파트명":"주례벽산",
            "투자타입":"재건축",
            "전용면적(m2)":"87.69",
            "전용면적(평)":"26평",
            "법정동주소":"부산시 사상구 주례동 616-4",
            "도로명주소":"부산시 사상구 주례로139번길 8",
            "세대수":0,
            "입주년차":"--",
            "용적률점수":0,
            "건폐율점수":80,
            "세대당주차수":"--",
            "난방방식":"--",
            "공급면적":70,
            "전용률":80,
            "욕실수":"--",
            "현관타입":"--",
            "주거총점":23.5,
            "지역구공급총점":0.0,
            "역세권":"NA",
            "30분내 이동가능 거점":"NA",
            "1시간내 이동가능 거점":"NA",
            "교통총점":"NA",
            "백화점":0,
            "아울렛몰":0,
            "대형마트":0,
            "은행":0,
            "병원":0,
            "종합병원":100,
            "공원":0,
            "혐오시설":0,
            "인프라총점":20.0,
            "초등학군":86.08,
            "중학군":43.0,
            "학군총점":51.616,
            "인구수":24.26,
            "인구증감":-15.06,
            "인구총점":12.464,
            "일자리":14.5,
            "소득수준":53.56,
            "일자리총점":26.218,
            "가치 총점":29.129,
            "매매실거래년":20211120.0,
            "매매실거래가":14900.0,
            "전세실거래년":20211204.0,
            "전세실거래가":13500.0,
            "전세가율":87.1,
            "장기전세가율평균":74.76,
            "전세가율거품지수":-12.34,
            "검색코드":5858,
            "세대수":263,
            "준공년월":"1992-10-20",
            "준공년차":31,
            "가까운역이름":"NA",
            "가까운역거리":"NA",
            "역세권여부":"NA",
            "30분이내주요거점역":"NA",
            "1시간이내주요거점역":"NA",
            "3km이내백화점수":0,
            "5km이내아울렛몰수":0,
            "1km이내대형먀트수":0,
            "500m이내은행수":0,
            "500m이내병원수":1,
            "5km이내대형병원수":8,
            "500m이내공원수":0,
            "3km이내혐오시설수":0,
            "초등학교학업성취도":86.08,
            "중학교학업성취도":69.6,
            "용적률":264,
            "건폐율":24,
            "Y":35.145124,
            "X":129.001136,
            "rank":78.0,
            "area_info":"26평(87.69), 28평(93.09), 31평(102.52)",
            "last_sales":"2021-11-20,14900.0,28평(93.09)"
        },
        {
            "index":191,
            "아파트명":"화인",
            "투자타입":"일반",
            "전용면적(m2)":"77.72",
            "전용면적(평)":"23평",
            "법정동주소":"부산시 사상구 모라동 314",
            "도로명주소":"부산시 사상구 백양대로934번길 52-6",
            "세대수":0,
            "입주년차":0,
            "용적률점수":"--",
            "건폐율점수":"--",
            "세대당주차수":0,
            "난방방식":30,
            "공급면적":"--",
            "전용률":"--",
            "욕실수":50,
            "현관타입":100,
            "주거총점":18.0,
            "지역구공급총점":0.0,
            "역세권":"NA",
            "30분내 이동가능 거점":"NA",
            "1시간내 이동가능 거점":"NA",
            "교통총점":"NA",
            "백화점":0,
            "아울렛몰":0,
            "대형마트":0,
            "은행":0,
            "병원":10,
            "종합병원":100,
            "공원":100,
            "혐오시설":0,
            "인프라총점":24.0,
            "초등학군":84.04,
            "중학군":41.98,
            "학군총점":50.392,
            "인구수":24.26,
            "인구증감":-15.06,
            "인구총점":12.464,
            "일자리":14.5,
            "소득수준":53.56,
            "일자리총점":26.218,
            "가치 총점":28.498,
            "매매실거래년":20211119.0,
            "매매실거래가":13800.0,
            "전세실거래년":20210705.0,
            "전세실거래가":10000.0,
            "전세가율":72.46,
            "장기전세가율평균":74.76,
            "전세가율거품지수":2.3,
            "검색코드":5652,
            "세대수":245,
            "준공년월":"1995-04-24",
            "준공년차":28,
            "가까운역이름":"NA",
            "가까운역거리":"NA",
            "역세권여부":"NA",
            "30분이내주요거점역":"NA",
            "1시간이내주요거점역":"NA",
            "3km이내백화점수":0,
            "5km이내아울렛몰수":0,
            "1km이내대형먀트수":0,
            "500m이내은행수":1,
            "500m이내병원수":4,
            "5km이내대형병원수":4,
            "500m이내공원수":4,
            "3km이내혐오시설수":0,
            "초등학교학업성취도":84.04,
            "중학교학업성취도":69.7,
            "용적률":297,
            "건폐율":18,
            "Y":35.189954,
            "X":128.994109,
            "rank":79.0,
            "area_info":"23평(77.72), 27평(92.43), 31평(103.76), 31평(104.01)",
            "last_sales":"2021-11-19,13800.0,23평(77.72)"
        },
        {
            "index":168,
            "아파트명":"우성2차",
            "투자타입":"일반",
            "전용면적(m2)":"80.28",
            "전용면적(평)":"24평",
            "법정동주소":"부산시 사상구 모라동 313",
            "도로명주소":"부산시 사상구 백양대로934번길 52-30",
            "세대수":0,
            "입주년차":0,
            "용적률점수":"--",
            "건폐율점수":"--",
            "세대당주차수":0,
            "난방방식":30,
            "공급면적":"--",
            "전용률":"--",
            "욕실수":50,
            "현관타입":100,
            "주거총점":18.0,
            "지역구공급총점":0.0,
            "역세권":"NA",
            "30분내 이동가능 거점":"NA",
            "1시간내 이동가능 거점":"NA",
            "교통총점":"NA",
            "백화점":0,
            "아울렛몰":0,
            "대형마트":0,
            "은행":0,
            "병원":10,
            "종합병원":100,
            "공원":100,
            "혐오시설":0,
            "인프라총점":24.0,
            "초등학군":84.04,
            "중학군":41.98,
            "학군총점":50.392,
            "인구수":24.26,
            "인구증감":-15.06,
            "인구총점":12.464,
            "일자리":14.5,
            "소득수준":53.56,
            "일자리총점":26.218,
            "가치 총점":28.498,
            "매매실거래년":20211104.0,
            "매매실거래가":13000.0,
            "전세실거래년":20210404.0,
            "전세실거래가":11000.0,
            "전세가율":84.62,
            "장기전세가율평균":74.76,
            "전세가율거품지수":-9.86,
            "검색코드":5598,
            "세대수":220,
            "준공년월":"1996-06-14",
            "준공년차":27,
            "가까운역이름":"NA",
            "가까운역거리":"NA",
            "역세권여부":"NA",
            "30분이내주요거점역":"NA",
            "1시간이내주요거점역":"NA",
            "3km이내백화점수":0,
            "5km이내아울렛몰수":0,
            "1km이내대형먀트수":0,
            "500m이내은행수":1,
            "500m이내병원수":2,
            "5km이내대형병원수":4,
            "500m이내공원수":4,
            "3km이내혐오시설수":0,
            "초등학교학업성취도":84.04,
            "중학교학업성취도":69.7,
            "용적률":376,
            "건폐율":27,
            "Y":35.189938,
            "X":128.995009,
            "rank":79.0,
            "area_info":"24평(80.28), 32평(107.36), 48평(161.21)",
            "last_sales":"2021-11-04,13000.0,24평(80.28)"
        },
        {
            "index":352,
            "아파트명":"주례현대",
            "투자타입":"재건축",
            "전용면적(m2)":"89.21",
            "전용면적(평)":"26평",
            "법정동주소":"부산시 사상구 주례동 305",
            "도로명주소":"부산시 사상구 양지로30번길 5",
            "세대수":0,
            "입주년차":"--",
            "용적률점수":0,
            "건폐율점수":0,
            "세대당주차수":"--",
            "난방방식":"--",
            "공급면적":70,
            "전용률":80,
            "욕실수":"--",
            "현관타입":"--",
            "주거총점":7.5,
            "지역구공급총점":0.0,
            "역세권":"NA",
            "30분내 이동가능 거점":"NA",
            "1시간내 이동가능 거점":"NA",
            "교통총점":"NA",
            "백화점":0,
            "아울렛몰":0,
            "대형마트":0,
            "은행":0,
            "병원":60,
            "종합병원":100,
            "공원":100,
            "혐오시설":0,
            "인프라총점":29.0,
            "초등학군":88.67,
            "중학군":48.18,
            "학군총점":56.278,
            "인구수":24.26,
            "인구증감":-15.06,
            "인구총점":12.464,
            "일자리":14.5,
            "소득수준":53.56,
            "일자리총점":26.218,
            "가치 총점":28.2945,
            "매매실거래년":20211208.0,
            "매매실거래가":23600.0,
            "전세실거래년":20210402.0,
            "전세실거래가":5000.0,
            "전세가율":22.17,
            "장기전세가율평균":74.76,
            "전세가율거품지수":52.59,
            "검색코드":5862,
            "세대수":259,
            "준공년월":"1989-05-24",
            "준공년차":34,
            "가까운역이름":"NA",
            "가까운역거리":"NA",
            "역세권여부":"NA",
            "30분이내주요거점역":"NA",
            "1시간이내주요거점역":"NA",
            "3km이내백화점수":0,
            "5km이내아울렛몰수":0,
            "1km이내대형먀트수":0,
            "500m이내은행수":1,
            "500m이내병원수":22,
            "5km이내대형병원수":6,
            "500m이내공원수":4,
            "3km이내혐오시설수":0,
            "초등학교학업성취도":88.67,
            "중학교학업성취도":79.5,
            "용적률":0,
            "건폐율":0,
            "Y":35.154537,
            "X":129.003073,
            "rank":80.0,
            "area_info":"26평(89.21), 26평(89.04), 31평(105.43), 31평(105.59)",
            "last_sales":"2021-12-08,23600.0,31평(105.43)"
        },
        {
            "index":149,
            "아파트명":"무학",
            "투자타입":"재건축",
            "전용면적(m2)":"100.86",
            "전용면적(평)":"30평",
            "법정동주소":"부산시 사상구 모라동 1366-1",
            "도로명주소":"부산시 사상구 백양대로 846",
            "세대수":0,
            "입주년차":"--",
            "용적률점수":0,
            "건폐율점수":0,
            "세대당주차수":"--",
            "난방방식":"--",
            "공급면적":90,
            "전용률":80,
            "욕실수":"--",
            "현관타입":"--",
            "주거총점":8.5,
            "지역구공급총점":0.0,
            "역세권":"NA",
            "30분내 이동가능 거점":"NA",
            "1시간내 이동가능 거점":"NA",
            "교통총점":"NA",
            "백화점":0,
            "아울렛몰":0,
            "대형마트":0,
            "은행":0,
            "병원":60,
            "종합병원":100,
            "공원":100,
            "혐오시설":0,
            "인프라총점":29.0,
            "초등학군":88.5,
            "중학군":41.98,
            "학군총점":51.284,
            "인구수":24.26,
            "인구증감":-15.06,
            "인구총점":12.464,
            "일자리":14.5,
            "소득수준":53.56,
            "일자리총점":26.218,
            "가치 총점":27.396,
            "매매실거래년":20211203.0,
            "매매실거래가":17500.0,
            "전세실거래년":20210112.0,
            "전세실거래가":15000.0,
            "전세가율":83.33,
            "장기전세가율평균":74.76,
            "전세가율거품지수":-8.57,
            "검색코드":5592,
            "세대수":205,
            "준공년월":"1990-01-15",
            "준공년차":33,
            "가까운역이름":"NA",
            "가까운역거리":"NA",
            "역세권여부":"NA",
            "30분이내주요거점역":"NA",
            "1시간이내주요거점역":"NA",
            "3km이내백화점수":0,
            "5km이내아울렛몰수":0,
            "1km이내대형먀트수":0,
            "500m이내은행수":1,
            "500m이내병원수":16,
            "5km이내대형병원수":5,
            "500m이내공원수":4,
            "3km이내혐오시설수":0,
            "초등학교학업성취도":88.5,
            "중학교학업성취도":69.7,
            "용적률":0,
            "건폐율":0,
            "Y":35.18218,
            "X":128.989074,
            "rank":81.0,
            "area_info":"30평(100.86), 30평(101.0)",
            "last_sales":"2021-12-03,17500.0,30평(101.0)"
        },
        {
            "index":400,
            "아파트명":"학장극동",
            "투자타입":"일반",
            "전용면적(m2)":"85.14",
            "전용면적(평)":"25평",
            "법정동주소":"부산시 사상구 학장동 571-4",
            "도로명주소":"부산시 사상구 학감대로 109-43",
            "세대수":0,
            "입주년차":0,
            "용적률점수":"--",
            "건폐율점수":"--",
            "세대당주차수":0,
            "난방방식":30,
            "공급면적":"--",
            "전용률":"--",
            "욕실수":50,
            "현관타입":10,
            "주거총점":9.0,
            "지역구공급총점":0.0,
            "역세권":"NA",
            "30분내 이동가능 거점":"NA",
            "1시간내 이동가능 거점":"NA",
            "교통총점":"NA",
            "백화점":0,
            "아울렛몰":0,
            "대형마트":0,
            "은행":0,
            "병원":30,
            "종합병원":100,
            "공원":80,
            "혐오시설":0,
            "인프라총점":25.4,
            "초등학군":82.88,
            "중학군":49.36,
            "학군총점":56.064,
            "인구수":24.26,
            "인구증감":-15.06,
            "인구총점":12.464,
            "일자리":14.5,
            "소득수준":53.56,
            "일자리총점":26.218,
            "가치 총점":27.326,
            "매매실거래년":20211214.0,
            "매매실거래가":11300.0,
            "전세실거래년":20210810.0,
            "전세실거래가":9000.0,
            "전세가율":79.65,
            "장기전세가율평균":74.76,
            "전세가율거품지수":-4.89,
            "검색코드":5872,
            "세대수":299,
            "준공년월":"1994-02-21",
            "준공년차":29,
            "가까운역이름":"NA",
            "가까운역거리":"NA",
            "역세권여부":"NA",
            "30분이내주요거점역":"NA",
            "1시간이내주요거점역":"NA",
            "3km이내백화점수":0,
            "5km이내아울렛몰수":0,
            "1km이내대형먀트수":0,
            "500m이내은행수":0,
            "500m이내병원수":9,
            "5km이내대형병원수":5,
            "500m이내공원수":1,
            "3km이내혐오시설수":0,
            "초등학교학업성취도":82.88,
            "중학교학업성취도":81.0,
            "용적률":291,
            "건폐율":15,
            "Y":35.139172,
            "X":128.987236,
            "rank":82.0,
            "area_info":"25평(85.14), 31평(104.44), 49평(165.19)",
            "last_sales":"2021-12-14,11300.0,25평(85.14)"
        },
        {
            "index":361,
            "아파트명":"구덕극동",
            "투자타입":"일반",
            "전용면적(m2)":"82.04",
            "전용면적(평)":"24평",
            "법정동주소":"부산시 사상구 학장동 173-16",
            "도로명주소":"부산시 사상구 학감대로 62",
            "세대수":0,
            "입주년차":0,
            "용적률점수":"--",
            "건폐율점수":"--",
            "세대당주차수":0,
            "난방방식":30,
            "공급면적":"--",
            "전용률":"--",
            "욕실수":50,
            "현관타입":10,
            "주거총점":9.0,
            "지역구공급총점":0.0,
            "역세권":"NA",
            "30분내 이동가능 거점":"NA",
            "1시간내 이동가능 거점":"NA",
            "교통총점":"NA",
            "백화점":0,
            "아울렛몰":0,
            "대형마트":0,
            "은행":0,
            "병원":10,
            "종합병원":100,
            "공원":100,
            "혐오시설":0,
            "인프라총점":24.0,
            "초등학군":82.88,
            "중학군":49.36,
            "학군총점":56.064,
            "인구수":24.26,
            "인구증감":-15.06,
            "인구총점":12.464,
            "일자리":14.5,
            "소득수준":53.56,
            "일자리총점":26.218,
            "가치 총점":26.766,
            "매매실거래년":20220109.0,
            "매매실거래가":12500.0,
            "전세실거래년":20210712.0,
            "전세실거래가":9800.0,
            "전세가율":78.4,
            "장기전세가율평균":74.76,
            "전세가율거품지수":-3.64,
            "검색코드":9846,
            "세대수":274,
            "준공년월":"1996-08-28",
            "준공년차":27,
            "가까운역이름":"NA",
            "가까운역거리":"NA",
            "역세권여부":"NA",
            "30분이내주요거점역":"NA",
            "1시간이내주요거점역":"NA",
            "3km이내백화점수":0,
            "5km이내아울렛몰수":0,
            "1km이내대형먀트수":0,
            "500m이내은행수":0,
            "500m이내병원수":2,
            "5km이내대형병원수":7,
            "500m이내공원수":2,
            "3km이내혐오시설수":0,
            "초등학교학업성취도":82.88,
            "중학교학업성취도":81.0,
            "용적률":381,
            "건폐율":46,
            "Y":35.138734,
            "X":128.993343,
            "rank":83.0,
            "area_info":"24평(82.04), 30평(100.38), 35평(116.71)",
            "last_sales":"2022-01-09,12500.0,24평(82.04)"
        },
        {
            "index":385,
            "아파트명":"정남파크맨션",
            "투자타입":"재건축",
            "전용면적(m2)":"50.94",
            "전용면적(평)":"15평",
            "법정동주소":"부산시 사상구 학장동 574-23",
            "도로명주소":"부산시 사상구 대동로140번길 26",
            "세대수":0,
            "입주년차":"--",
            "용적률점수":0,
            "건폐율점수":0,
            "세대당주차수":"--",
            "난방방식":"--",
            "공급면적":50,
            "전용률":80,
            "욕실수":"--",
            "현관타입":"--",
            "주거총점":6.5,
            "지역구공급총점":0.0,
            "역세권":"NA",
            "30분내 이동가능 거점":"NA",
            "1시간내 이동가능 거점":"NA",
            "교통총점":"NA",
            "백화점":0,
            "아울렛몰":0,
            "대형마트":0,
            "은행":0,
            "병원":60,
            "종합병원":100,
            "공원":0,
            "혐오시설":0,
            "인프라총점":26.0,
            "초등학군":84.02,
            "중학군":49.36,
            "학군총점":56.292,
            "인구수":24.26,
            "인구증감":-15.06,
            "인구총점":12.464,
            "일자리":14.5,
            "소득수준":53.56,
            "일자리총점":26.218,
            "가치 총점":26.748,
            "매매실거래년":20211020.0,
            "매매실거래가":10650.0,
            "전세실거래년":20210908.0,
            "전세실거래가":5500.0,
            "전세가율":70.51,
            "장기전세가율평균":74.76,
            "전세가율거품지수":4.25,
            "검색코드":6049,
            "세대수":210,
            "준공년월":"1985-12-21",
            "준공년차":38,
            "가까운역이름":"NA",
            "가까운역거리":"NA",
            "역세권여부":"NA",
            "30분이내주요거점역":"NA",
            "1시간이내주요거점역":"NA",
            "3km이내백화점수":0,
            "5km이내아울렛몰수":0,
            "1km이내대형먀트수":0,
            "500m이내은행수":0,
            "500m이내병원수":13,
            "5km이내대형병원수":5,
            "500m이내공원수":0,
            "3km이내혐오시설수":0,
            "초등학교학업성취도":84.02,
            "중학교학업성취도":81.0,
            "용적률":0,
            "건폐율":0,
            "Y":35.138532,
            "X":128.982763,
            "rank":84.0,
            "area_info":"15평(50.94), 15평(51.21), 17평(58.19), 17평(59.22), 19평(63.77), 21평(72.0)",
            "last_sales":"2021-10-20,10650.0,19평(63.77)"
        },
        {
            "index":391,
            "아파트명":"청파",
            "투자타입":"재건축",
            "전용면적(m2)":"53.73",
            "전용면적(평)":"16평",
            "법정동주소":"부산시 사상구 학장동 574-13",
            "도로명주소":"부산시 사상구 대동로 138",
            "세대수":0,
            "입주년차":"--",
            "용적률점수":0,
            "건폐율점수":0,
            "세대당주차수":"--",
            "난방방식":"--",
            "공급면적":50,
            "전용률":80,
            "욕실수":"--",
            "현관타입":"--",
            "주거총점":6.5,
            "지역구공급총점":0.0,
            "역세권":"NA",
            "30분내 이동가능 거점":"NA",
            "1시간내 이동가능 거점":"NA",
            "교통총점":"NA",
            "백화점":0,
            "아울렛몰":0,
            "대형마트":0,
            "은행":0,
            "병원":60,
            "종합병원":100,
            "공원":0,
            "혐오시설":0,
            "인프라총점":26.0,
            "초등학군":84.02,
            "중학군":49.36,
            "학군총점":56.292,
            "인구수":24.26,
            "인구증감":-15.06,
            "인구총점":12.464,
            "일자리":14.5,
            "소득수준":53.56,
            "일자리총점":26.218,
            "가치 총점":26.748,
            "매매실거래년":20211028.0,
            "매매실거래가":11800.0,
            "전세실거래년":20191218.0,
            "전세실거래가":6000.0,
            "전세가율":50.85,
            "장기전세가율평균":74.76,
            "전세가율거품지수":23.91,
            "검색코드":6054,
            "세대수":190,
            "준공년월":"1985-05-24",
            "준공년차":38,
            "가까운역이름":"NA",
            "가까운역거리":"NA",
            "역세권여부":"NA",
            "30분이내주요거점역":"NA",
            "1시간이내주요거점역":"NA",
            "3km이내백화점수":0,
            "5km이내아울렛몰수":0,
            "1km이내대형먀트수":0,
            "500m이내은행수":0,
            "500m이내병원수":13,
            "5km이내대형병원수":5,
            "500m이내공원수":0,
            "3km이내혐오시설수":0,
            "초등학교학업성취도":84.02,
            "중학교학업성취도":81.0,
            "용적률":0,
            "건폐율":0,
            "Y":35.139758,
            "X":128.98168,
            "rank":84.0,
            "area_info":"16평(53.73), 16평(54.18), 16평(55.44), 16평(55.08), 17평(56.88), 17평(56.52), 16평(56.07), 17평(58.77), 18평(60.39)",
            "last_sales":"2021-10-28,11800.0,16평(53.73)"
        },
        {
            "index":418,
            "아파트명":"학장삼정(삼정송림맨션)",
            "투자타입":"재건축",
            "전용면적(m2)":"49.38",
            "전용면적(평)":"14평",
            "법정동주소":"부산시 사상구 학장동 437",
            "도로명주소":"부산시 사상구 학감대로123번길 65",
            "세대수":0,
            "입주년차":"--",
            "용적률점수":0,
            "건폐율점수":0,
            "세대당주차수":"--",
            "난방방식":"--",
            "공급면적":50,
            "전용률":80,
            "욕실수":"--",
            "현관타입":"--",
            "주거총점":6.5,
            "지역구공급총점":0.0,
            "역세권":"NA",
            "30분내 이동가능 거점":"NA",
            "1시간내 이동가능 거점":"NA",
            "교통총점":"NA",
            "백화점":0,
            "아울렛몰":0,
            "대형마트":0,
            "은행":0,
            "병원":30,
            "종합병원":100,
            "공원":80,
            "혐오시설":0,
            "인프라총점":25.4,
            "초등학군":84.02,
            "중학군":49.36,
            "학군총점":56.292,
            "인구수":24.26,
            "인구증감":-15.06,
            "인구총점":12.464,
            "일자리":14.5,
            "소득수준":53.56,
            "일자리총점":26.218,
            "가치 총점":26.508,
            "매매실거래년":20211208.0,
            "매매실거래가":5500.0,
            "전세실거래년":20200616.0,
            "전세실거래가":3700.0,
            "전세가율":67.27,
            "장기전세가율평균":74.76,
            "전세가율거품지수":7.49,
            "검색코드":6004,
            "세대수":230,
            "준공년월":"1986-06-30",
            "준공년차":37,
            "가까운역이름":"NA",
            "가까운역거리":"NA",
            "역세권여부":"NA",
            "30분이내주요거점역":"NA",
            "1시간이내주요거점역":"NA",
            "3km이내백화점수":0,
            "5km이내아울렛몰수":0,
            "1km이내대형먀트수":0,
            "500m이내은행수":0,
            "500m이내병원수":9,
            "5km이내대형병원수":5,
            "500m이내공원수":1,
            "3km이내혐오시설수":0,
            "초등학교학업성취도":84.02,
            "중학교학업성취도":81.0,
            "용적률":0,
            "건폐율":0,
            "Y":35.140644,
            "X":128.985817,
            "rank":85.0,
            "area_info":"14평(49.38), 14평(49.47), 15평(50.77), 15평(50.59), 15평(50.03), 15평(51.61), 15평(51.51), 16평(54.1), 17평(56.98), 17평(58.09), 18평(60.78), 18평(60.87)",
            "last_sales":"2021-12-08,5500.0,14평(49.38)"
        },
        {
            "index":201,
            "아파트명":"삼성타워",
            "투자타입":"일반",
            "전용면적(m2)":"79.9",
            "전용면적(평)":"24평",
            "법정동주소":"부산시 사상구 엄궁동 1-10",
            "도로명주소":"부산시 사상구 대동로64번길 40",
            "세대수":0,
            "입주년차":0,
            "용적률점수":"--",
            "건폐율점수":"--",
            "세대당주차수":0,
            "난방방식":30,
            "공급면적":"--",
            "전용률":"--",
            "욕실수":50,
            "현관타입":10,
            "주거총점":9.0,
            "지역구공급총점":0.0,
            "역세권":"NA",
            "30분내 이동가능 거점":"NA",
            "1시간내 이동가능 거점":"NA",
            "교통총점":"NA",
            "백화점":0,
            "아울렛몰":0,
            "대형마트":0,
            "은행":0,
            "병원":30,
            "종합병원":100,
            "공원":0,
            "혐오시설":0,
            "인프라총점":23.0,
            "초등학군":88.06,
            "중학군":47.7,
            "학군총점":55.772,
            "인구수":24.26,
            "인구증감":-15.06,
            "인구총점":12.464,
            "일자리":14.5,
            "소득수준":53.56,
            "일자리총점":26.218,
            "가치 총점":26.293,
            "매매실거래년":20211122.0,
            "매매실거래가":11000.0,
            "전세실거래년":20210821.0,
            "전세실거래가":9450.0,
            "전세가율":85.91,
            "장기전세가율평균":74.76,
            "전세가율거품지수":-11.15,
            "검색코드":5696,
            "세대수":208,
            "준공년월":"1993-11-13",
            "준공년차":30,
            "가까운역이름":"NA",
            "가까운역거리":"NA",
            "역세권여부":"NA",
            "30분이내주요거점역":"NA",
            "1시간이내주요거점역":"NA",
            "3km이내백화점수":0,
            "5km이내아울렛몰수":0,
            "1km이내대형먀트수":0,
            "500m이내은행수":0,
            "500m이내병원수":9,
            "5km이내대형병원수":5,
            "500m이내공원수":0,
            "3km이내혐오시설수":0,
            "초등학교학업성취도":88.06,
            "중학교학업성취도":78.7,
            "용적률":0,
            "건폐율":0,
            "Y":35.134933,
            "X":128.977518,
            "rank":86.0,
            "area_info":"24평(79.9), 31평(104.77), 34평(112.72)",
            "last_sales":"2021-11-22,11000.0,24평(79.9)"
        },
        {
            "index":187,
            "아파트명":"협성",
            "투자타입":"재건축",
            "전용면적(m2)":"63.21",
            "전용면적(평)":"19평",
            "법정동주소":"부산시 사상구 모라동 1341",
            "도로명주소":"부산시 사상구 백양대로950번나길 14",
            "세대수":0,
            "입주년차":"--",
            "용적률점수":0,
            "건폐율점수":0,
            "세대당주차수":"--",
            "난방방식":"--",
            "공급면적":50,
            "전용률":80,
            "욕실수":"--",
            "현관타입":"--",
            "주거총점":6.5,
            "지역구공급총점":0.0,
            "역세권":"NA",
            "30분내 이동가능 거점":"NA",
            "1시간내 이동가능 거점":"NA",
            "교통총점":"NA",
            "백화점":0,
            "아울렛몰":0,
            "대형마트":0,
            "은행":20,
            "병원":10,
            "종합병원":100,
            "공원":100,
            "혐오시설":0,
            "인프라총점":26.0,
            "초등학군":84.04,
            "중학군":41.98,
            "학군총점":50.392,
            "인구수":24.26,
            "인구증감":-15.06,
            "인구총점":12.464,
            "일자리":14.5,
            "소득수준":53.56,
            "일자리총점":26.218,
            "가치 총점":25.273,
            "매매실거래년":20211004.0,
            "매매실거래가":10500.0,
            "전세실거래년":20210322.0,
            "전세실거래가":8000.0,
            "전세가율":88.89,
            "장기전세가율평균":74.76,
            "전세가율거품지수":-14.13,
            "검색코드":5651,
            "세대수":174,
            "준공년월":"1989-06-29",
            "준공년차":34,
            "가까운역이름":"NA",
            "가까운역거리":"NA",
            "역세권여부":"NA",
            "30분이내주요거점역":"NA",
            "1시간이내주요거점역":"NA",
            "3km이내백화점수":0,
            "5km이내아울렛몰수":0,
            "1km이내대형먀트수":0,
            "500m이내은행수":2,
            "500m이내병원수":3,
            "5km이내대형병원수":4,
            "500m이내공원수":4,
            "3km이내혐오시설수":0,
            "초등학교학업성취도":84.04,
            "중학교학업성취도":69.7,
            "용적률":0,
            "건폐율":0,
            "Y":35.191411,
            "X":128.993391,
            "rank":87.0,
            "area_info":"19평(63.21), 23평(77.51), 24평(81.53), 29평(98.3)",
            "last_sales":"2021-10-04,10500.0,29평(98.3)"
        },
        {
            "index":183,
            "아파트명":"한일",
            "투자타입":"재건축",
            "전용면적(m2)":"69.1",
            "전용면적(평)":"20평",
            "법정동주소":"부산시 사상구 모라동 1326",
            "도로명주소":"부산시 사상구 백양대로950번나길 80-6",
            "세대수":0,
            "입주년차":"--",
            "용적률점수":0,
            "건폐율점수":0,
            "세대당주차수":"--",
            "난방방식":"--",
            "공급면적":50,
            "전용률":80,
            "욕실수":"--",
            "현관타입":"--",
            "주거총점":6.5,
            "지역구공급총점":0.0,
            "역세권":"NA",
            "30분내 이동가능 거점":"NA",
            "1시간내 이동가능 거점":"NA",
            "교통총점":"NA",
            "백화점":0,
            "아울렛몰":0,
            "대형마트":0,
            "은행":0,
            "병원":0,
            "종합병원":100,
            "공원":100,
            "혐오시설":0,
            "인프라총점":23.0,
            "초등학군":84.04,
            "중학군":47.62,
            "학군총점":54.904,
            "인구수":24.26,
            "인구증감":-15.06,
            "인구총점":12.464,
            "일자리":14.5,
            "소득수준":53.56,
            "일자리총점":26.218,
            "가치 총점":25.201,
            "매매실거래년":20211028.0,
            "매매실거래가":13000.0,
            "전세실거래년":20200627.0,
            "전세실거래가":6000.0,
            "전세가율":51.28,
            "장기전세가율평균":74.76,
            "전세가율거품지수":23.48,
            "검색코드":5649,
            "세대수":120,
            "준공년월":"1989-08-10",
            "준공년차":34,
            "가까운역이름":"NA",
            "가까운역거리":"NA",
            "역세권여부":"NA",
            "30분이내주요거점역":"NA",
            "1시간이내주요거점역":"NA",
            "3km이내백화점수":0,
            "5km이내아울렛몰수":0,
            "1km이내대형먀트수":0,
            "500m이내은행수":1,
            "500m이내병원수":1,
            "5km이내대형병원수":4,
            "500m이내공원수":3,
            "3km이내혐오시설수":0,
            "초등학교학업성취도":84.04,
            "중학교학업성취도":78.5,
            "용적률":0,
            "건폐율":0,
            "Y":35.193319,
            "X":128.993853,
            "rank":88.0,
            "area_info":"20평(69.1), 21평(70.43), 28평(95.06), 29평(96.8)",
            "last_sales":"2021-10-28,13000.0,29평(96.8)"
        },
        {
            "index":132,
            "아파트명":"모라부원",
            "투자타입":"재건축",
            "전용면적(m2)":"50.54",
            "전용면적(평)":"15평",
            "법정동주소":"부산시 사상구 모라동 656-3",
            "도로명주소":"부산시 사상구 사상로489번길 60",
            "세대수":0,
            "입주년차":"--",
            "용적률점수":0,
            "건폐율점수":0,
            "세대당주차수":"--",
            "난방방식":"--",
            "공급면적":50,
            "전용률":80,
            "욕실수":"--",
            "현관타입":"--",
            "주거총점":6.5,
            "지역구공급총점":0.0,
            "역세권":"NA",
            "30분내 이동가능 거점":"NA",
            "1시간내 이동가능 거점":"NA",
            "교통총점":"NA",
            "백화점":0,
            "아울렛몰":0,
            "대형마트":0,
            "은행":0,
            "병원":10,
            "종합병원":100,
            "공원":80,
            "혐오시설":0,
            "인프라총점":23.4,
            "초등학군":87.04,
            "중학군":41.98,
            "학군총점":50.992,
            "인구수":24.26,
            "인구증감":-15.06,
            "인구총점":12.464,
            "일자리":14.5,
            "소득수준":53.56,
            "일자리총점":26.218,
            "가치 총점":24.383,
            "매매실거래년":20210317.0,
            "매매실거래가":11700.0,
            "전세실거래년":20211015.0,
            "전세실거래가":6000.0,
            "전세가율":82.76,
            "장기전세가율평균":74.76,
            "전세가율거품지수":-8.0,
            "검색코드":14286,
            "세대수":100,
            "준공년월":"1986-12-24",
            "준공년차":37,
            "가까운역이름":"NA",
            "가까운역거리":"NA",
            "역세권여부":"NA",
            "30분이내주요거점역":"NA",
            "1시간이내주요거점역":"NA",
            "3km이내백화점수":0,
            "5km이내아울렛몰수":0,
            "1km이내대형먀트수":0,
            "500m이내은행수":1,
            "500m이내병원수":4,
            "5km이내대형병원수":4,
            "500m이내공원수":1,
            "3km이내혐오시설수":0,
            "초등학교학업성취도":87.04,
            "중학교학업성취도":69.7,
            "용적률":0,
            "건폐율":0,
            "Y":35.189599,
            "X":128.984684,
            "rank":89.0,
            "area_info":"15평(50.54), 15평(50.52), 15평(50.7), 15평(51.8), 17평(58.19), 17평(59.27), 18평(61.41), 18평(61.25), 18평(62.6), 18평(62.33), 19평(63.68), 19평(64.2)",
            "last_sales":"2021-03-17,11700.0,19평(63.68)"
        }
    ]
}