{
    "schema":{
        "fields":[
            {
                "name":"index",
                "type":"integer"
            },
            {
                "name":"아파트명",
                "type":"string"
            },
            {
                "name":"투자타입",
                "type":"string"
            },
            {
                "name":"전용면적(m2)",
                "type":"string"
            },
            {
                "name":"전용면적(평)",
                "type":"string"
            },
            {
                "name":"법정동주소",
                "type":"string"
            },
            {
                "name":"도로명주소",
                "type":"string"
            },
            {
                "name":"세대수",
                "type":"integer"
            },
            {
                "name":"입주년차",
                "type":"string"
            },
            {
                "name":"용적률점수",
                "type":"string"
            },
            {
                "name":"건폐율점수",
                "type":"string"
            },
            {
                "name":"세대당주차수",
                "type":"string"
            },
            {
                "name":"난방방식",
                "type":"string"
            },
            {
                "name":"공급면적",
                "type":"string"
            },
            {
                "name":"전용률",
                "type":"string"
            },
            {
                "name":"욕실수",
                "type":"string"
            },
            {
                "name":"현관타입",
                "type":"string"
            },
            {
                "name":"주거총점",
                "type":"number"
            },
            {
                "name":"지역구공급총점",
                "type":"number"
            },
            {
                "name":"역세권",
                "type":"integer"
            },
            {
                "name":"30분내 이동가능 거점",
                "type":"integer"
            },
            {
                "name":"1시간내 이동가능 거점",
                "type":"integer"
            },
            {
                "name":"교통총점",
                "type":"number"
            },
            {
                "name":"백화점",
                "type":"integer"
            },
            {
                "name":"아울렛몰",
                "type":"integer"
            },
            {
                "name":"대형마트",
                "type":"integer"
            },
            {
                "name":"은행",
                "type":"integer"
            },
            {
                "name":"병원",
                "type":"integer"
            },
            {
                "name":"종합병원",
                "type":"integer"
            },
            {
                "name":"공원",
                "type":"integer"
            },
            {
                "name":"혐오시설",
                "type":"integer"
            },
            {
                "name":"인프라총점",
                "type":"number"
            },
            {
                "name":"초등학군",
                "type":"number"
            },
            {
                "name":"중학군",
                "type":"number"
            },
            {
                "name":"학군총점",
                "type":"number"
            },
            {
                "name":"인구수",
                "type":"number"
            },
            {
                "name":"인구증감",
                "type":"number"
            },
            {
                "name":"인구총점",
                "type":"number"
            },
            {
                "name":"일자리",
                "type":"number"
            },
            {
                "name":"소득수준",
                "type":"number"
            },
            {
                "name":"일자리총점",
                "type":"number"
            },
            {
                "name":"가치 총점",
                "type":"number"
            },
            {
                "name":"매매실거래년",
                "type":"string"
            },
            {
                "name":"매매실거래가",
                "type":"number"
            },
            {
                "name":"전세실거래년",
                "type":"number"
            },
            {
                "name":"전세실거래가",
                "type":"number"
            },
            {
                "name":"전세가율",
                "type":"number"
            },
            {
                "name":"장기전세가율평균",
                "type":"number"
            },
            {
                "name":"전세가율거품지수",
                "type":"number"
            },
            {
                "name":"검색코드",
                "type":"integer"
            },
            {
                "name":"세대수",
                "type":"number"
            },
            {
                "name":"준공년월",
                "type":"string"
            },
            {
                "name":"준공년차",
                "type":"number"
            },
            {
                "name":"가까운역이름",
                "type":"string"
            },
            {
                "name":"가까운역거리",
                "type":"number"
            },
            {
                "name":"역세권여부",
                "type":"string"
            },
            {
                "name":"30분이내주요거점역",
                "type":"integer"
            },
            {
                "name":"1시간이내주요거점역",
                "type":"integer"
            },
            {
                "name":"3km이내백화점수",
                "type":"integer"
            },
            {
                "name":"5km이내아울렛몰수",
                "type":"integer"
            },
            {
                "name":"1km이내대형먀트수",
                "type":"integer"
            },
            {
                "name":"500m이내은행수",
                "type":"integer"
            },
            {
                "name":"500m이내병원수",
                "type":"integer"
            },
            {
                "name":"5km이내대형병원수",
                "type":"integer"
            },
            {
                "name":"500m이내공원수",
                "type":"integer"
            },
            {
                "name":"3km이내혐오시설수",
                "type":"integer"
            },
            {
                "name":"초등학교학업성취도",
                "type":"number"
            },
            {
                "name":"중학교학업성취도",
                "type":"number"
            },
            {
                "name":"용적률",
                "type":"integer"
            },
            {
                "name":"건폐율",
                "type":"integer"
            },
            {
                "name":"Y",
                "type":"number"
            },
            {
                "name":"X",
                "type":"number"
            },
            {
                "name":"rank",
                "type":"number"
            },
            {
                "name":"area_info",
                "type":"string"
            },
            {
                "name":"last_sales",
                "type":"string"
            }
        ],
        "primaryKey":[
            "index"
        ],
        "pandas_version":"1.4.0"
    },
    "data":[
        {
            "index":144,
            "아파트명":"영종주공스카이빌10단지",
            "투자타입":"일반",
            "전용면적(m2)":"71.46",
            "전용면적(평)":"21평",
            "법정동주소":"인천시 중구 운서동 2788-6",
            "도로명주소":"인천시 중구 흰바위로 34",
            "세대수":80,
            "입주년차":20,
            "용적률점수":"--",
            "건폐율점수":"--",
            "세대당주차수":0,
            "난방방식":100,
            "공급면적":"--",
            "전용률":"--",
            "욕실수":50,
            "현관타입":100,
            "주거총점":57.0,
            "지역구공급총점":0.0,
            "역세권":80,
            "30분내 이동가능 거점":0,
            "1시간내 이동가능 거점":20,
            "교통총점":44.0,
            "백화점":0,
            "아울렛몰":0,
            "대형마트":80,
            "은행":70,
            "병원":60,
            "종합병원":0,
            "공원":100,
            "혐오시설":0,
            "인프라총점":28.0,
            "초등학군":89.61,
            "중학군":53.08,
            "학군총점":60.386,
            "인구수":15.32,
            "인구증감":15.06,
            "인구총점":15.242,
            "일자리":12.9,
            "소득수준":65.02,
            "일자리총점":28.536,
            "가치 총점":44.2579,
            "매매실거래년":20211023.0,
            "매매실거래가":33000.0,
            "전세실거래년":null,
            "전세실거래가":null,
            "전세가율":null,
            "장기전세가율평균":59.19,
            "전세가율거품지수":null,
            "검색코드":19419,
            "세대수":740.0,
            "준공년월":"2001-07-20",
            "준공년차":22.0,
            "가까운역이름":"운서",
            "가까운역거리":460.96,
            "역세권여부":"역세권",
            "30분이내주요거점역":0,
            "1시간이내주요거점역":2,
            "3km이내백화점수":0,
            "5km이내아울렛몰수":0,
            "1km이내대형먀트수":1,
            "500m이내은행수":3,
            "500m이내병원수":19,
            "5km이내대형병원수":0,
            "500m이내공원수":4,
            "3km이내혐오시설수":0,
            "초등학교학업성취도":89.61,
            "중학교학업성취도":88.0,
            "용적률":128,
            "건폐율":18,
            "Y":37.49165,
            "X":126.48881,
            "rank":1.0,
            "area_info":"21평(71.46), 21평(71.11), 23평(78.96)",
            "last_sales":"2021-10-23,33000.0,23평(78.96)"
        },
        {
            "index":98,
            "아파트명":"한별프라이빌",
            "투자타입":"일반",
            "전용면적(m2)":"91.92",
            "전용면적(평)":"27평",
            "법정동주소":"인천시 중구 신흥동3가 7-9",
            "도로명주소":"인천시 중구 인중로63번길 28",
            "세대수":0,
            "입주년차":40,
            "용적률점수":"--",
            "건폐율점수":"--",
            "세대당주차수":60,
            "난방방식":30,
            "공급면적":"--",
            "전용률":"--",
            "욕실수":100,
            "현관타입":50,
            "주거총점":35.0,
            "지역구공급총점":0.0,
            "역세권":80,
            "30분내 이동가능 거점":0,
            "1시간내 이동가능 거점":20,
            "교통총점":44.0,
            "백화점":0,
            "아울렛몰":0,
            "대형마트":100,
            "은행":0,
            "병원":10,
            "종합병원":100,
            "공원":80,
            "혐오시설":0,
            "인프라총점":38.4,
            "초등학군":92.5,
            "중학군":36.24,
            "학군총점":47.492,
            "인구수":15.32,
            "인구증감":15.06,
            "인구총점":15.242,
            "일자리":12.9,
            "소득수준":65.02,
            "일자리총점":28.536,
            "가치 총점":41.0438,
            "매매실거래년":20181009.0,
            "매매실거래가":20500.0,
            "전세실거래년":null,
            "전세실거래가":null,
            "전세가율":null,
            "장기전세가율평균":59.19,
            "전세가율거품지수":null,
            "검색코드":11979,
            "세대수":143.0,
            "준공년월":"2004-01-26",
            "준공년차":19.0,
            "가까운역이름":"숭의",
            "가까운역거리":413.09,
            "역세권여부":"역세권",
            "30분이내주요거점역":0,
            "1시간이내주요거점역":2,
            "3km이내백화점수":0,
            "5km이내아울렛몰수":0,
            "1km이내대형먀트수":2,
            "500m이내은행수":0,
            "500m이내병원수":3,
            "5km이내대형병원수":7,
            "500m이내공원수":1,
            "3km이내혐오시설수":0,
            "초등학교학업성취도":92.5,
            "중학교학업성취도":60.4,
            "용적률":245,
            "건폐율":24,
            "Y":37.463267,
            "X":126.63481,
            "rank":2.0,
            "area_info":"27평(91.92), 28평(95.11), 32평(106.56), 33평(109.96)",
            "last_sales":"2018-10-09,20500.0,33평(109.96)"
        },
        {
            "index":21,
            "아파트명":"송월",
            "투자타입":"재건축",
            "전용면적(m2)":"51.6",
            "전용면적(평)":"15평",
            "법정동주소":"인천시 중구 송월동1가 10-1",
            "도로명주소":"인천시 중구 참외전로 13",
            "세대수":30,
            "입주년차":"--",
            "용적률점수":100,
            "건폐율점수":80,
            "세대당주차수":"--",
            "난방방식":"--",
            "공급면적":50,
            "전용률":80,
            "욕실수":"--",
            "현관타입":"--",
            "주거총점":71.5,
            "지역구공급총점":0.0,
            "역세권":50,
            "30분내 이동가능 거점":20,
            "1시간내 이동가능 거점":20,
            "교통총점":35.0,
            "백화점":0,
            "아울렛몰":0,
            "대형마트":0,
            "은행":0,
            "병원":0,
            "종합병원":100,
            "공원":0,
            "혐오시설":0,
            "인프라총점":20.0,
            "초등학군":87.89,
            "중학군":46.28,
            "학군총점":54.602,
            "인구수":15.32,
            "인구증감":15.06,
            "인구총점":15.242,
            "일자리":12.9,
            "소득수준":65.02,
            "일자리총점":28.536,
            "가치 총점":40.7403,
            "매매실거래년":20210929.0,
            "매매실거래가":23000.0,
            "전세실거래년":20210508.0,
            "전세실거래가":4000.0,
            "전세가율":30.77,
            "장기전세가율평균":59.19,
            "전세가율거품지수":28.42,
            "검색코드":10333,
            "세대수":340.0,
            "준공년월":"1980-07-25",
            "준공년차":43.0,
            "가까운역이름":"인천",
            "가까운역거리":656.1,
            "역세권여부":"준역세권",
            "30분이내주요거점역":1,
            "1시간이내주요거점역":2,
            "3km이내백화점수":0,
            "5km이내아울렛몰수":0,
            "1km이내대형먀트수":0,
            "500m이내은행수":0,
            "500m이내병원수":0,
            "5km이내대형병원수":5,
            "500m이내공원수":0,
            "3km이내혐오시설수":0,
            "초등학교학업성취도":87.89,
            "중학교학업성취도":74.2,
            "용적률":101,
            "건폐율":22,
            "Y":37.480586,
            "X":126.622521,
            "rank":3.0,
            "area_info":"15평(51.6), 16평(53.12), 16평(53.12), 18평(59.86), 21평(70.25), 25평(83.21), 26평(88.2)",
            "last_sales":"2021-09-29,23000.0,26평(88.2)"
        },
        {
            "index":33,
            "아파트명":"경남아너스빌",
            "투자타입":"일반",
            "전용면적(m2)":"81.42",
            "전용면적(평)":"24평",
            "법정동주소":"인천시 중구 신흥동1가 34-1",
            "도로명주소":"인천시 중구 서해대로 439",
            "세대수":50,
            "입주년차":40,
            "용적률점수":"--",
            "건폐율점수":"--",
            "세대당주차수":30,
            "난방방식":30,
            "공급면적":"--",
            "전용률":"--",
            "욕실수":100,
            "현관타입":100,
            "주거총점":53.0,
            "지역구공급총점":0.0,
            "역세권":50,
            "30분내 이동가능 거점":0,
            "1시간내 이동가능 거점":20,
            "교통총점":29.0,
            "백화점":0,
            "아울렛몰":0,
            "대형마트":100,
            "은행":0,
            "병원":10,
            "종합병원":100,
            "공원":100,
            "혐오시설":0,
            "인프라총점":39.0,
            "초등학군":92.5,
            "중학군":38.78,
            "학군총점":49.524,
            "인구수":15.32,
            "인구증감":15.06,
            "인구총점":15.242,
            "일자리":12.9,
            "소득수준":65.02,
            "일자리총점":28.536,
            "가치 총점":39.8786,
            "매매실거래년":20211201.0,
            "매매실거래가":28000.0,
            "전세실거래년":20210406.0,
            "전세실거래가":18000.0,
            "전세가율":64.29,
            "장기전세가율평균":59.19,
            "전세가율거품지수":-5.1,
            "검색코드":11388,
            "세대수":408.0,
            "준공년월":"2005-04-21",
            "준공년차":18.0,
            "가까운역이름":"숭의",
            "가까운역거리":784.34,
            "역세권여부":"준역세권",
            "30분이내주요거점역":0,
            "1시간이내주요거점역":2,
            "3km이내백화점수":0,
            "5km이내아울렛몰수":0,
            "1km이내대형먀트수":2,
            "500m이내은행수":0,
            "500m이내병원수":4,
            "5km이내대형병원수":7,
            "500m이내공원수":2,
            "3km이내혐오시설수":0,
            "초등학교학업성취도":92.5,
            "중학교학업성취도":64.3,
            "용적률":304,
            "건폐율":23,
            "Y":37.466399,
            "X":126.63291,
            "rank":4.0,
            "area_info":"24평(81.42), 33평(109.19), 33평(109.19), 33평(109.47), 35평(116.75)",
            "last_sales":"2021-12-01,28000.0,24평(81.42)"
        },
        {
            "index":28,
            "아파트명":"남경포브",
            "투자타입":"일반",
            "전용면적(m2)":"78.37",
            "전용면적(평)":"23평",
            "법정동주소":"인천시 중구 송월동2가 2-5",
            "도로명주소":"인천시 중구 제물량로 317",
            "세대수":0,
            "입주년차":40,
            "용적률점수":"--",
            "건폐율점수":"--",
            "세대당주차수":30,
            "난방방식":30,
            "공급면적":"--",
            "전용률":"--",
            "욕실수":100,
            "현관타입":100,
            "주거총점":35.5,
            "지역구공급총점":0.0,
            "역세권":80,
            "30분내 이동가능 거점":20,
            "1시간내 이동가능 거점":30,
            "교통총점":52.0,
            "백화점":0,
            "아울렛몰":0,
            "대형마트":0,
            "은행":0,
            "병원":0,
            "종합병원":100,
            "공원":0,
            "혐오시설":0,
            "인프라총점":20.0,
            "초등학군":87.89,
            "중학군":46.28,
            "학군총점":54.602,
            "인구수":15.32,
            "인구증감":15.06,
            "인구총점":15.242,
            "일자리":12.9,
            "소득수준":65.02,
            "일자리총점":28.536,
            "가치 총점":39.4903,
            "매매실거래년":20211218.0,
            "매매실거래가":31000.0,
            "전세실거래년":20201130.0,
            "전세실거래가":15000.0,
            "전세가율":63.83,
            "장기전세가율평균":59.19,
            "전세가율거품지수":-4.64,
            "검색코드":24129,
            "세대수":142.0,
            "준공년월":"2006-09-15",
            "준공년차":17.0,
            "가까운역이름":"인천",
            "가까운역거리":393.68,
            "역세권여부":"역세권",
            "30분이내주요거점역":1,
            "1시간이내주요거점역":3,
            "3km이내백화점수":0,
            "5km이내아울렛몰수":0,
            "1km이내대형먀트수":0,
            "500m이내은행수":0,
            "500m이내병원수":0,
            "5km이내대형병원수":5,
            "500m이내공원수":0,
            "3km이내혐오시설수":0,
            "초등학교학업성취도":87.89,
            "중학교학업성취도":74.2,
            "용적률":249,
            "건폐율":19,
            "Y":37.47956,
            "X":126.61955,
            "rank":5.0,
            "area_info":"23평(78.37), 33평(110.49)",
            "last_sales":"2021-12-18,31000.0,33평(110.49)"
        },
        {
            "index":92,
            "아파트명":"신흥아이파크",
            "투자타입":"일반",
            "전용면적(m2)":"77.25",
            "전용면적(평)":"23평",
            "법정동주소":"인천시 중구 신흥동3가 7-235",
            "도로명주소":"인천시 중구 인항로 30",
            "세대수":90,
            "입주년차":20,
            "용적률점수":"--",
            "건폐율점수":"--",
            "세대당주차수":30,
            "난방방식":30,
            "공급면적":"--",
            "전용률":"--",
            "욕실수":50,
            "현관타입":100,
            "주거총점":58.0,
            "지역구공급총점":0.0,
            "역세권":50,
            "30분내 이동가능 거점":0,
            "1시간내 이동가능 거점":20,
            "교통총점":29.0,
            "백화점":0,
            "아울렛몰":0,
            "대형마트":0,
            "은행":70,
            "병원":10,
            "종합병원":100,
            "공원":0,
            "혐오시설":0,
            "인프라총점":28.0,
            "초등학군":75.71,
            "중학군":48.96,
            "학군총점":54.31,
            "인구수":15.32,
            "인구증감":15.06,
            "인구총점":15.242,
            "일자리":12.9,
            "소득수준":65.02,
            "일자리총점":28.536,
            "가치 총점":38.2965,
            "매매실거래년":20211204.0,
            "매매실거래가":43500.0,
            "전세실거래년":20220108.0,
            "전세실거래가":26000.0,
            "전세가율":126.83,
            "장기전세가율평균":59.19,
            "전세가율거품지수":-67.64,
            "검색코드":9155,
            "세대수":1330.0,
            "준공년월":"2002-10-29",
            "준공년차":21.0,
            "가까운역이름":"숭의",
            "가까운역거리":610.21,
            "역세권여부":"준역세권",
            "30분이내주요거점역":0,
            "1시간이내주요거점역":2,
            "3km이내백화점수":0,
            "5km이내아울렛몰수":0,
            "1km이내대형먀트수":0,
            "500m이내은행수":3,
            "500m이내병원수":2,
            "5km이내대형병원수":6,
            "500m이내공원수":0,
            "3km이내혐오시설수":0,
            "초등학교학업성취도":75.71,
            "중학교학업성취도":80.8,
            "용적률":388,
            "건폐율":23,
            "Y":37.456925,
            "X":126.633388,
            "rank":6.0,
            "area_info":"23평(77.25), 23평(77.65), 33평(110.14), 33평(110.01), 33평(110.18), 45평(149.0)",
            "last_sales":"2021-12-04,43500.0,45평(149.0)"
        },
        {
            "index":138,
            "아파트명":"영종금호베스트빌2단지",
            "투자타입":"일반",
            "전용면적(m2)":"103.33",
            "전용면적(평)":"31평",
            "법정동주소":"인천시 중구 운서동 2788-2",
            "도로명주소":"인천시 중구 흰바위로 14",
            "세대수":50,
            "입주년차":20,
            "용적률점수":"--",
            "건폐율점수":"--",
            "세대당주차수":30,
            "난방방식":100,
            "공급면적":"--",
            "전용률":"--",
            "욕실수":100,
            "현관타입":100,
            "주거총점":56.0,
            "지역구공급총점":0.0,
            "역세권":50,
            "30분내 이동가능 거점":0,
            "1시간내 이동가능 거점":10,
            "교통총점":27.0,
            "백화점":0,
            "아울렛몰":0,
            "대형마트":80,
            "은행":70,
            "병원":60,
            "종합병원":0,
            "공원":100,
            "혐오시설":0,
            "인프라총점":28.0,
            "초등학군":89.61,
            "중학군":53.08,
            "학군총점":60.386,
            "인구수":15.32,
            "인구증감":15.06,
            "인구총점":15.242,
            "일자리":12.9,
            "소득수준":65.02,
            "일자리총점":28.536,
            "가치 총점":38.1079,
            "매매실거래년":20211016.0,
            "매매실거래가":49500.0,
            "전세실거래년":20211222.0,
            "전세실거래가":29000.0,
            "전세가율":58.59,
            "장기전세가율평균":59.19,
            "전세가율거품지수":0.6,
            "검색코드":8638,
            "세대수":452.0,
            "준공년월":"2003-01-09",
            "준공년차":20.0,
            "가까운역이름":"운서",
            "가까운역거리":653.42,
            "역세권여부":"준역세권",
            "30분이내주요거점역":0,
            "1시간이내주요거점역":1,
            "3km이내백화점수":0,
            "5km이내아울렛몰수":0,
            "1km이내대형먀트수":1,
            "500m이내은행수":3,
            "500m이내병원수":17,
            "5km이내대형병원수":0,
            "500m이내공원수":3,
            "3km이내혐오시설수":0,
            "초등학교학업성취도":89.61,
            "중학교학업성취도":88.0,
            "용적률":149,
            "건폐율":17,
            "Y":37.491232,
            "X":126.48669,
            "rank":7.0,
            "area_info":"31평(103.33)",
            "last_sales":"2021-10-16,49500.0,31평(103.33)"
        },
        {
            "index":42,
            "아파트명":"삼익",
            "투자타입":"재건축",
            "전용면적(m2)":"62.41",
            "전용면적(평)":"18평",
            "법정동주소":"인천시 중구 신흥동2가 54-5",
            "도로명주소":"인천시 중구 인중로 97",
            "세대수":50,
            "입주년차":"--",
            "용적률점수":0,
            "건폐율점수":100,
            "세대당주차수":"--",
            "난방방식":"--",
            "공급면적":50,
            "전용률":100,
            "욕실수":"--",
            "현관타입":"--",
            "주거총점":42.5,
            "지역구공급총점":0.0,
            "역세권":50,
            "30분내 이동가능 거점":0,
            "1시간내 이동가능 거점":20,
            "교통총점":29.0,
            "백화점":0,
            "아울렛몰":0,
            "대형마트":100,
            "은행":0,
            "병원":10,
            "종합병원":100,
            "공원":0,
            "혐오시설":0,
            "인프라총점":36.0,
            "초등학군":92.5,
            "중학군":38.78,
            "학군총점":49.524,
            "인구수":15.32,
            "인구증감":15.06,
            "인구총점":15.242,
            "일자리":12.9,
            "소득수준":65.02,
            "일자리총점":28.536,
            "가치 총점":36.8786,
            "매매실거래년":20220107.0,
            "매매실거래가":23000.0,
            "전세실거래년":20211108.0,
            "전세실거래가":8000.0,
            "전세가율":61.54,
            "장기전세가율평균":59.19,
            "전세가율거품지수":-2.35,
            "검색코드":10974,
            "세대수":434.0,
            "준공년월":"1979-05-28",
            "준공년차":44.0,
            "가까운역이름":"숭의",
            "가까운역거리":671.69,
            "역세권여부":"준역세권",
            "30분이내주요거점역":0,
            "1시간이내주요거점역":2,
            "3km이내백화점수":0,
            "5km이내아울렛몰수":0,
            "1km이내대형먀트수":2,
            "500m이내은행수":0,
            "500m이내병원수":3,
            "5km이내대형병원수":7,
            "500m이내공원수":0,
            "3km이내혐오시설수":0,
            "초등학교학업성취도":92.5,
            "중학교학업성취도":64.3,
            "용적률":259,
            "건폐율":18,
            "Y":37.464882,
            "X":126.6327,
            "rank":8.0,
            "area_info":"18평(62.41), 19평(62.94), 19평(63.11), 19평(63.87), 19평(63.83), 25평(85.26), 25평(85.84), 25평(85.68), 26평(86.25), 26평(87.16), 34평(114.62), 34평(114.77), 34평(114.72), 34평(115.57), 35평(115.9), 35평(117.32)",
            "last_sales":"2022-01-07,23000.0,35평(115.9)"
        },
        {
            "index":128,
            "아파트명":"금호베스트빌1단지",
            "투자타입":"일반",
            "전용면적(m2)":"108.11",
            "전용면적(평)":"32평",
            "법정동주소":"인천시 중구 운서동 2787-1",
            "도로명주소":"인천시 중구 신도시남로 15",
            "세대수":30,
            "입주년차":20,
            "용적률점수":"--",
            "건폐율점수":"--",
            "세대당주차수":30,
            "난방방식":100,
            "공급면적":"--",
            "전용률":"--",
            "욕실수":100,
            "현관타입":100,
            "주거총점":49.0,
            "지역구공급총점":0.0,
            "역세권":50,
            "30분내 이동가능 거점":0,
            "1시간내 이동가능 거점":10,
            "교통총점":27.0,
            "백화점":0,
            "아울렛몰":0,
            "대형마트":80,
            "은행":70,
            "병원":60,
            "종합병원":0,
            "공원":100,
            "혐오시설":0,
            "인프라총점":28.0,
            "초등학군":89.61,
            "중학군":53.08,
            "학군총점":60.386,
            "인구수":15.32,
            "인구증감":15.06,
            "인구총점":15.242,
            "일자리":12.9,
            "소득수준":65.02,
            "일자리총점":28.536,
            "가치 총점":36.7079,
            "매매실거래년":20211023.0,
            "매매실거래가":46500.0,
            "전세실거래년":20220108.0,
            "전세실거래가":16800.0,
            "전세가율":36.13,
            "장기전세가율평균":59.19,
            "전세가율거품지수":23.06,
            "검색코드":9691,
            "세대수":360.0,
            "준공년월":"2002-06-21",
            "준공년차":21.0,
            "가까운역이름":"운서",
            "가까운역거리":687.63,
            "역세권여부":"준역세권",
            "30분이내주요거점역":0,
            "1시간이내주요거점역":1,
            "3km이내백화점수":0,
            "5km이내아울렛몰수":0,
            "1km이내대형먀트수":1,
            "500m이내은행수":3,
            "500m이내병원수":19,
            "5km이내대형병원수":0,
            "500m이내공원수":5,
            "3km이내혐오시설수":0,
            "초등학교학업성취도":89.61,
            "중학교학업성취도":88.0,
            "용적률":147,
            "건폐율":19,
            "Y":37.494506,
            "X":126.486262,
            "rank":9.0,
            "area_info":"32평(108.11)",
            "last_sales":"2021-10-23,46500.0,32평(108.11)"
        },
        {
            "index":13,
            "아파트명":"뉴월드",
            "투자타입":"일반",
            "전용면적(m2)":"52.91",
            "전용면적(평)":"16평",
            "법정동주소":"인천시 중구 도원동 41-25",
            "도로명주소":"인천시 중구 도원로26번길 33-8",
            "세대수":0,
            "입주년차":0,
            "용적률점수":"--",
            "건폐율점수":"--",
            "세대당주차수":0,
            "난방방식":30,
            "공급면적":"--",
            "전용률":"--",
            "욕실수":50,
            "현관타입":10,
            "주거총점":9.0,
            "지역구공급총점":0.0,
            "역세권":80,
            "30분내 이동가능 거점":0,
            "1시간내 이동가능 거점":30,
            "교통총점":46.0,
            "백화점":0,
            "아울렛몰":0,
            "대형마트":100,
            "은행":0,
            "병원":10,
            "종합병원":100,
            "공원":80,
            "혐오시설":0,
            "인프라총점":38.4,
            "초등학군":92.5,
            "중학군":36.24,
            "학군총점":47.492,
            "인구수":15.32,
            "인구증감":15.06,
            "인구총점":15.242,
            "일자리":12.9,
            "소득수준":65.02,
            "일자리총점":28.536,
            "가치 총점":36.5438,
            "매매실거래년":20210901.0,
            "매매실거래가":12000.0,
            "전세실거래년":20140823.0,
            "전세실거래가":5500.0,
            "전세가율":65.48,
            "장기전세가율평균":59.19,
            "전세가율거품지수":-6.29,
            "검색코드":10112,
            "세대수":165.0,
            "준공년월":"1994-11-19",
            "준공년차":29.0,
            "가까운역이름":"도원",
            "가까운역거리":471.96,
            "역세권여부":"역세권",
            "30분이내주요거점역":0,
            "1시간이내주요거점역":3,
            "3km이내백화점수":0,
            "5km이내아울렛몰수":0,
            "1km이내대형먀트수":2,
            "500m이내은행수":0,
            "500m이내병원수":4,
            "5km이내대형병원수":7,
            "500m이내공원수":1,
            "3km이내혐오시설수":0,
            "초등학교학업성취도":92.5,
            "중학교학업성취도":60.4,
            "용적률":254,
            "건폐율":28,
            "Y":37.46545,
            "X":126.638918,
            "rank":10.0,
            "area_info":"16평(52.91), 23평(77.9), 28평(94.59), 30평(100.78)",
            "last_sales":"2021-09-01,12000.0,23평(77.9)"
        },
        {
            "index":153,
            "아파트명":"영종하늘도시유승한내들(민간임대)",
            "투자타입":"일반",
            "전용면적(m2)":"104.24",
            "전용면적(평)":"31평",
            "법정동주소":"인천시 중구 운서동 3101-1",
            "도로명주소":"인천시 중구 영종대로252번길 38",
            "세대수":50,
            "입주년차":100,
            "용적률점수":"--",
            "건폐율점수":"--",
            "세대당주차수":30,
            "난방방식":30,
            "공급면적":"--",
            "전용률":"--",
            "욕실수":100,
            "현관타입":100,
            "주거총점":65.0,
            "지역구공급총점":0.0,
            "역세권":50,
            "30분내 이동가능 거점":0,
            "1시간내 이동가능 거점":10,
            "교통총점":27.0,
            "백화점":0,
            "아울렛몰":0,
            "대형마트":80,
            "은행":0,
            "병원":0,
            "종합병원":0,
            "공원":100,
            "혐오시설":0,
            "인프라총점":15.0,
            "초등학군":97.86,
            "중학군":53.08,
            "학군총점":62.036,
            "인구수":15.32,
            "인구증감":15.06,
            "인구총점":15.242,
            "일자리":12.9,
            "소득수준":65.02,
            "일자리총점":28.536,
            "가치 총점":36.2554,
            "매매실거래년":"18000101",
            "매매실거래가":null,
            "전세실거래년":20200709.0,
            "전세실거래가":10000.0,
            "전세가율":null,
            "장기전세가율평균":59.19,
            "전세가율거품지수":null,
            "검색코드":118745,
            "세대수":420.0,
            "준공년월":"2019-07-09",
            "준공년차":4.0,
            "가까운역이름":"운서",
            "가까운역거리":768.02,
            "역세권여부":"준역세권",
            "30분이내주요거점역":0,
            "1시간이내주요거점역":1,
            "3km이내백화점수":0,
            "5km이내아울렛몰수":0,
            "1km이내대형먀트수":1,
            "500m이내은행수":0,
            "500m이내병원수":0,
            "5km이내대형병원수":0,
            "500m이내공원수":3,
            "3km이내혐오시설수":0,
            "초등학교학업성취도":97.86,
            "중학교학업성취도":88.0,
            "용적률":190,
            "건폐율":17,
            "Y":37.487604,
            "X":126.499372,
            "rank":11.0,
            "area_info":"31평(104.24), 31평(105.77), 33평(109.95)",
            "last_sales":"1800-01-01,nan,31평(104.24)"
        },
        {
            "index":0,
            "아파트명":"답동로얄맨션",
            "투자타입":"일반",
            "전용면적(m2)":"60.17",
            "전용면적(평)":"18평",
            "법정동주소":"인천시 중구 답동 8-1",
            "도로명주소":"인천시 중구 제물량로 132-3",
            "세대수":0,
            "입주년차":20,
            "용적률점수":"--",
            "건폐율점수":"--",
            "세대당주차수":0,
            "난방방식":30,
            "공급면적":"--",
            "전용률":"--",
            "욕실수":50,
            "현관타입":100,
            "주거총점":22.0,
            "지역구공급총점":0.0,
            "역세권":50,
            "30분내 이동가능 거점":0,
            "1시간내 이동가능 거점":40,
            "교통총점":33.0,
            "백화점":0,
            "아울렛몰":0,
            "대형마트":80,
            "은행":20,
            "병원":60,
            "종합병원":100,
            "공원":80,
            "혐오시설":0,
            "인프라총점":42.4,
            "초등학군":91.5,
            "중학군":38.78,
            "학군총점":49.324,
            "인구수":15.32,
            "인구증감":15.06,
            "인구총점":15.242,
            "일자리":12.9,
            "소득수준":65.02,
            "일자리총점":28.536,
            "가치 총점":36.0686,
            "매매실거래년":20201205.0,
            "매매실거래가":24500.0,
            "전세실거래년":null,
            "전세실거래가":null,
            "전세가율":null,
            "장기전세가율평균":59.19,
            "전세가율거품지수":null,
            "검색코드":10975,
            "세대수":166.0,
            "준공년월":"2002-12-03",
            "준공년차":21.0,
            "가까운역이름":"신포",
            "가까운역거리":554.28,
            "역세권여부":"준역세권",
            "30분이내주요거점역":0,
            "1시간이내주요거점역":4,
            "3km이내백화점수":0,
            "5km이내아울렛몰수":0,
            "1km이내대형먀트수":1,
            "500m이내은행수":2,
            "500m이내병원수":21,
            "5km이내대형병원수":7,
            "500m이내공원수":1,
            "3km이내혐오시설수":0,
            "초등학교학업성취도":91.5,
            "중학교학업성취도":64.3,
            "용적률":289,
            "건폐율":30,
            "Y":37.469968,
            "X":126.62994,
            "rank":12.0,
            "area_info":"18평(60.17), 20평(67.4), 22평(75.28), 23평(76.35), 26평(86.75), 28평(92.75), 29평(97.72), 31평(104.03), 35평(117.51), 35평(117.12), 35평(117.69), 40평(132.24), 42평(139.27)",
            "last_sales":"2020-12-05,24500.0,42평(139.27)"
        },
        {
            "index":38,
            "아파트명":"인천신흥대림",
            "투자타입":"일반",
            "전용면적(m2)":"107.58",
            "전용면적(평)":"32평",
            "법정동주소":"인천시 중구 신흥동1가 34-2",
            "도로명주소":"인천시 중구 인중로 114",
            "세대수":0,
            "입주년차":20,
            "용적률점수":"--",
            "건폐율점수":"--",
            "세대당주차수":30,
            "난방방식":30,
            "공급면적":"--",
            "전용률":"--",
            "욕실수":100,
            "현관타입":100,
            "주거총점":31.5,
            "지역구공급총점":0.0,
            "역세권":50,
            "30분내 이동가능 거점":0,
            "1시간내 이동가능 거점":30,
            "교통총점":31.0,
            "백화점":0,
            "아울렛몰":0,
            "대형마트":80,
            "은행":0,
            "병원":30,
            "종합병원":100,
            "공원":80,
            "혐오시설":0,
            "인프라총점":37.4,
            "초등학군":91.5,
            "중학군":38.78,
            "학군총점":49.324,
            "인구수":15.32,
            "인구증감":15.06,
            "인구총점":15.242,
            "일자리":12.9,
            "소득수준":65.02,
            "일자리총점":28.536,
            "가치 총점":35.7686,
            "매매실거래년":20220110.0,
            "매매실거래가":34700.0,
            "전세실거래년":20210503.0,
            "전세실거래가":14000.0,
            "전세가율":40.35,
            "장기전세가율평균":59.19,
            "전세가율거품지수":18.84,
            "검색코드":3732,
            "세대수":240.0,
            "준공년월":"2002-12-07",
            "준공년차":21.0,
            "가까운역이름":"신포",
            "가까운역거리":611.71,
            "역세권여부":"준역세권",
            "30분이내주요거점역":0,
            "1시간이내주요거점역":3,
            "3km이내백화점수":0,
            "5km이내아울렛몰수":0,
            "1km이내대형먀트수":1,
            "500m이내은행수":0,
            "500m이내병원수":6,
            "5km이내대형병원수":6,
            "500m이내공원수":1,
            "3km이내혐오시설수":0,
            "초등학교학업성취도":91.5,
            "중학교학업성취도":64.3,
            "용적률":293,
            "건폐율":13,
            "Y":37.4667,
            "X":126.63029,
            "rank":13.0,
            "area_info":"32평(107.58)",
            "last_sales":"2022-01-10,34700.0,32평(107.58)"
        },
        {
            "index":168,
            "아파트명":"풍림아이원8단지",
            "투자타입":"일반",
            "전용면적(m2)":"147.03",
            "전용면적(평)":"44평",
            "법정동주소":"인천시 중구 운서동 2787-2",
            "도로명주소":"인천시 중구 흰바위로 15",
            "세대수":0,
            "입주년차":20,
            "용적률점수":"--",
            "건폐율점수":"--",
            "세대당주차수":60,
            "난방방식":100,
            "공급면적":"--",
            "전용률":"--",
            "욕실수":100,
            "현관타입":100,
            "주거총점":43.0,
            "지역구공급총점":0.0,
            "역세권":50,
            "30분내 이동가능 거점":0,
            "1시간내 이동가능 거점":10,
            "교통총점":27.0,
            "백화점":0,
            "아울렛몰":0,
            "대형마트":80,
            "은행":70,
            "병원":60,
            "종합병원":0,
            "공원":100,
            "혐오시설":0,
            "인프라총점":28.0,
            "초등학군":89.61,
            "중학군":53.08,
            "학군총점":60.386,
            "인구수":15.32,
            "인구증감":15.06,
            "인구총점":15.242,
            "일자리":12.9,
            "소득수준":65.02,
            "일자리총점":28.536,
            "가치 총점":35.5079,
            "매매실거래년":20211206.0,
            "매매실거래가":52000.0,
            "전세실거래년":20211203.0,
            "전세실거래가":30000.0,
            "전세가율":57.69,
            "장기전세가율평균":59.19,
            "전세가율거품지수":1.5,
            "검색코드":12074,
            "세대수":236.0,
            "준공년월":"2003-01-29",
            "준공년차":20.0,
            "가까운역이름":"운서",
            "가까운역거리":642.33,
            "역세권여부":"준역세권",
            "30분이내주요거점역":0,
            "1시간이내주요거점역":1,
            "3km이내백화점수":0,
            "5km이내아울렛몰수":0,
            "1km이내대형먀트수":1,
            "500m이내은행수":3,
            "500m이내병원수":19,
            "5km이내대형병원수":0,
            "500m이내공원수":4,
            "3km이내혐오시설수":0,
            "초등학교학업성취도":89.61,
            "중학교학업성취도":88.0,
            "용적률":149,
            "건폐율":21,
            "Y":37.493149,
            "X":126.486516,
            "rank":14.0,
            "area_info":"44평(147.03)",
            "last_sales":"2021-12-06,52000.0,44평(147.03)"
        },
        {
            "index":20,
            "아파트명":"선광",
            "투자타입":"일반",
            "전용면적(m2)":"90.93",
            "전용면적(평)":"27평",
            "법정동주소":"인천시 중구 북성동2가 5-1",
            "도로명주소":"인천시 중구 제물량로 288",
            "세대수":0,
            "입주년차":0,
            "용적률점수":"--",
            "건폐율점수":"--",
            "세대당주차수":0,
            "난방방식":30,
            "공급면적":"--",
            "전용률":"--",
            "욕실수":50,
            "현관타입":10,
            "주거총점":9.0,
            "지역구공급총점":0.0,
            "역세권":80,
            "30분내 이동가능 거점":20,
            "1시간내 이동가능 거점":30,
            "교통총점":52.0,
            "백화점":0,
            "아울렛몰":0,
            "대형마트":0,
            "은행":0,
            "병원":0,
            "종합병원":100,
            "공원":0,
            "혐오시설":0,
            "인프라총점":20.0,
            "초등학군":87.89,
            "중학군":46.28,
            "학군총점":54.602,
            "인구수":15.32,
            "인구증감":15.06,
            "인구총점":15.242,
            "일자리":12.9,
            "소득수준":65.02,
            "일자리총점":28.536,
            "가치 총점":34.1903,
            "매매실거래년":20211215.0,
            "매매실거래가":15000.0,
            "전세실거래년":20210705.0,
            "전세실거래가":11000.0,
            "전세가율":73.33,
            "장기전세가율평균":59.19,
            "전세가율거품지수":-14.14,
            "검색코드":10330,
            "세대수":102.0,
            "준공년월":"1996-10-14",
            "준공년차":27.0,
            "가까운역이름":"인천",
            "가까운역거리":113.08,
            "역세권여부":"역세권",
            "30분이내주요거점역":1,
            "1시간이내주요거점역":3,
            "3km이내백화점수":0,
            "5km이내아울렛몰수":0,
            "1km이내대형먀트수":0,
            "500m이내은행수":0,
            "500m이내병원수":1,
            "5km이내대형병원수":5,
            "500m이내공원수":0,
            "3km이내혐오시설수":0,
            "초등학교학업성취도":87.89,
            "중학교학업성취도":74.2,
            "용적률":321,
            "건폐율":46,
            "Y":37.477511,
            "X":126.617694,
            "rank":15.0,
            "area_info":"27평(90.93)",
            "last_sales":"2021-12-15,15000.0,27평(90.93)"
        },
        {
            "index":58,
            "아파트명":"삼정베스트빌",
            "투자타입":"일반",
            "전용면적(m2)":"37.93",
            "전용면적(평)":"11평",
            "법정동주소":"인천시 중구 신흥동2가 1",
            "도로명주소":"인천시 중구 서해대로464번길 1-34",
            "세대수":0,
            "입주년차":20,
            "용적률점수":"--",
            "건폐율점수":"--",
            "세대당주차수":0,
            "난방방식":30,
            "공급면적":"--",
            "전용률":"--",
            "욕실수":50,
            "현관타입":100,
            "주거총점":22.0,
            "지역구공급총점":0.0,
            "역세권":50,
            "30분내 이동가능 거점":0,
            "1시간내 이동가능 거점":20,
            "교통총점":29.0,
            "백화점":0,
            "아울렛몰":0,
            "대형마트":100,
            "은행":0,
            "병원":30,
            "종합병원":100,
            "공원":100,
            "혐오시설":0,
            "인프라총점":41.0,
            "초등학군":92.5,
            "중학군":36.24,
            "학군총점":47.492,
            "인구수":15.32,
            "인구증감":15.06,
            "인구총점":15.242,
            "일자리":12.9,
            "소득수준":65.02,
            "일자리총점":28.536,
            "가치 총점":33.9738,
            "매매실거래년":20211109.0,
            "매매실거래가":8800.0,
            "전세실거래년":null,
            "전세실거래가":null,
            "전세가율":null,
            "장기전세가율평균":59.19,
            "전세가율거품지수":null,
            "검색코드":108425,
            "세대수":168.0,
            "준공년월":"2001-12-31",
            "준공년차":22.0,
            "가까운역이름":"도원",
            "가까운역거리":582.5,
            "역세권여부":"준역세권",
            "30분이내주요거점역":0,
            "1시간이내주요거점역":2,
            "3km이내백화점수":0,
            "5km이내아울렛몰수":0,
            "1km이내대형먀트수":2,
            "500m이내은행수":0,
            "500m이내병원수":5,
            "5km이내대형병원수":7,
            "500m이내공원수":2,
            "3km이내혐오시설수":0,
            "초등학교학업성취도":92.5,
            "중학교학업성취도":60.4,
            "용적률":0,
            "건폐율":0,
            "Y":37.467752,
            "X":126.636164,
            "rank":16.0,
            "area_info":"11평(37.93), 11평(38.87), 11평(38.93), 11평(38.99), 12평(39.86), 12평(40.4), 12평(40.14), 12평(41.66), 12평(41.93), 12평(41.29), 13평(44.18), 14평(47.55), 14평(48.45), 14평(49.42), 16평(53.46), 16평(55.03), 17평(57.21), 17평(57.3), 17평(57.7), 17평(58.65), 17평(58.57), 17평(58.56), 17평(58.75), 17평(58.17), 17평(59.21), 18평(60.3), 18평(60.47), 18평(61.86), 18평(62.74), 19평(63.76), 19평(63.28), 19평(65.13), 19평(65.44), 20평(66.18)",
            "last_sales":"2021-11-09,8800.0,19평(63.76)"
        },
        {
            "index":17,
            "아파트명":"동일",
            "투자타입":"재건축",
            "전용면적(m2)":"50.76",
            "전용면적(평)":"15평",
            "법정동주소":"인천시 중구 북성동1가 4-246",
            "도로명주소":"인천시 중구 월미로 28",
            "세대수":0,
            "입주년차":"--",
            "용적률점수":0,
            "건폐율점수":0,
            "세대당주차수":"--",
            "난방방식":"--",
            "공급면적":50,
            "전용률":60,
            "욕실수":"--",
            "현관타입":"--",
            "주거총점":5.5,
            "지역구공급총점":0.0,
            "역세권":80,
            "30분내 이동가능 거점":20,
            "1시간내 이동가능 거점":30,
            "교통총점":52.0,
            "백화점":0,
            "아울렛몰":0,
            "대형마트":0,
            "은행":0,
            "병원":0,
            "종합병원":100,
            "공원":0,
            "혐오시설":0,
            "인프라총점":20.0,
            "초등학군":87.89,
            "중학군":46.28,
            "학군총점":54.602,
            "인구수":15.32,
            "인구증감":15.06,
            "인구총점":15.242,
            "일자리":12.9,
            "소득수준":65.02,
            "일자리총점":28.536,
            "가치 총점":33.4903,
            "매매실거래년":20210821.0,
            "매매실거래가":12000.0,
            "전세실거래년":20210312.0,
            "전세실거래가":4000.0,
            "전세가율":33.33,
            "장기전세가율평균":59.19,
            "전세가율거품지수":25.86,
            "검색코드":11074,
            "세대수":140.0,
            "준공년월":"1987-01-23",
            "준공년차":36.0,
            "가까운역이름":"인천",
            "가까운역거리":127.55,
            "역세권여부":"역세권",
            "30분이내주요거점역":1,
            "1시간이내주요거점역":3,
            "3km이내백화점수":0,
            "5km이내아울렛몰수":0,
            "1km이내대형먀트수":0,
            "500m이내은행수":0,
            "500m이내병원수":1,
            "5km이내대형병원수":5,
            "500m이내공원수":0,
            "3km이내혐오시설수":0,
            "초등학교학업성취도":87.89,
            "중학교학업성취도":74.2,
            "용적률":0,
            "건폐율":0,
            "Y":37.477,
            "X":126.615544,
            "rank":17.0,
            "area_info":"15평(50.76), 18평(60.98), 19평(63.84)",
            "last_sales":"2021-08-21,12000.0,15평(50.76)"
        },
        {
            "index":147,
            "아파트명":"영종주공스카이빌12단지",
            "투자타입":"일반",
            "전용면적(m2)":"71.81",
            "전용면적(평)":"21평",
            "법정동주소":"인천시 중구 운서동 2786-1",
            "도로명주소":"인천시 중구 신도시남로 92",
            "세대수":30,
            "입주년차":20,
            "용적률점수":"--",
            "건폐율점수":"--",
            "세대당주차수":0,
            "난방방식":100,
            "공급면적":"--",
            "전용률":"--",
            "욕실수":50,
            "현관타입":100,
            "주거총점":39.5,
            "지역구공급총점":0.0,
            "역세권":50,
            "30분내 이동가능 거점":0,
            "1시간내 이동가능 거점":10,
            "교통총점":27.0,
            "백화점":0,
            "아울렛몰":0,
            "대형마트":80,
            "은행":20,
            "병원":60,
            "종합병원":0,
            "공원":100,
            "혐오시설":0,
            "인프라총점":23.0,
            "초등학군":89.61,
            "중학군":53.08,
            "학군총점":60.386,
            "인구수":15.32,
            "인구증감":15.06,
            "인구총점":15.242,
            "일자리":12.9,
            "소득수준":65.02,
            "일자리총점":28.536,
            "가치 총점":33.3079,
            "매매실거래년":20211106.0,
            "매매실거래가":24000.0,
            "전세실거래년":20210325.0,
            "전세실거래가":17000.0,
            "전세가율":85.0,
            "장기전세가율평균":59.19,
            "전세가율거품지수":-25.81,
            "검색코드":102775,
            "세대수":323.0,
            "준공년월":"2001-01-06",
            "준공년차":22.0,
            "가까운역이름":"운서",
            "가까운역거리":633.16,
            "역세권여부":"준역세권",
            "30분이내주요거점역":0,
            "1시간이내주요거점역":1,
            "3km이내백화점수":0,
            "5km이내아울렛몰수":0,
            "1km이내대형먀트수":1,
            "500m이내은행수":2,
            "500m이내병원수":11,
            "5km이내대형병원수":0,
            "500m이내공원수":3,
            "3km이내혐오시설수":0,
            "초등학교학업성취도":89.61,
            "중학교학업성취도":88.0,
            "용적률":87,
            "건폐율":24,
            "Y":37.489181,
            "X":126.48836,
            "rank":18.0,
            "area_info":"21평(71.81), 22평(72.73), 22평(72.78)",
            "last_sales":"2021-11-06,24000.0,22평(72.78)"
        },
        {
            "index":30,
            "아파트명":"삼성",
            "투자타입":"일반",
            "전용면적(m2)":"79.77",
            "전용면적(평)":"24평",
            "법정동주소":"인천시 중구 신생동 38-5",
            "도로명주소":"인천시 중구 인중로 111",
            "세대수":0,
            "입주년차":20,
            "용적률점수":"--",
            "건폐율점수":"--",
            "세대당주차수":30,
            "난방방식":30,
            "공급면적":"--",
            "전용률":"--",
            "욕실수":50,
            "현관타입":100,
            "주거총점":26.5,
            "지역구공급총점":0.0,
            "역세권":50,
            "30분내 이동가능 거점":0,
            "1시간내 이동가능 거점":20,
            "교통총점":29.0,
            "백화점":0,
            "아울렛몰":0,
            "대형마트":80,
            "은행":0,
            "병원":10,
            "종합병원":100,
            "공원":0,
            "혐오시설":0,
            "인프라총점":33.0,
            "초등학군":92.5,
            "중학군":38.78,
            "학군총점":49.524,
            "인구수":15.32,
            "인구증감":15.06,
            "인구총점":15.242,
            "일자리":12.9,
            "소득수준":65.02,
            "일자리총점":28.536,
            "가치 총점":32.7786,
            "매매실거래년":20211223.0,
            "매매실거래가":22000.0,
            "전세실거래년":20211007.0,
            "전세실거래가":15000.0,
            "전세가율":68.18,
            "장기전세가율평균":59.19,
            "전세가율거품지수":-8.99,
            "검색코드":3731,
            "세대수":270.0,
            "준공년월":"2001-06-20",
            "준공년차":22.0,
            "가까운역이름":"신포",
            "가까운역거리":628.53,
            "역세권여부":"준역세권",
            "30분이내주요거점역":0,
            "1시간이내주요거점역":2,
            "3km이내백화점수":0,
            "5km이내아울렛몰수":0,
            "1km이내대형먀트수":1,
            "500m이내은행수":0,
            "500m이내병원수":2,
            "5km이내대형병원수":6,
            "500m이내공원수":0,
            "3km이내혐오시설수":0,
            "초등학교학업성취도":92.5,
            "중학교학업성취도":64.3,
            "용적률":363,
            "건폐율":27,
            "Y":37.465505,
            "X":126.629693,
            "rank":19.0,
            "area_info":"24평(79.77), 32평(107.87), 48평(159.11)",
            "last_sales":"2021-12-23,22000.0,24평(79.77)"
        },
        {
            "index":137,
            "아파트명":"삼안해피하우징",
            "투자타입":"일반",
            "전용면적(m2)":"77.43",
            "전용면적(평)":"23평",
            "법정동주소":"인천시 중구 운서동 2785-11",
            "도로명주소":"인천시 중구 신도시남로 66",
            "세대수":0,
            "입주년차":20,
            "용적률점수":"--",
            "건폐율점수":"--",
            "세대당주차수":30,
            "난방방식":100,
            "공급면적":"--",
            "전용률":"--",
            "욕실수":100,
            "현관타입":100,
            "주거총점":38.5,
            "지역구공급총점":0.0,
            "역세권":50,
            "30분내 이동가능 거점":0,
            "1시간내 이동가능 거점":10,
            "교통총점":27.0,
            "백화점":0,
            "아울렛몰":0,
            "대형마트":80,
            "은행":0,
            "병원":30,
            "종합병원":0,
            "공원":100,
            "혐오시설":0,
            "인프라총점":18.0,
            "초등학군":89.61,
            "중학군":53.08,
            "학군총점":60.386,
            "인구수":15.32,
            "인구증감":15.06,
            "인구총점":15.242,
            "일자리":12.9,
            "소득수준":65.02,
            "일자리총점":28.536,
            "가치 총점":31.6079,
            "매매실거래년":"18000101",
            "매매실거래가":null,
            "전세실거래년":null,
            "전세실거래가":null,
            "전세가율":null,
            "장기전세가율평균":59.19,
            "전세가율거품지수":null,
            "검색코드":10731,
            "세대수":231.0,
            "준공년월":"2003-09-26",
            "준공년차":20.0,
            "가까운역이름":"운서",
            "가까운역거리":776.24,
            "역세권여부":"준역세권",
            "30분이내주요거점역":0,
            "1시간이내주요거점역":1,
            "3km이내백화점수":0,
            "5km이내아울렛몰수":0,
            "1km이내대형먀트수":1,
            "500m이내은행수":1,
            "500m이내병원수":8,
            "5km이내대형병원수":0,
            "500m이내공원수":3,
            "3km이내혐오시설수":0,
            "초등학교학업성취도":89.61,
            "중학교학업성취도":88.0,
            "용적률":59,
            "건폐율":23,
            "Y":37.489807,
            "X":126.485905,
            "rank":20.0,
            "area_info":"23평(77.43)",
            "last_sales":"1800-01-01,nan,23평(77.43)"
        },
        {
            "index":39,
            "아파트명":"풍림",
            "투자타입":"일반",
            "전용면적(m2)":"80.64",
            "전용면적(평)":"24평",
            "법정동주소":"인천시 중구 신흥동1가 34-8",
            "도로명주소":"인천시 중구 인중로 109",
            "세대수":0,
            "입주년차":0,
            "용적률점수":"--",
            "건폐율점수":"--",
            "세대당주차수":0,
            "난방방식":30,
            "공급면적":"--",
            "전용률":"--",
            "욕실수":50,
            "현관타입":100,
            "주거총점":18.0,
            "지역구공급총점":0.0,
            "역세권":50,
            "30분내 이동가능 거점":0,
            "1시간내 이동가능 거점":20,
            "교통총점":29.0,
            "백화점":0,
            "아울렛몰":0,
            "대형마트":80,
            "은행":0,
            "병원":10,
            "종합병원":100,
            "공원":0,
            "혐오시설":0,
            "인프라총점":33.0,
            "초등학군":92.5,
            "중학군":38.78,
            "학군총점":49.524,
            "인구수":15.32,
            "인구증감":15.06,
            "인구총점":15.242,
            "일자리":12.9,
            "소득수준":65.02,
            "일자리총점":28.536,
            "가치 총점":31.0786,
            "매매실거래년":20211220.0,
            "매매실거래가":23000.0,
            "전세실거래년":20190409.0,
            "전세실거래가":14000.0,
            "전세가율":60.87,
            "장기전세가율평균":59.19,
            "전세가율거품지수":-1.68,
            "검색코드":9686,
            "세대수":299.0,
            "준공년월":"1996-12-21",
            "준공년차":27.0,
            "가까운역이름":"숭의",
            "가까운역거리":771.51,
            "역세권여부":"준역세권",
            "30분이내주요거점역":0,
            "1시간이내주요거점역":2,
            "3km이내백화점수":0,
            "5km이내아울렛몰수":0,
            "1km이내대형먀트수":1,
            "500m이내은행수":0,
            "500m이내병원수":3,
            "5km이내대형병원수":6,
            "500m이내공원수":0,
            "3km이내혐오시설수":0,
            "초등학교학업성취도":92.5,
            "중학교학업성취도":64.3,
            "용적률":331,
            "건폐율":40,
            "Y":37.46521,
            "X":126.63156,
            "rank":21.0,
            "area_info":"24평(80.64), 32평(107.78), 55평(183.47)",
            "last_sales":"2021-12-20,23000.0,24평(80.64)"
        },
        {
            "index":150,
            "아파트명":"영종주공스카이빌7단지",
            "투자타입":"일반",
            "전용면적(m2)":"71.65",
            "전용면적(평)":"21평",
            "법정동주소":"인천시 중구 운서동 2709-3",
            "도로명주소":"인천시 중구 신도시북로 18",
            "세대수":0,
            "입주년차":20,
            "용적률점수":"--",
            "건폐율점수":"--",
            "세대당주차수":0,
            "난방방식":100,
            "공급면적":"--",
            "전용률":"--",
            "욕실수":50,
            "현관타입":100,
            "주거총점":29.0,
            "지역구공급총점":0.0,
            "역세권":50,
            "30분내 이동가능 거점":0,
            "1시간내 이동가능 거점":10,
            "교통총점":27.0,
            "백화점":0,
            "아울렛몰":0,
            "대형마트":80,
            "은행":0,
            "병원":60,
            "종합병원":0,
            "공원":100,
            "혐오시설":0,
            "인프라총점":21.0,
            "초등학군":94.61,
            "중학군":53.08,
            "학군총점":61.386,
            "인구수":15.32,
            "인구증감":15.06,
            "인구총점":15.242,
            "일자리":12.9,
            "소득수준":65.02,
            "일자리총점":28.536,
            "가치 총점":30.7579,
            "매매실거래년":20211214.0,
            "매매실거래가":18000.0,
            "전세실거래년":20211126.0,
            "전세실거래가":16000.0,
            "전세가율":69.57,
            "장기전세가율평균":59.19,
            "전세가율거품지수":-10.38,
            "검색코드":19170,
            "세대수":295.0,
            "준공년월":"2002-05-14",
            "준공년차":21.0,
            "가까운역이름":"운서",
            "가까운역거리":761.31,
            "역세권여부":"준역세권",
            "30분이내주요거점역":0,
            "1시간이내주요거점역":1,
            "3km이내백화점수":0,
            "5km이내아울렛몰수":0,
            "1km이내대형먀트수":1,
            "500m이내은행수":1,
            "500m이내병원수":17,
            "5km이내대형병원수":0,
            "500m이내공원수":7,
            "3km이내혐오시설수":0,
            "초등학교학업성취도":94.61,
            "중학교학업성취도":88.0,
            "용적률":128,
            "건폐율":15,
            "Y":37.496072,
            "X":126.48614,
            "rank":22.0,
            "area_info":"21평(71.65), 21평(71.33), 24평(79.72)",
            "last_sales":"2021-12-14,18000.0,21평(71.33)"
        },
        {
            "index":119,
            "아파트명":"영종자이",
            "투자타입":"일반",
            "전용면적(m2)":"114.88",
            "전용면적(평)":"34평",
            "법정동주소":"인천시 중구 운남동 1550",
            "도로명주소":"인천시 중구 운남서로 7",
            "세대수":90,
            "입주년차":60,
            "용적률점수":"--",
            "건폐율점수":"--",
            "세대당주차수":80,
            "난방방식":100,
            "공급면적":"--",
            "전용률":"--",
            "욕실수":100,
            "현관타입":100,
            "주거총점":85.5,
            "지역구공급총점":0.0,
            "역세권":0,
            "30분내 이동가능 거점":0,
            "1시간내 이동가능 거점":10,
            "교통총점":2.0,
            "백화점":0,
            "아울렛몰":0,
            "대형마트":80,
            "은행":0,
            "병원":10,
            "종합병원":0,
            "공원":100,
            "혐오시설":0,
            "인프라총점":16.0,
            "초등학군":73.61,
            "중학군":49.1,
            "학군총점":54.002,
            "인구수":15.32,
            "인구증감":15.06,
            "인구총점":15.242,
            "일자리":12.9,
            "소득수준":65.02,
            "일자리총점":28.536,
            "가치 총점":30.7003,
            "매매실거래년":20211216.0,
            "매매실거래가":68000.0,
            "전세실거래년":20211210.0,
            "전세실거래가":30000.0,
            "전세가율":75.0,
            "장기전세가율평균":59.19,
            "전세가율거품지수":-15.81,
            "검색코드":27689,
            "세대수":1022.0,
            "준공년월":"2009-11-02",
            "준공년차":14.0,
            "가까운역이름":"영종",
            "가까운역거리":2658.91,
            "역세권여부":"비역세권",
            "30분이내주요거점역":0,
            "1시간이내주요거점역":1,
            "3km이내백화점수":0,
            "5km이내아울렛몰수":0,
            "1km이내대형먀트수":1,
            "500m이내은행수":0,
            "500m이내병원수":2,
            "5km이내대형병원수":0,
            "500m이내공원수":3,
            "3km이내혐오시설수":0,
            "초등학교학업성취도":73.61,
            "중학교학업성취도":80.9,
            "용적률":204,
            "건폐율":14,
            "Y":37.488364,
            "X":126.531479,
            "rank":23.0,
            "area_info":"34평(114.88), 39평(130.55), 39평(131.65), 43평(145.23), 45평(151.96), 45평(152.03), 49평(164.45), 59평(197.11), 97평(322.46)",
            "last_sales":"2021-12-16,68000.0,59평(197.11)"
        },
        {
            "index":167,
            "아파트명":"풍림아이원6-2단지",
            "투자타입":"일반",
            "전용면적(m2)":"76.29",
            "전용면적(평)":"23평",
            "법정동주소":"인천시 중구 운서동 2708-8",
            "도로명주소":"인천시 중구 신도시북로 68",
            "세대수":0,
            "입주년차":20,
            "용적률점수":"--",
            "건폐율점수":"--",
            "세대당주차수":0,
            "난방방식":100,
            "공급면적":"--",
            "전용률":"--",
            "욕실수":100,
            "현관타입":100,
            "주거총점":34.0,
            "지역구공급총점":0.0,
            "역세권":50,
            "30분내 이동가능 거점":0,
            "1시간내 이동가능 거점":10,
            "교통총점":27.0,
            "백화점":0,
            "아울렛몰":0,
            "대형마트":80,
            "은행":0,
            "병원":0,
            "종합병원":0,
            "공원":100,
            "혐오시설":0,
            "인프라총점":15.0,
            "초등학군":94.61,
            "중학군":53.08,
            "학군총점":61.386,
            "인구수":15.32,
            "인구증감":15.06,
            "인구총점":15.242,
            "일자리":12.9,
            "소득수준":65.02,
            "일자리총점":28.536,
            "가치 총점":29.9579,
            "매매실거래년":20220107.0,
            "매매실거래가":23000.0,
            "전세실거래년":20211216.0,
            "전세실거래가":18000.0,
            "전세가율":78.26,
            "장기전세가율평균":59.19,
            "전세가율거품지수":-19.07,
            "검색코드":102324,
            "세대수":295.0,
            "준공년월":"2002-10-29",
            "준공년차":21.0,
            "가까운역이름":"운서",
            "가까운역거리":911.3,
            "역세권여부":"준역세권",
            "30분이내주요거점역":0,
            "1시간이내주요거점역":1,
            "3km이내백화점수":0,
            "5km이내아울렛몰수":0,
            "1km이내대형먀트수":1,
            "500m이내은행수":0,
            "500m이내병원수":0,
            "5km이내대형병원수":0,
            "500m이내공원수":5,
            "3km이내혐오시설수":0,
            "초등학교학업성취도":94.61,
            "중학교학업성취도":88.0,
            "용적률":114,
            "건폐율":28,
            "Y":37.499249,
            "X":126.487252,
            "rank":24.0,
            "area_info":"23평(76.29)",
            "last_sales":"2022-01-07,23000.0,23평(76.29)"
        },
        {
            "index":282,
            "아파트명":"연안",
            "투자타입":"재건축",
            "전용면적(m2)":"59.3",
            "전용면적(평)":"17평",
            "법정동주소":"인천시 중구 항동7가 91-2",
            "도로명주소":"인천시 중구 축항대로 234",
            "세대수":50,
            "입주년차":"--",
            "용적률점수":100,
            "건폐율점수":80,
            "세대당주차수":"--",
            "난방방식":"--",
            "공급면적":50,
            "전용률":100,
            "욕실수":"--",
            "현관타입":"--",
            "주거총점":78.5,
            "지역구공급총점":0.0,
            "역세권":0,
            "30분내 이동가능 거점":0,
            "1시간내 이동가능 거점":10,
            "교통총점":2.0,
            "백화점":0,
            "아울렛몰":0,
            "대형마트":0,
            "은행":0,
            "병원":0,
            "종합병원":100,
            "공원":0,
            "혐오시설":0,
            "인프라총점":20.0,
            "초등학군":75.71,
            "중학군":40.0,
            "학군총점":47.142,
            "인구수":15.32,
            "인구증감":15.06,
            "인구총점":15.242,
            "일자리":12.9,
            "소득수준":65.02,
            "일자리총점":28.536,
            "가치 총점":29.4713,
            "매매실거래년":20211210.0,
            "매매실거래가":32600.0,
            "전세실거래년":20211202.0,
            "전세실거래가":2500.0,
            "전세가율":7.67,
            "장기전세가율평균":59.19,
            "전세가율거품지수":51.52,
            "검색코드":9737,
            "세대수":690.0,
            "준공년월":"1983-07-05",
            "준공년차":40.0,
            "가까운역이름":"숭의",
            "가까운역거리":2036.64,
            "역세권여부":"비역세권",
            "30분이내주요거점역":0,
            "1시간이내주요거점역":1,
            "3km이내백화점수":0,
            "5km이내아울렛몰수":0,
            "1km이내대형먀트수":0,
            "500m이내은행수":0,
            "500m이내병원수":0,
            "5km이내대형병원수":4,
            "500m이내공원수":0,
            "3km이내혐오시설수":0,
            "초등학교학업성취도":75.71,
            "중학교학업성취도":64.8,
            "용적률":110,
            "건폐율":22,
            "Y":37.448788,
            "X":126.620867,
            "rank":25.0,
            "area_info":"17평(59.3)",
            "last_sales":"2021-12-10,32600.0,17평(59.3)"
        },
        {
            "index":215,
            "아파트명":"영종힐스테이트",
            "투자타입":"일반",
            "전용면적(m2)":"110.44",
            "전용면적(평)":"33평",
            "법정동주소":"인천시 중구 중산동 1887-2",
            "도로명주소":"인천시 중구 하늘별빛로 66",
            "세대수":100,
            "입주년차":60,
            "용적률점수":"--",
            "건폐율점수":"--",
            "세대당주차수":60,
            "난방방식":100,
            "공급면적":"--",
            "전용률":"--",
            "욕실수":100,
            "현관타입":100,
            "주거총점":86.0,
            "지역구공급총점":0.0,
            "역세권":0,
            "30분내 이동가능 거점":0,
            "1시간내 이동가능 거점":0,
            "교통총점":0.0,
            "백화점":0,
            "아울렛몰":0,
            "대형마트":0,
            "은행":0,
            "병원":60,
            "종합병원":0,
            "공원":100,
            "혐오시설":0,
            "인프라총점":9.0,
            "초등학군":91.77,
            "중학군":49.1,
            "학군총점":57.634,
            "인구수":15.32,
            "인구증감":15.06,
            "인구총점":15.242,
            "일자리":12.9,
            "소득수준":65.02,
            "일자리총점":28.536,
            "가치 총점":28.5451,
            "매매실거래년":20211029.0,
            "매매실거래가":51000.0,
            "전세실거래년":20220113.0,
            "전세실거래가":35000.0,
            "전세가율":61.62,
            "장기전세가율평균":59.19,
            "전세가율거품지수":-2.43,
            "검색코드":102620,
            "세대수":1628.0,
            "준공년월":"2012-10-26",
            "준공년차":11.0,
            "가까운역이름":"영종",
            "가까운역거리":4378.31,
            "역세권여부":"비역세권",
            "30분이내주요거점역":0,
            "1시간이내주요거점역":0,
            "3km이내백화점수":0,
            "5km이내아울렛몰수":0,
            "1km이내대형먀트수":0,
            "500m이내은행수":1,
            "500m이내병원수":16,
            "5km이내대형병원수":0,
            "500m이내공원수":2,
            "3km이내혐오시설수":0,
            "초등학교학업성취도":91.77,
            "중학교학업성취도":80.9,
            "용적률":251,
            "건폐율":13,
            "Y":37.490952,
            "X":126.566064,
            "rank":26.0,
            "area_info":"33평(110.44), 33평(110.48), 33평(111.96), 33평(112.18)",
            "last_sales":"2021-10-29,51000.0,33평(112.18)"
        },
        {
            "index":229,
            "아파트명":"인천영종하늘도시한라비발디",
            "투자타입":"일반",
            "전용면적(m2)":"126.28",
            "전용면적(평)":"38평",
            "법정동주소":"인천시 중구 중산동 1887-1",
            "도로명주소":"인천시 중구 하늘별빛로 86",
            "세대수":90,
            "입주년차":60,
            "용적률점수":"--",
            "건폐율점수":"--",
            "세대당주차수":60,
            "난방방식":100,
            "공급면적":"--",
            "전용률":"--",
            "욕실수":100,
            "현관타입":100,
            "주거총점":82.5,
            "지역구공급총점":0.0,
            "역세권":0,
            "30분내 이동가능 거점":0,
            "1시간내 이동가능 거점":0,
            "교통총점":0.0,
            "백화점":0,
            "아울렛몰":0,
            "대형마트":0,
            "은행":0,
            "병원":60,
            "종합병원":0,
            "공원":100,
            "혐오시설":0,
            "인프라총점":9.0,
            "초등학군":91.77,
            "중학군":49.1,
            "학군총점":57.634,
            "인구수":15.32,
            "인구증감":15.06,
            "인구총점":15.242,
            "일자리":12.9,
            "소득수준":65.02,
            "일자리총점":28.536,
            "가치 총점":27.8451,
            "매매실거래년":20211225.0,
            "매매실거래가":62000.0,
            "전세실거래년":20220112.0,
            "전세실거래가":23100.0,
            "전세가율":43.58,
            "장기전세가율평균":59.19,
            "전세가율거품지수":15.61,
            "검색코드":100988,
            "세대수":1365.0,
            "준공년월":"2012-09-26",
            "준공년차":11.0,
            "가까운역이름":"영종",
            "가까운역거리":4127.62,
            "역세권여부":"비역세권",
            "30분이내주요거점역":0,
            "1시간이내주요거점역":0,
            "3km이내백화점수":0,
            "5km이내아울렛몰수":0,
            "1km이내대형먀트수":0,
            "500m이내은행수":1,
            "500m이내병원수":16,
            "5km이내대형병원수":0,
            "500m이내공원수":2,
            "3km이내혐오시설수":0,
            "초등학교학업성취도":91.77,
            "중학교학업성취도":80.9,
            "용적률":251,
            "건폐율":11,
            "Y":37.492048,
            "X":126.563578,
            "rank":27.0,
            "area_info":"38평(126.28), 38평(126.8), 38평(127.08), 43평(142.86), 43평(143.16), 51평(171.62), 70평(232.31), 77평(255.08)",
            "last_sales":"2021-12-25,62000.0,43평(143.16)"
        },
        {
            "index":250,
            "아파트명":"하늘도시우미린2단지",
            "투자타입":"일반",
            "전용면적(m2)":"112.66",
            "전용면적(평)":"34평",
            "법정동주소":"인천시 중구 중산동 1871-3",
            "도로명주소":"인천시 중구 하늘달빛로 113",
            "세대수":90,
            "입주년차":60,
            "용적률점수":"--",
            "건폐율점수":"--",
            "세대당주차수":60,
            "난방방식":100,
            "공급면적":"--",
            "전용률":"--",
            "욕실수":100,
            "현관타입":100,
            "주거총점":82.5,
            "지역구공급총점":0.0,
            "역세권":0,
            "30분내 이동가능 거점":0,
            "1시간내 이동가능 거점":0,
            "교통총점":0.0,
            "백화점":0,
            "아울렛몰":0,
            "대형마트":0,
            "은행":0,
            "병원":60,
            "종합병원":0,
            "공원":100,
            "혐오시설":0,
            "인프라총점":9.0,
            "초등학군":78.07,
            "중학군":49.1,
            "학군총점":54.894,
            "인구수":15.32,
            "인구증감":15.06,
            "인구총점":15.242,
            "일자리":12.9,
            "소득수준":65.02,
            "일자리총점":28.536,
            "가치 총점":27.4341,
            "매매실거래년":20211213.0,
            "매매실거래가":33870.0,
            "전세실거래년":20220105.0,
            "전세실거래가":31000.0,
            "전세가율":62.0,
            "장기전세가율평균":59.19,
            "전세가율거품지수":-2.81,
            "검색코드":100914,
            "세대수":1287.0,
            "준공년월":"2012-08-29",
            "준공년차":11.0,
            "가까운역이름":"영종",
            "가까운역거리":3854.52,
            "역세권여부":"비역세권",
            "30분이내주요거점역":0,
            "1시간이내주요거점역":0,
            "3km이내백화점수":0,
            "5km이내아울렛몰수":0,
            "1km이내대형먀트수":0,
            "500m이내은행수":0,
            "500m이내병원수":11,
            "5km이내대형병원수":0,
            "500m이내공원수":2,
            "3km이내혐오시설수":0,
            "초등학교학업성취도":78.07,
            "중학교학업성취도":80.9,
            "용적률":220,
            "건폐율":11,
            "Y":37.486946,
            "X":126.554585,
            "rank":28.0,
            "area_info":"34평(112.66), 33평(112.23), 34평(112.46), 33평(112.04), 34평(113.27)",
            "last_sales":"2021-12-13,33870.0,34평(112.46)"
        },
        {
            "index":174,
            "아파트명":"스카이시티자이",
            "투자타입":"일반",
            "전용면적(m2)":"118.97",
            "전용면적(평)":"35평",
            "법정동주소":"인천시 중구 중산동 1881-2",
            "도로명주소":"인천시 중구 하늘별빛로 111",
            "세대수":90,
            "입주년차":80,
            "용적률점수":"--",
            "건폐율점수":"--",
            "세대당주차수":60,
            "난방방식":30,
            "공급면적":"--",
            "전용률":"--",
            "욕실수":100,
            "현관타입":100,
            "주거총점":79.5,
            "지역구공급총점":0.0,
            "역세권":0,
            "30분내 이동가능 거점":0,
            "1시간내 이동가능 거점":0,
            "교통총점":0.0,
            "백화점":0,
            "아울렛몰":0,
            "대형마트":0,
            "은행":0,
            "병원":60,
            "종합병원":0,
            "공원":80,
            "혐오시설":0,
            "인프라총점":8.4,
            "초등학군":78.07,
            "중학군":49.1,
            "학군총점":54.894,
            "인구수":15.32,
            "인구증감":15.06,
            "인구총점":15.242,
            "일자리":12.9,
            "소득수준":65.02,
            "일자리총점":28.536,
            "가치 총점":26.6541,
            "매매실거래년":20211220.0,
            "매매실거래가":73000.0,
            "전세실거래년":20220107.0,
            "전세실거래가":36000.0,
            "전세가율":51.8,
            "장기전세가율평균":59.19,
            "전세가율거품지수":7.39,
            "검색코드":116569,
            "세대수":1034.0,
            "준공년월":"2018-07-19",
            "준공년차":5.0,
            "가까운역이름":"영종",
            "가까운역거리":3809.46,
            "역세권여부":"비역세권",
            "30분이내주요거점역":0,
            "1시간이내주요거점역":0,
            "3km이내백화점수":0,
            "5km이내아울렛몰수":0,
            "1km이내대형먀트수":0,
            "500m이내은행수":1,
            "500m이내병원수":23,
            "5km이내대형병원수":0,
            "500m이내공원수":1,
            "3km이내혐오시설수":0,
            "초등학교학업성취도":78.07,
            "중학교학업성취도":80.9,
            "용적률":241,
            "건폐율":13,
            "Y":37.491168,
            "X":126.558488,
            "rank":29.0,
            "area_info":"35평(118.97), 35평(118.91), 38평(127.92), 38평(128.83), 43평(144.87)",
            "last_sales":"2021-12-20,73000.0,38평(128.83)"
        },
        {
            "index":185,
            "아파트명":"영종신명스카이뷰주얼리",
            "투자타입":"일반",
            "전용면적(m2)":"79.94",
            "전용면적(평)":"24평",
            "법정동주소":"인천시 중구 중산동 1872-1",
            "도로명주소":"인천시 중구 하늘달빛로 95",
            "세대수":90,
            "입주년차":60,
            "용적률점수":"--",
            "건폐율점수":"--",
            "세대당주차수":30,
            "난방방식":100,
            "공급면적":"--",
            "전용률":"--",
            "욕실수":100,
            "현관타입":100,
            "주거총점":78.0,
            "지역구공급총점":0.0,
            "역세권":0,
            "30분내 이동가능 거점":0,
            "1시간내 이동가능 거점":0,
            "교통총점":0.0,
            "백화점":0,
            "아울렛몰":0,
            "대형마트":0,
            "은행":0,
            "병원":60,
            "종합병원":0,
            "공원":100,
            "혐오시설":0,
            "인프라총점":9.0,
            "초등학군":78.07,
            "중학군":49.1,
            "학군총점":54.894,
            "인구수":15.32,
            "인구증감":15.06,
            "인구총점":15.242,
            "일자리":12.9,
            "소득수준":65.02,
            "일자리총점":28.536,
            "가치 총점":26.5341,
            "매매실거래년":20220105.0,
            "매매실거래가":34200.0,
            "전세실거래년":20220117.0,
            "전세실거래가":21000.0,
            "전세가율":61.4,
            "장기전세가율평균":59.19,
            "전세가율거품지수":-2.21,
            "검색코드":100996,
            "세대수":1002.0,
            "준공년월":"2013-02-05",
            "준공년차":10.0,
            "가까운역이름":"영종",
            "가까운역거리":4087.11,
            "역세권여부":"비역세권",
            "30분이내주요거점역":0,
            "1시간이내주요거점역":0,
            "3km이내백화점수":0,
            "5km이내아울렛몰수":0,
            "1km이내대형먀트수":0,
            "500m이내은행수":0,
            "500m이내병원수":12,
            "5km이내대형병원수":0,
            "500m이내공원수":2,
            "3km이내혐오시설수":0,
            "초등학교학업성취도":78.07,
            "중학교학업성취도":80.9,
            "용적률":227,
            "건폐율":13,
            "Y":37.485849,
            "X":126.556924,
            "rank":30.0,
            "area_info":"24평(79.94), 24평(79.81), 24평(80.16), 24평(80.12), 24평(80.13)",
            "last_sales":"2022-01-05,34200.0,24평(79.94)"
        },
        {
            "index":110,
            "아파트명":"영종센트럴푸르지오자이",
            "투자타입":"일반",
            "전용면적(m2)":"85.07",
            "전용면적(평)":"25평",
            "법정동주소":"인천시 중구 운남동 1779",
            "도로명주소":"인천시 중구 은하수로 412",
            "세대수":100,
            "입주년차":100,
            "용적률점수":"--",
            "건폐율점수":"--",
            "세대당주차수":30,
            "난방방식":30,
            "공급면적":"--",
            "전용률":"--",
            "욕실수":100,
            "현관타입":100,
            "주거총점":82.5,
            "지역구공급총점":0.0,
            "역세권":0,
            "30분내 이동가능 거점":0,
            "1시간내 이동가능 거점":0,
            "교통총점":0.0,
            "백화점":0,
            "아울렛몰":0,
            "대형마트":0,
            "은행":0,
            "병원":0,
            "종합병원":0,
            "공원":0,
            "혐오시설":0,
            "인프라총점":0.0,
            "초등학군":100.0,
            "중학군":49.1,
            "학군총점":59.28,
            "인구수":15.32,
            "인구증감":15.06,
            "인구총점":15.242,
            "일자리":12.9,
            "소득수준":65.02,
            "일자리총점":28.536,
            "가치 총점":25.392,
            "매매실거래년":20211204.0,
            "매매실거래가":51500.0,
            "전세실거래년":20211230.0,
            "전세실거래가":30000.0,
            "전세가율":58.25,
            "장기전세가율평균":59.19,
            "전세가율거품지수":0.94,
            "검색코드":115691,
            "세대수":1604.0,
            "준공년월":"2019-02-13",
            "준공년차":4.0,
            "가까운역이름":"영종",
            "가까운역거리":3268.09,
            "역세권여부":"비역세권",
            "30분이내주요거점역":0,
            "1시간이내주요거점역":0,
            "3km이내백화점수":0,
            "5km이내아울렛몰수":0,
            "1km이내대형먀트수":0,
            "500m이내은행수":0,
            "500m이내병원수":0,
            "5km이내대형병원수":0,
            "500m이내공원수":0,
            "3km이내혐오시설수":0,
            "초등학교학업성취도":100.0,
            "중학교학업성취도":80.9,
            "용적률":177,
            "건폐율":14,
            "Y":37.489786,
            "X":126.548713,
            "rank":31.0,
            "area_info":"25평(85.07), 25평(85.72), 26평(86.1), 29평(98.34), 29평(98.22), 33평(110.63), 33평(110.8), 33평(111.82), 33평(111.24)",
            "last_sales":"2021-12-04,51500.0,25평(85.07)"
        },
        {
            "index":169,
            "아파트명":"e편한세상영종국제도시오션하임",
            "투자타입":"일반",
            "전용면적(m2)":"98.11",
            "전용면적(평)":"29평",
            "법정동주소":"인천시 중구 중산동 1887-4",
            "도로명주소":"인천시 중구 두미포로 112",
            "세대수":100,
            "입주년차":80,
            "용적률점수":"--",
            "건폐율점수":"--",
            "세대당주차수":30,
            "난방방식":30,
            "공급면적":"--",
            "전용률":"--",
            "욕실수":100,
            "현관타입":100,
            "주거총점":78.5,
            "지역구공급총점":0.0,
            "역세권":0,
            "30분내 이동가능 거점":0,
            "1시간내 이동가능 거점":0,
            "교통총점":0.0,
            "백화점":0,
            "아울렛몰":0,
            "대형마트":0,
            "은행":0,
            "병원":0,
            "종합병원":0,
            "공원":100,
            "혐오시설":0,
            "인프라총점":3.0,
            "초등학군":91.77,
            "중학군":49.1,
            "학군총점":57.634,
            "인구수":15.32,
            "인구증감":15.06,
            "인구총점":15.242,
            "일자리":12.9,
            "소득수준":65.02,
            "일자리총점":28.536,
            "가치 총점":25.2451,
            "매매실거래년":20211208.0,
            "매매실거래가":59500.0,
            "전세실거래년":20220115.0,
            "전세실거래가":30000.0,
            "전세가율":59.06,
            "장기전세가율평균":59.19,
            "전세가율거품지수":0.13,
            "검색코드":116009,
            "세대수":1520.0,
            "준공년월":"2018-12-27",
            "준공년차":5.0,
            "가까운역이름":"영종",
            "가까운역거리":4374.42,
            "역세권여부":"비역세권",
            "30분이내주요거점역":0,
            "1시간이내주요거점역":0,
            "3km이내백화점수":0,
            "5km이내아울렛몰수":0,
            "1km이내대형먀트수":0,
            "500m이내은행수":1,
            "500m이내병원수":0,
            "5km이내대형병원수":0,
            "500m이내공원수":4,
            "3km이내혐오시설수":0,
            "초등학교학업성취도":91.77,
            "중학교학업성취도":80.9,
            "용적률":199,
            "건폐율":14,
            "Y":37.49339,
            "X":126.567744,
            "rank":32.0,
            "area_info":"29평(98.11), 30평(99.6), 33평(110.96), 33평(111.55), 33평(112.06)",
            "last_sales":"2021-12-08,59500.0,33평(112.06)"
        },
        {
            "index":237,
            "아파트명":"인천영종한양수자인",
            "투자타입":"일반",
            "전용면적(m2)":"81.61",
            "전용면적(평)":"24평",
            "법정동주소":"인천시 중구 중산동 1878-1",
            "도로명주소":"인천시 중구 은하수로 377",
            "세대수":90,
            "입주년차":60,
            "용적률점수":"--",
            "건폐율점수":"--",
            "세대당주차수":30,
            "난방방식":100,
            "공급면적":"--",
            "전용률":"--",
            "욕실수":100,
            "현관타입":100,
            "주거총점":78.0,
            "지역구공급총점":0.0,
            "역세권":0,
            "30분내 이동가능 거점":0,
            "1시간내 이동가능 거점":0,
            "교통총점":0.0,
            "백화점":0,
            "아울렛몰":0,
            "대형마트":0,
            "은행":0,
            "병원":0,
            "종합병원":0,
            "공원":80,
            "혐오시설":0,
            "인프라총점":2.4,
            "초등학군":100.0,
            "중학군":49.1,
            "학군총점":59.28,
            "인구수":15.32,
            "인구증감":15.06,
            "인구총점":15.242,
            "일자리":12.9,
            "소득수준":65.02,
            "일자리총점":28.536,
            "가치 총점":25.212,
            "매매실거래년":20211230.0,
            "매매실거래가":40000.0,
            "전세실거래년":20220114.0,
            "전세실거래가":15000.0,
            "전세가율":37.5,
            "장기전세가율평균":59.19,
            "전세가율거품지수":21.69,
            "검색코드":100994,
            "세대수":1304.0,
            "준공년월":"2012-08-21",
            "준공년차":11.0,
            "가까운역이름":"영종",
            "가까운역거리":3485.52,
            "역세권여부":"비역세권",
            "30분이내주요거점역":0,
            "1시간이내주요거점역":0,
            "3km이내백화점수":0,
            "5km이내아울렛몰수":0,
            "1km이내대형먀트수":0,
            "500m이내은행수":0,
            "500m이내병원수":0,
            "5km이내대형병원수":0,
            "500m이내공원수":1,
            "3km이내혐오시설수":0,
            "초등학교학업성취도":100.0,
            "중학교학업성취도":80.9,
            "용적률":202,
            "건폐율":13,
            "Y":37.491245,
            "X":126.553891,
            "rank":33.0,
            "area_info":"24평(81.61), 24평(82.4), 24평(82.46), 24평(82.32), 24평(82.35), 26평(86.77), 26평(86.74)",
            "last_sales":"2021-12-30,40000.0,24평(81.61)"
        },
        {
            "index":190,
            "아파트명":"영종하늘도시KCC스위첸",
            "투자타입":"일반",
            "전용면적(m2)":"82.14",
            "전용면적(평)":"24평",
            "법정동주소":"인천시 중구 중산동 1879-1",
            "도로명주소":"인천시 중구 은하수로 380",
            "세대수":80,
            "입주년차":100,
            "용적률점수":"--",
            "건폐율점수":"--",
            "세대당주차수":60,
            "난방방식":30,
            "공급면적":"--",
            "전용률":"--",
            "욕실수":100,
            "현관타입":100,
            "주거총점":80.0,
            "지역구공급총점":0.0,
            "역세권":0,
            "30분내 이동가능 거점":0,
            "1시간내 이동가능 거점":0,
            "교통총점":0.0,
            "백화점":0,
            "아울렛몰":0,
            "대형마트":0,
            "은행":0,
            "병원":0,
            "종합병원":0,
            "공원":0,
            "혐오시설":0,
            "인프라총점":0.0,
            "초등학군":100.0,
            "중학군":49.1,
            "학군총점":59.28,
            "인구수":15.32,
            "인구증감":15.06,
            "인구총점":15.242,
            "일자리":12.9,
            "소득수준":65.02,
            "일자리총점":28.536,
            "가치 총점":24.892,
            "매매실거래년":20211225.0,
            "매매실거래가":47800.0,
            "전세실거래년":20211031.0,
            "전세실거래가":13650.0,
            "전세가율":28.56,
            "장기전세가율평균":59.19,
            "전세가율거품지수":30.63,
            "검색코드":117272,
            "세대수":752.0,
            "준공년월":"2019-09-27",
            "준공년차":4.0,
            "가까운역이름":"영종",
            "가까운역거리":3226.46,
            "역세권여부":"비역세권",
            "30분이내주요거점역":0,
            "1시간이내주요거점역":0,
            "3km이내백화점수":0,
            "5km이내아울렛몰수":0,
            "1km이내대형먀트수":0,
            "500m이내은행수":0,
            "500m이내병원수":0,
            "5km이내대형병원수":0,
            "500m이내공원수":0,
            "3km이내혐오시설수":0,
            "초등학교학업성취도":100.0,
            "중학교학업성취도":80.9,
            "용적률":151,
            "건폐율":16,
            "Y":37.492577,
            "X":126.551464,
            "rank":34.0,
            "area_info":"24평(82.14), 28평(95.02), 28평(95.02), 28평(95.02), 28평(95.02), 33평(111.83), 33평(111.79), 33평(111.71), 33평(111.93), 33평(111.79), 33평(111.83), 33평(111.93), 33평(111.71), 33평(112.1), 33평(112.14), 33평(112.21)",
            "last_sales":"2021-12-25,47800.0,24평(82.14)"
        },
        {
            "index":161,
            "아파트명":"풍림아이원1차",
            "투자타입":"일반",
            "전용면적(m2)":"76.13",
            "전용면적(평)":"23평",
            "법정동주소":"인천시 중구 운서동 2748-1",
            "도로명주소":"인천시 중구 영종대로27번길 40",
            "세대수":50,
            "입주년차":20,
            "용적률점수":"--",
            "건폐율점수":"--",
            "세대당주차수":0,
            "난방방식":100,
            "공급면적":"--",
            "전용률":"--",
            "욕실수":100,
            "현관타입":100,
            "주거총점":51.5,
            "지역구공급총점":0.0,
            "역세권":0,
            "30분내 이동가능 거점":0,
            "1시간내 이동가능 거점":10,
            "교통총점":2.0,
            "백화점":0,
            "아울렛몰":0,
            "대형마트":80,
            "은행":0,
            "병원":0,
            "종합병원":0,
            "공원":100,
            "혐오시설":0,
            "인프라총점":15.0,
            "초등학군":94.61,
            "중학군":53.08,
            "학군총점":61.386,
            "인구수":15.32,
            "인구증감":15.06,
            "인구총점":15.242,
            "일자리":12.9,
            "소득수준":65.02,
            "일자리총점":28.536,
            "가치 총점":24.7079,
            "매매실거래년":20220110.0,
            "매매실거래가":21000.0,
            "전세실거래년":20211211.0,
            "전세실거래가":20000.0,
            "전세가율":95.24,
            "장기전세가율평균":59.19,
            "전세가율거품지수":-36.05,
            "검색코드":9205,
            "세대수":650.0,
            "준공년월":"2002-10-29",
            "준공년차":21.0,
            "가까운역이름":"운서",
            "가까운역거리":1018.99,
            "역세권여부":"비역세권",
            "30분이내주요거점역":0,
            "1시간이내주요거점역":1,
            "3km이내백화점수":0,
            "5km이내아울렛몰수":0,
            "1km이내대형먀트수":1,
            "500m이내은행수":0,
            "500m이내병원수":0,
            "5km이내대형병원수":0,
            "500m이내공원수":4,
            "3km이내혐오시설수":0,
            "초등학교학업성취도":94.61,
            "중학교학업성취도":88.0,
            "용적률":119,
            "건폐율":29,
            "Y":37.496339,
            "X":126.483082,
            "rank":35.0,
            "area_info":"23평(76.13)",
            "last_sales":"2022-01-10,21000.0,23평(76.13)"
        },
        {
            "index":179,
            "아파트명":"영종국제도시화성파크드림",
            "투자타입":"일반",
            "전용면적(m2)":"96.46",
            "전용면적(평)":"29평",
            "법정동주소":"인천시 중구 중산동 1889-2",
            "도로명주소":"인천시 중구 하늘별빛로 112",
            "세대수":50,
            "입주년차":100,
            "용적률점수":"--",
            "건폐율점수":"--",
            "세대당주차수":30,
            "난방방식":30,
            "공급면적":"--",
            "전용률":"--",
            "욕실수":100,
            "현관타입":100,
            "주거총점":65.0,
            "지역구공급총점":0.0,
            "역세권":0,
            "30분내 이동가능 거점":0,
            "1시간내 이동가능 거점":0,
            "교통총점":0.0,
            "백화점":0,
            "아울렛몰":0,
            "대형마트":0,
            "은행":0,
            "병원":60,
            "종합병원":0,
            "공원":100,
            "혐오시설":0,
            "인프라총점":9.0,
            "초등학군":91.77,
            "중학군":49.1,
            "학군총점":57.634,
            "인구수":15.32,
            "인구증감":15.06,
            "인구총점":15.242,
            "일자리":12.9,
            "소득수준":65.02,
            "일자리총점":28.536,
            "가치 총점":24.3451,
            "매매실거래년":20211222.0,
            "매매실거래가":59300.0,
            "전세실거래년":20211208.0,
            "전세실거래가":32000.0,
            "전세가율":65.31,
            "장기전세가율평균":59.19,
            "전세가율거품지수":-6.12,
            "검색코드":115527,
            "세대수":657.0,
            "준공년월":"2019-09-25",
            "준공년차":4.0,
            "가까운역이름":"영종",
            "가까운역거리":3899.67,
            "역세권여부":"비역세권",
            "30분이내주요거점역":0,
            "1시간이내주요거점역":0,
            "3km이내백화점수":0,
            "5km이내아울렛몰수":0,
            "1km이내대형먀트수":0,
            "500m이내은행수":1,
            "500m이내병원수":16,
            "5km이내대형병원수":0,
            "500m이내공원수":2,
            "3km이내혐오시설수":0,
            "초등학교학업성취도":91.77,
            "중학교학업성취도":80.9,
            "용적률":229,
            "건폐율":11,
            "Y":37.492867,
            "X":126.561178,
            "rank":36.0,
            "area_info":"29평(96.46), 29평(96.46), 33평(111.14), 33평(111.16), 33평(111.14), 33평(111.16)",
            "last_sales":"2021-12-22,59300.0,33평(111.14)"
        },
        {
            "index":244,
            "아파트명":"하늘도시우미린1단지",
            "투자타입":"일반",
            "전용면적(m2)":"68.17",
            "전용면적(평)":"20평",
            "법정동주소":"인천시 중구 중산동 1881-1",
            "도로명주소":"인천시 중구 은하수로 351",
            "세대수":100,
            "입주년차":60,
            "용적률점수":"--",
            "건폐율점수":"--",
            "세대당주차수":30,
            "난방방식":100,
            "공급면적":"--",
            "전용률":"--",
            "욕실수":50,
            "현관타입":100,
            "주거총점":76.5,
            "지역구공급총점":0.0,
            "역세권":0,
            "30분내 이동가능 거점":0,
            "1시간내 이동가능 거점":0,
            "교통총점":0.0,
            "백화점":0,
            "아울렛몰":0,
            "대형마트":0,
            "은행":0,
            "병원":0,
            "종합병원":0,
            "공원":80,
            "혐오시설":0,
            "인프라총점":2.4,
            "초등학군":78.07,
            "중학군":49.1,
            "학군총점":54.894,
            "인구수":15.32,
            "인구증감":15.06,
            "인구총점":15.242,
            "일자리":12.9,
            "소득수준":65.02,
            "일자리총점":28.536,
            "가치 총점":24.2541,
            "매매실거래년":20211208.0,
            "매매실거래가":37800.0,
            "전세실거래년":20211015.0,
            "전세실거래가":13650.0,
            "전세가율":52.5,
            "장기전세가율평균":59.19,
            "전세가율거품지수":6.69,
            "검색코드":100970,
            "세대수":1680.0,
            "준공년월":"2012-09-13",
            "준공년차":11.0,
            "가까운역이름":"영종",
            "가까운역거리":3549.09,
            "역세권여부":"비역세권",
            "30분이내주요거점역":0,
            "1시간이내주요거점역":0,
            "3km이내백화점수":0,
            "5km이내아울렛몰수":0,
            "1km이내대형먀트수":0,
            "500m이내은행수":0,
            "500m이내병원수":0,
            "5km이내대형병원수":0,
            "500m이내공원수":1,
            "3km이내혐오시설수":0,
            "초등학교학업성취도":78.07,
            "중학교학업성취도":80.9,
            "용적률":201,
            "건폐율":11,
            "Y":37.492888,
            "X":126.556415,
            "rank":37.0,
            "area_info":"20평(68.17), 25평(82.88), 24평(82.06), 24평(82.05), 24평(82.49), 25평(83.62)",
            "last_sales":"2021-12-08,37800.0,25평(83.62)"
        },
        {
            "index":219,
            "아파트명":"인천영종동보노빌리티",
            "투자타입":"일반",
            "전용면적(m2)":"109.19",
            "전용면적(평)":"33평",
            "법정동주소":"인천시 중구 중산동 1872-2",
            "도로명주소":"인천시 중구 하늘달빛로 65",
            "세대수":50,
            "입주년차":60,
            "용적률점수":"--",
            "건폐율점수":"--",
            "세대당주차수":60,
            "난방방식":100,
            "공급면적":"--",
            "전용률":"--",
            "욕실수":100,
            "현관타입":100,
            "주거총점":68.5,
            "지역구공급총점":0.0,
            "역세권":0,
            "30분내 이동가능 거점":0,
            "1시간내 이동가능 거점":0,
            "교통총점":0.0,
            "백화점":0,
            "아울렛몰":0,
            "대형마트":0,
            "은행":0,
            "병원":60,
            "종합병원":0,
            "공원":0,
            "혐오시설":0,
            "인프라총점":6.0,
            "초등학군":78.07,
            "중학군":49.1,
            "학군총점":54.894,
            "인구수":15.32,
            "인구증감":15.06,
            "인구총점":15.242,
            "일자리":12.9,
            "소득수준":65.02,
            "일자리총점":28.536,
            "가치 총점":23.7341,
            "매매실거래년":20211104.0,
            "매매실거래가":45800.0,
            "전세실거래년":20211107.0,
            "전세실거래가":15000.0,
            "전세가율":27.27,
            "장기전세가율평균":59.19,
            "전세가율거품지수":31.92,
            "검색코드":100997,
            "세대수":585.0,
            "준공년월":"2012-08-08",
            "준공년차":11.0,
            "가까운역이름":"영종",
            "가까운역거리":4327.48,
            "역세권여부":"비역세권",
            "30분이내주요거점역":0,
            "1시간이내주요거점역":0,
            "3km이내백화점수":0,
            "5km이내아울렛몰수":0,
            "1km이내대형먀트수":0,
            "500m이내은행수":0,
            "500m이내병원수":12,
            "5km이내대형병원수":0,
            "500m이내공원수":0,
            "3km이내혐오시설수":0,
            "초등학교학업성취도":78.07,
            "중학교학업성취도":80.9,
            "용적률":221,
            "건폐율":14,
            "Y":37.484569,
            "X":126.559153,
            "rank":38.0,
            "area_info":"33평(109.19), 33평(109.62), 33평(109.43), 33평(109.66), 33평(109.76), 33평(110.14), 33평(110.99), 33평(111.75), 33평(111.3), 34평(112.67)",
            "last_sales":"2021-11-04,45800.0,33평(111.75)"
        },
        {
            "index":159,
            "아파트명":"창보밀레시티2차",
            "투자타입":"일반",
            "전용면적(m2)":"77.98",
            "전용면적(평)":"23평",
            "법정동주소":"인천시 중구 운서동 2747-5",
            "도로명주소":"인천시 중구 영종대로27번길 9",
            "세대수":30,
            "입주년차":20,
            "용적률점수":"--",
            "건폐율점수":"--",
            "세대당주차수":30,
            "난방방식":100,
            "공급면적":"--",
            "전용률":"--",
            "욕실수":100,
            "현관타입":100,
            "주거총점":49.0,
            "지역구공급총점":0.0,
            "역세권":0,
            "30분내 이동가능 거점":0,
            "1시간내 이동가능 거점":0,
            "교통총점":0.0,
            "백화점":0,
            "아울렛몰":0,
            "대형마트":80,
            "은행":0,
            "병원":0,
            "종합병원":0,
            "공원":100,
            "혐오시설":0,
            "인프라총점":15.0,
            "초등학군":94.61,
            "중학군":53.08,
            "학군총점":61.386,
            "인구수":15.32,
            "인구증감":15.06,
            "인구총점":15.242,
            "일자리":12.9,
            "소득수준":65.02,
            "일자리총점":28.536,
            "가치 총점":23.5079,
            "매매실거래년":"18000101",
            "매매실거래가":null,
            "전세실거래년":null,
            "전세실거래가":null,
            "전세가율":null,
            "장기전세가율평균":59.19,
            "전세가율거품지수":null,
            "검색코드":17440,
            "세대수":366.0,
            "준공년월":"2003-12-24",
            "준공년차":20.0,
            "가까운역이름":"운서",
            "가까운역거리":1186.95,
            "역세권여부":"비역세권",
            "30분이내주요거점역":0,
            "1시간이내주요거점역":0,
            "3km이내백화점수":0,
            "5km이내아울렛몰수":0,
            "1km이내대형먀트수":1,
            "500m이내은행수":0,
            "500m이내병원수":0,
            "5km이내대형병원수":0,
            "500m이내공원수":2,
            "3km이내혐오시설수":0,
            "초등학교학업성취도":94.61,
            "중학교학업성취도":88.0,
            "용적률":59,
            "건폐율":24,
            "Y":37.496223,
            "X":126.481003,
            "rank":39.0,
            "area_info":"23평(77.98)",
            "last_sales":"1800-01-01,nan,23평(77.98)"
        },
        {
            "index":160,
            "아파트명":"풍림아이원1단지",
            "투자타입":"일반",
            "전용면적(m2)":"143.6",
            "전용면적(평)":"43평",
            "법정동주소":"인천시 중구 운서동 2745-2",
            "도로명주소":"인천시 중구 신도시북로43번길 11",
            "세대수":0,
            "입주년차":20,
            "용적률점수":"--",
            "건폐율점수":"--",
            "세대당주차수":60,
            "난방방식":100,
            "공급면적":"--",
            "전용률":"--",
            "욕실수":100,
            "현관타입":100,
            "주거총점":43.0,
            "지역구공급총점":0.0,
            "역세권":0,
            "30분내 이동가능 거점":0,
            "1시간내 이동가능 거점":10,
            "교통총점":2.0,
            "백화점":0,
            "아울렛몰":0,
            "대형마트":80,
            "은행":0,
            "병원":0,
            "종합병원":0,
            "공원":100,
            "혐오시설":0,
            "인프라총점":15.0,
            "초등학군":94.61,
            "중학군":53.08,
            "학군총점":61.386,
            "인구수":15.32,
            "인구증감":15.06,
            "인구총점":15.242,
            "일자리":12.9,
            "소득수준":65.02,
            "일자리총점":28.536,
            "가치 총점":23.0079,
            "매매실거래년":20210710.0,
            "매매실거래가":32000.0,
            "전세실거래년":20210925.0,
            "전세실거래가":25000.0,
            "전세가율":78.12,
            "장기전세가율평균":59.19,
            "전세가율거품지수":-18.93,
            "검색코드":9207,
            "세대수":115.0,
            "준공년월":"2002-11-14",
            "준공년차":21.0,
            "가까운역이름":"운서",
            "가까운역거리":1099.14,
            "역세권여부":"비역세권",
            "30분이내주요거점역":0,
            "1시간이내주요거점역":1,
            "3km이내백화점수":0,
            "5km이내아울렛몰수":0,
            "1km이내대형먀트수":1,
            "500m이내은행수":0,
            "500m이내병원수":0,
            "5km이내대형병원수":0,
            "500m이내공원수":5,
            "3km이내혐오시설수":0,
            "초등학교학업성취도":94.61,
            "중학교학업성취도":88.0,
            "용적률":118,
            "건폐율":28,
            "Y":37.499192,
            "X":126.484177,
            "rank":40.0,
            "area_info":"43평(143.6)",
            "last_sales":"2021-07-10,32000.0,43평(143.6)"
        },
        {
            "index":206,
            "아파트명":"영종한신더휴스카이파크",
            "투자타입":"일반",
            "전용면적(m2)":"81.95",
            "전용면적(평)":"24평",
            "법정동주소":"인천시 중구 중산동 1911-2",
            "도로명주소":"인천시 중구 은하수로 229",
            "세대수":50,
            "입주년차":100,
            "용적률점수":"--",
            "건폐율점수":"--",
            "세대당주차수":30,
            "난방방식":30,
            "공급면적":"--",
            "전용률":"--",
            "욕실수":100,
            "현관타입":100,
            "주거총점":65.0,
            "지역구공급총점":0.0,
            "역세권":0,
            "30분내 이동가능 거점":0,
            "1시간내 이동가능 거점":0,
            "교통총점":0.0,
            "백화점":0,
            "아울렛몰":0,
            "대형마트":0,
            "은행":0,
            "병원":0,
            "종합병원":0,
            "공원":100,
            "혐오시설":0,
            "인프라총점":3.0,
            "초등학군":82.22,
            "중학군":49.1,
            "학군총점":55.724,
            "인구수":15.32,
            "인구증감":15.06,
            "인구총점":15.242,
            "일자리":12.9,
            "소득수준":65.02,
            "일자리총점":28.536,
            "가치 총점":22.2586,
            "매매실거래년":20211103.0,
            "매매실거래가":45000.0,
            "전세실거래년":20211202.0,
            "전세실거래가":22800.0,
            "전세가율":58.46,
            "장기전세가율평균":59.19,
            "전세가율거품지수":0.73,
            "검색코드":115520,
            "세대수":562.0,
            "준공년월":"2019-03-20",
            "준공년차":4.0,
            "가까운역이름":"영종",
            "가까운역거리":3703.45,
            "역세권여부":"비역세권",
            "30분이내주요거점역":0,
            "1시간이내주요거점역":0,
            "3km이내백화점수":0,
            "5km이내아울렛몰수":0,
            "1km이내대형먀트수":0,
            "500m이내은행수":0,
            "500m이내병원수":0,
            "5km이내대형병원수":0,
            "500m이내공원수":3,
            "3km이내혐오시설수":0,
            "초등학교학업성취도":82.22,
            "중학교학업성취도":80.9,
            "용적률":181,
            "건폐율":11,
            "Y":37.500694,
            "X":126.563428,
            "rank":41.0,
            "area_info":"24평(81.95), 24평(81.95), 24평(81.95), 24평(82.31), 24평(82.22), 24평(82.31), 24평(82.31), 24평(82.22), 24평(82.22)",
            "last_sales":"2021-11-03,45000.0,24평(82.22)"
        },
        {
            "index":104,
            "아파트명":"e편한세상영종하늘도시",
            "투자타입":"일반",
            "전용면적(m2)":"82.69",
            "전용면적(평)":"25평",
            "법정동주소":"인천시 중구 운남동 1680-2",
            "도로명주소":"인천시 중구 숲쟁이로 12",
            "세대수":50,
            "입주년차":80,
            "용적률점수":"--",
            "건폐율점수":"--",
            "세대당주차수":30,
            "난방방식":30,
            "공급면적":"--",
            "전용률":"--",
            "욕실수":100,
            "현관타입":100,
            "주거총점":61.0,
            "지역구공급총점":0.0,
            "역세권":0,
            "30분내 이동가능 거점":0,
            "1시간내 이동가능 거점":0,
            "교통총점":0.0,
            "백화점":0,
            "아울렛몰":0,
            "대형마트":0,
            "은행":0,
            "병원":0,
            "종합병원":0,
            "공원":100,
            "혐오시설":0,
            "인프라총점":3.0,
            "초등학군":97.86,
            "중학군":49.1,
            "학군총점":58.852,
            "인구수":15.32,
            "인구증감":15.06,
            "인구총점":15.242,
            "일자리":12.9,
            "소득수준":65.02,
            "일자리총점":28.536,
            "가치 총점":21.9278,
            "매매실거래년":20211117.0,
            "매매실거래가":52950.0,
            "전세실거래년":20211231.0,
            "전세실거래가":28000.0,
            "전세가율":78.43,
            "장기전세가율평균":59.19,
            "전세가율거품지수":-19.24,
            "검색코드":114163,
            "세대수":577.0,
            "준공년월":"2018-08-20",
            "준공년차":5.0,
            "가까운역이름":"운서",
            "가까운역거리":2417.54,
            "역세권여부":"비역세권",
            "30분이내주요거점역":0,
            "1시간이내주요거점역":0,
            "3km이내백화점수":0,
            "5km이내아울렛몰수":0,
            "1km이내대형먀트수":0,
            "500m이내은행수":0,
            "500m이내병원수":0,
            "5km이내대형병원수":0,
            "500m이내공원수":4,
            "3km이내혐오시설수":0,
            "초등학교학업성취도":97.86,
            "중학교학업성취도":80.9,
            "용적률":179,
            "건폐율":13,
            "Y":37.478134,
            "X":126.513896,
            "rank":42.0,
            "area_info":"25평(82.69), 25평(82.78), 25평(83.34), 33평(111.71), 33평(111.73), 49평(163.85)",
            "last_sales":"2021-11-17,52950.0,33평(111.73)"
        },
        {
            "index":166,
            "아파트명":"풍림아이원6-1단지",
            "투자타입":"일반",
            "전용면적(m2)":"82.28",
            "전용면적(평)":"24평",
            "법정동주소":"인천시 중구 운서동 2708-1",
            "도로명주소":"인천시 중구 신도시북로 44",
            "세대수":0,
            "입주년차":20,
            "용적률점수":"--",
            "건폐율점수":"--",
            "세대당주차수":0,
            "난방방식":100,
            "공급면적":"--",
            "전용률":"--",
            "욕실수":100,
            "현관타입":100,
            "주거총점":34.0,
            "지역구공급총점":0.0,
            "역세권":0,
            "30분내 이동가능 거점":0,
            "1시간내 이동가능 거점":10,
            "교통총점":2.0,
            "백화점":0,
            "아울렛몰":0,
            "대형마트":80,
            "은행":0,
            "병원":0,
            "종합병원":0,
            "공원":100,
            "혐오시설":0,
            "인프라총점":15.0,
            "초등학군":94.61,
            "중학군":53.08,
            "학군총점":61.386,
            "인구수":15.32,
            "인구증감":15.06,
            "인구총점":15.242,
            "일자리":12.9,
            "소득수준":65.02,
            "일자리총점":28.536,
            "가치 총점":21.2079,
            "매매실거래년":20211215.0,
            "매매실거래가":27000.0,
            "전세실거래년":20220110.0,
            "전세실거래가":13000.0,
            "전세가율":48.15,
            "장기전세가율평균":59.19,
            "전세가율거품지수":11.04,
            "검색코드":11676,
            "세대수":240.0,
            "준공년월":"2003-01-29",
            "준공년차":20.0,
            "가까운역이름":"운서",
            "가까운역거리":1034.02,
            "역세권여부":"비역세권",
            "30분이내주요거점역":0,
            "1시간이내주요거점역":1,
            "3km이내백화점수":0,
            "5km이내아울렛몰수":0,
            "1km이내대형먀트수":1,
            "500m이내은행수":0,
            "500m이내병원수":0,
            "5km이내대형병원수":0,
            "500m이내공원수":5,
            "3km이내혐오시설수":0,
            "초등학교학업성취도":94.61,
            "중학교학업성취도":88.0,
            "용적률":151,
            "건폐율":21,
            "Y":37.499965,
            "X":126.486163,
            "rank":43.0,
            "area_info":"24평(82.28)",
            "last_sales":"2021-12-15,27000.0,24평(82.28)"
        },
        {
            "index":267,
            "아파트명":"라이프2차",
            "투자타입":"재건축",
            "전용면적(m2)":"54.75",
            "전용면적(평)":"16평",
            "법정동주소":"인천시 중구 항동7가 27-107",
            "도로명주소":"인천시 중구 축항대로86번길 47",
            "세대수":80,
            "입주년차":"--",
            "용적률점수":0,
            "건폐율점수":0,
            "세대당주차수":"--",
            "난방방식":"--",
            "공급면적":50,
            "전용률":60,
            "욕실수":"--",
            "현관타입":"--",
            "주거총점":29.5,
            "지역구공급총점":0.0,
            "역세권":0,
            "30분내 이동가능 거점":0,
            "1시간내 이동가능 거점":10,
            "교통총점":2.0,
            "백화점":0,
            "아울렛몰":0,
            "대형마트":0,
            "은행":0,
            "병원":30,
            "종합병원":100,
            "공원":0,
            "혐오시설":0,
            "인프라총점":23.0,
            "초등학군":83.53,
            "중학군":40.0,
            "학군총점":48.706,
            "인구수":15.32,
            "인구증감":15.06,
            "인구총점":15.242,
            "일자리":12.9,
            "소득수준":65.02,
            "일자리총점":28.536,
            "가치 총점":20.8059,
            "매매실거래년":20211211.0,
            "매매실거래가":13200.0,
            "전세실거래년":20211120.0,
            "전세실거래가":9000.0,
            "전세가율":68.18,
            "장기전세가율평균":59.19,
            "전세가율거품지수":-8.99,
            "검색코드":10971,
            "세대수":854.0,
            "준공년월":"1981-10-07",
            "준공년차":42.0,
            "가까운역이름":"신포",
            "가까운역거리":2390.82,
            "역세권여부":"비역세권",
            "30분이내주요거점역":0,
            "1시간이내주요거점역":1,
            "3km이내백화점수":0,
            "5km이내아울렛몰수":0,
            "1km이내대형먀트수":0,
            "500m이내은행수":1,
            "500m이내병원수":5,
            "5km이내대형병원수":4,
            "500m이내공원수":0,
            "3km이내혐오시설수":0,
            "초등학교학업성취도":83.53,
            "중학교학업성취도":64.8,
            "용적률":0,
            "건폐율":0,
            "Y":37.452241,
            "X":126.606484,
            "rank":44.0,
            "area_info":"16평(54.75), 17평(58.18), 17평(59.44), 21평(69.89), 22평(73.09), 22평(74.77), 28평(94.02), 32평(107.24), 37평(124.38), 37평(124.27), 45평(149.0)",
            "last_sales":"2021-12-11,13200.0,16평(54.75)"
        },
        {
            "index":139,
            "아파트명":"영종어울림1차",
            "투자타입":"일반",
            "전용면적(m2)":"113.75",
            "전용면적(평)":"34평",
            "법정동주소":"인천시 중구 운서동 2923",
            "도로명주소":"인천시 중구 운서4로 18",
            "세대수":30,
            "입주년차":60,
            "용적률점수":"--",
            "건폐율점수":"--",
            "세대당주차수":60,
            "난방방식":30,
            "공급면적":"--",
            "전용률":"--",
            "욕실수":100,
            "현관타입":100,
            "주거총점":54.5,
            "지역구공급총점":0.0,
            "역세권":0,
            "30분내 이동가능 거점":0,
            "1시간내 이동가능 거점":0,
            "교통총점":0.0,
            "백화점":0,
            "아울렛몰":0,
            "대형마트":0,
            "은행":0,
            "병원":0,
            "종합병원":0,
            "공원":100,
            "혐오시설":0,
            "인프라총점":3.0,
            "초등학군":97.86,
            "중학군":49.1,
            "학군총점":58.852,
            "인구수":15.32,
            "인구증감":15.06,
            "인구총점":15.242,
            "일자리":12.9,
            "소득수준":65.02,
            "일자리총점":28.536,
            "가치 총점":20.6278,
            "매매실거래년":20211224.0,
            "매매실거래가":33000.0,
            "전세실거래년":20211221.0,
            "전세실거래가":13000.0,
            "전세가율":39.39,
            "장기전세가율평균":59.19,
            "전세가율거품지수":19.8,
            "검색코드":27334,
            "세대수":328.0,
            "준공년월":"2009-02-27",
            "준공년차":14.0,
            "가까운역이름":"운서",
            "가까운역거리":1838.86,
            "역세권여부":"비역세권",
            "30분이내주요거점역":0,
            "1시간이내주요거점역":0,
            "3km이내백화점수":0,
            "5km이내아울렛몰수":0,
            "1km이내대형먀트수":0,
            "500m이내은행수":0,
            "500m이내병원수":0,
            "5km이내대형병원수":0,
            "500m이내공원수":4,
            "3km이내혐오시설수":0,
            "초등학교학업성취도":97.86,
            "중학교학업성취도":80.9,
            "용적률":194,
            "건폐율":16,
            "Y":37.481495,
            "X":126.508877,
            "rank":45.0,
            "area_info":"34평(113.75), 40평(134.02), 47평(157.8)",
            "last_sales":"2021-12-24,33000.0,34평(113.75)"
        },
        {
            "index":278,
            "아파트명":"라이프3차",
            "투자타입":"재건축",
            "전용면적(m2)":"101.01",
            "전용면적(평)":"30평",
            "법정동주소":"인천시 중구 항동7가 27-107",
            "도로명주소":"인천시 중구 축항대로86번길 47",
            "세대수":50,
            "입주년차":"--",
            "용적률점수":0,
            "건폐율점수":0,
            "세대당주차수":"--",
            "난방방식":"--",
            "공급면적":90,
            "전용률":80,
            "욕실수":"--",
            "현관타입":"--",
            "주거총점":23.5,
            "지역구공급총점":0.0,
            "역세권":0,
            "30분내 이동가능 거점":0,
            "1시간내 이동가능 거점":10,
            "교통총점":2.0,
            "백화점":0,
            "아울렛몰":0,
            "대형마트":0,
            "은행":0,
            "병원":30,
            "종합병원":100,
            "공원":0,
            "혐오시설":0,
            "인프라총점":23.0,
            "초등학군":83.53,
            "중학군":40.0,
            "학군총점":48.706,
            "인구수":15.32,
            "인구증감":15.06,
            "인구총점":15.242,
            "일자리":12.9,
            "소득수준":65.02,
            "일자리총점":28.536,
            "가치 총점":19.6059,
            "매매실거래년":20211111.0,
            "매매실거래가":29500.0,
            "전세실거래년":20210612.0,
            "전세실거래가":15000.0,
            "전세가율":60.0,
            "장기전세가율평균":59.19,
            "전세가율거품지수":-0.81,
            "검색코드":10972,
            "세대수":608.0,
            "준공년월":"1990-06-27",
            "준공년차":33.0,
            "가까운역이름":"신포",
            "가까운역거리":2562.76,
            "역세권여부":"비역세권",
            "30분이내주요거점역":0,
            "1시간이내주요거점역":1,
            "3km이내백화점수":0,
            "5km이내아울렛몰수":0,
            "1km이내대형먀트수":0,
            "500m이내은행수":1,
            "500m이내병원수":5,
            "5km이내대형병원수":4,
            "500m이내공원수":0,
            "3km이내혐오시설수":0,
            "초등학교학업성취도":83.53,
            "중학교학업성취도":64.8,
            "용적률":0,
            "건폐율":0,
            "Y":37.451028,
            "X":126.605275,
            "rank":46.0,
            "area_info":"30평(101.01), 30평(102.02), 44평(147.05), 56평(185.17)",
            "last_sales":"2021-11-11,29500.0,44평(147.05)"
        },
        {
            "index":255,
            "아파트명":"라이프1차",
            "투자타입":"재건축",
            "전용면적(m2)":"77.52",
            "전용면적(평)":"23평",
            "법정동주소":"인천시 중구 항동7가 27-107",
            "도로명주소":"인천시 중구 축항대로86번길 47",
            "세대수":50,
            "입주년차":"--",
            "용적률점수":0,
            "건폐율점수":0,
            "세대당주차수":"--",
            "난방방식":"--",
            "공급면적":50,
            "전용률":100,
            "욕실수":"--",
            "현관타입":"--",
            "주거총점":22.5,
            "지역구공급총점":0.0,
            "역세권":0,
            "30분내 이동가능 거점":0,
            "1시간내 이동가능 거점":10,
            "교통총점":2.0,
            "백화점":0,
            "아울렛몰":0,
            "대형마트":0,
            "은행":0,
            "병원":30,
            "종합병원":100,
            "공원":0,
            "혐오시설":0,
            "인프라총점":23.0,
            "초등학군":83.53,
            "중학군":40.0,
            "학군총점":48.706,
            "인구수":15.32,
            "인구증감":15.06,
            "인구총점":15.242,
            "일자리":12.9,
            "소득수준":65.02,
            "일자리총점":28.536,
            "가치 총점":19.4059,
            "매매실거래년":20211210.0,
            "매매실거래가":20900.0,
            "전세실거래년":20210928.0,
            "전세실거래가":10000.0,
            "전세가율":56.5,
            "장기전세가율평균":59.19,
            "전세가율거품지수":2.69,
            "검색코드":10970,
            "세대수":546.0,
            "준공년월":"1980-01-05",
            "준공년차":43.0,
            "가까운역이름":"신포",
            "가까운역거리":2392.12,
            "역세권여부":"비역세권",
            "30분이내주요거점역":0,
            "1시간이내주요거점역":1,
            "3km이내백화점수":0,
            "5km이내아울렛몰수":0,
            "1km이내대형먀트수":0,
            "500m이내은행수":1,
            "500m이내병원수":5,
            "5km이내대형병원수":4,
            "500m이내공원수":0,
            "3km이내혐오시설수":0,
            "초등학교학업성취도":83.53,
            "중학교학업성취도":64.8,
            "용적률":0,
            "건폐율":0,
            "Y":37.452241,
            "X":126.606461,
            "rank":47.0,
            "area_info":"23평(77.52), 23평(77.09), 23평(78.51), 26평(87.96), 27평(90.15), 28평(93.99), 29평(96.8), 32평(107.27), 32평(107.27), 32평(107.27), 36평(121.38), 36평(121.46)",
            "last_sales":"2021-12-10,20900.0,28평(93.99)"
        },
        {
            "index":142,
            "아파트명":"영종어울림2차",
            "투자타입":"일반",
            "전용면적(m2)":"134.79",
            "전용면적(평)":"40평",
            "법정동주소":"인천시 중구 운서동 2924",
            "도로명주소":"인천시 중구 영종대로327번길 12",
            "세대수":0,
            "입주년차":60,
            "용적률점수":"--",
            "건폐율점수":"--",
            "세대당주차수":80,
            "난방방식":30,
            "공급면적":"--",
            "전용률":"--",
            "욕실수":100,
            "현관타입":100,
            "주거총점":47.0,
            "지역구공급총점":0.0,
            "역세권":0,
            "30분내 이동가능 거점":0,
            "1시간내 이동가능 거점":0,
            "교통총점":0.0,
            "백화점":0,
            "아울렛몰":0,
            "대형마트":0,
            "은행":0,
            "병원":0,
            "종합병원":0,
            "공원":100,
            "혐오시설":0,
            "인프라총점":3.0,
            "초등학군":97.86,
            "중학군":49.1,
            "학군총점":58.852,
            "인구수":15.32,
            "인구증감":15.06,
            "인구총점":15.242,
            "일자리":12.9,
            "소득수준":65.02,
            "일자리총점":28.536,
            "가치 총점":19.1278,
            "매매실거래년":20211102.0,
            "매매실거래가":42500.0,
            "전세실거래년":20210713.0,
            "전세실거래가":18900.0,
            "전세가율":44.47,
            "장기전세가율평균":59.19,
            "전세가율거품지수":14.72,
            "검색코드":27804,
            "세대수":160.0,
            "준공년월":"2009-09-29",
            "준공년차":14.0,
            "가까운역이름":"운서",
            "가까운역거리":1779.42,
            "역세권여부":"비역세권",
            "30분이내주요거점역":0,
            "1시간이내주요거점역":0,
            "3km이내백화점수":0,
            "5km이내아울렛몰수":0,
            "1km이내대형먀트수":0,
            "500m이내은행수":0,
            "500m이내병원수":0,
            "5km이내대형병원수":0,
            "500m이내공원수":4,
            "3km이내혐오시설수":0,
            "초등학교학업성취도":97.86,
            "중학교학업성취도":80.9,
            "용적률":199,
            "건폐율":24,
            "Y":37.482361,
            "X":126.508962,
            "rank":48.0,
            "area_info":"40평(134.79), 53평(177.23)",
            "last_sales":"2021-11-02,42500.0,40평(134.79)"
        },
        {
            "index":129,
            "아파트명":"동원베네스트영종",
            "투자타입":"일반",
            "전용면적(m2)":"151.8",
            "전용면적(평)":"45평",
            "법정동주소":"인천시 중구 운서동 2745-1",
            "도로명주소":"인천시 중구 신도시북로43번길 27",
            "세대수":0,
            "입주년차":40,
            "용적률점수":"--",
            "건폐율점수":"--",
            "세대당주차수":80,
            "난방방식":30,
            "공급면적":"--",
            "전용률":"--",
            "욕실수":100,
            "현관타입":100,
            "주거총점":43.0,
            "지역구공급총점":0.0,
            "역세권":0,
            "30분내 이동가능 거점":0,
            "1시간내 이동가능 거점":0,
            "교통총점":0.0,
            "백화점":0,
            "아울렛몰":0,
            "대형마트":0,
            "은행":0,
            "병원":0,
            "종합병원":0,
            "공원":100,
            "혐오시설":0,
            "인프라총점":3.0,
            "초등학군":94.61,
            "중학군":53.08,
            "학군총점":61.386,
            "인구수":15.32,
            "인구증감":15.06,
            "인구총점":15.242,
            "일자리":12.9,
            "소득수준":65.02,
            "일자리총점":28.536,
            "가치 총점":18.7079,
            "매매실거래년":"18000101",
            "매매실거래가":null,
            "전세실거래년":null,
            "전세실거래가":null,
            "전세가율":null,
            "장기전세가율평균":59.19,
            "전세가율거품지수":null,
            "검색코드":26401,
            "세대수":148.0,
            "준공년월":"2008-02-15",
            "준공년차":15.0,
            "가까운역이름":"운서",
            "가까운역거리":1232.29,
            "역세권여부":"비역세권",
            "30분이내주요거점역":0,
            "1시간이내주요거점역":0,
            "3km이내백화점수":0,
            "5km이내아울렛몰수":0,
            "1km이내대형먀트수":0,
            "500m이내은행수":0,
            "500m이내병원수":0,
            "5km이내대형병원수":0,
            "500m이내공원수":3,
            "3km이내혐오시설수":0,
            "초등학교학업성취도":94.61,
            "중학교학업성취도":88.0,
            "용적률":59,
            "건폐율":23,
            "Y":37.499231,
            "X":126.482322,
            "rank":49.0,
            "area_info":"45평(151.8), 45평(151.31), 53평(175.31), 53평(175.22), 58평(191.86), 57평(191.61), 67평(222.12), 68평(225.23)",
            "last_sales":"1800-01-01,nan,45평(151.8)"
        },
        {
            "index":157,
            "아파트명":"창보밀레시티1-2차",
            "투자타입":"일반",
            "전용면적(m2)":"104.78",
            "전용면적(평)":"31평",
            "법정동주소":"인천시 중구 운서동 2744-4",
            "도로명주소":"인천시 중구 신도시북로43번길 32",
            "세대수":0,
            "입주년차":20,
            "용적률점수":"--",
            "건폐율점수":"--",
            "세대당주차수":30,
            "난방방식":100,
            "공급면적":"--",
            "전용률":"--",
            "욕실수":100,
            "현관타입":100,
            "주거총점":38.5,
            "지역구공급총점":0.0,
            "역세권":0,
            "30분내 이동가능 거점":0,
            "1시간내 이동가능 거점":10,
            "교통총점":2.0,
            "백화점":0,
            "아울렛몰":0,
            "대형마트":0,
            "은행":0,
            "병원":0,
            "종합병원":0,
            "공원":100,
            "혐오시설":0,
            "인프라총점":3.0,
            "초등학군":94.61,
            "중학군":53.08,
            "학군총점":61.386,
            "인구수":15.32,
            "인구증감":15.06,
            "인구총점":15.242,
            "일자리":12.9,
            "소득수준":65.02,
            "일자리총점":28.536,
            "가치 총점":18.5079,
            "매매실거래년":"18000101",
            "매매실거래가":null,
            "전세실거래년":null,
            "전세실거래가":null,
            "전세가율":null,
            "장기전세가율평균":59.19,
            "전세가율거품지수":null,
            "검색코드":102223,
            "세대수":112.0,
            "준공년월":"2003-08-22",
            "준공년차":20.0,
            "가까운역이름":"운서",
            "가까운역거리":1203.93,
            "역세권여부":"비역세권",
            "30분이내주요거점역":0,
            "1시간이내주요거점역":1,
            "3km이내백화점수":0,
            "5km이내아울렛몰수":0,
            "1km이내대형먀트수":0,
            "500m이내은행수":0,
            "500m이내병원수":0,
            "5km이내대형병원수":0,
            "500m이내공원수":4,
            "3km이내혐오시설수":0,
            "초등학교학업성취도":94.61,
            "중학교학업성취도":88.0,
            "용적률":59,
            "건폐율":24,
            "Y":37.500478,
            "X":126.484038,
            "rank":50.0,
            "area_info":"31평(104.78)",
            "last_sales":"1800-01-01,nan,31평(104.78)"
        },
        {
            "index":102,
            "아파트명":"항운",
            "투자타입":"재건축",
            "전용면적(m2)":"49.4",
            "전용면적(평)":"14평",
            "법정동주소":"인천시 중구 신흥동3가 53-4",
            "도로명주소":"인천시 중구 서해대로 220",
            "세대수":50,
            "입주년차":"--",
            "용적률점수":0,
            "건폐율점수":0,
            "세대당주차수":"--",
            "난방방식":"--",
            "공급면적":50,
            "전용률":100,
            "욕실수":"--",
            "현관타입":"--",
            "주거총점":22.5,
            "지역구공급총점":0.0,
            "역세권":0,
            "30분내 이동가능 거점":0,
            "1시간내 이동가능 거점":10,
            "교통총점":2.0,
            "백화점":0,
            "아울렛몰":0,
            "대형마트":0,
            "은행":0,
            "병원":0,
            "종합병원":100,
            "공원":0,
            "혐오시설":0,
            "인프라총점":20.0,
            "초등학군":75.71,
            "중학군":40.0,
            "학군총점":47.142,
            "인구수":15.32,
            "인구증감":15.06,
            "인구총점":15.242,
            "일자리":12.9,
            "소득수준":65.02,
            "일자리총점":28.536,
            "가치 총점":18.2713,
            "매매실거래년":20211201.0,
            "매매실거래가":27500.0,
            "전세실거래년":20210825.0,
            "전세실거래가":1700.0,
            "전세가율":6.18,
            "장기전세가율평균":59.19,
            "전세가율거품지수":53.01,
            "검색코드":100560,
            "세대수":480.0,
            "준공년월":"1982-12-14",
            "준공년차":41.0,
            "가까운역이름":"숭의",
            "가까운역거리":1940.45,
            "역세권여부":"비역세권",
            "30분이내주요거점역":0,
            "1시간이내주요거점역":1,
            "3km이내백화점수":0,
            "5km이내아울렛몰수":0,
            "1km이내대형먀트수":0,
            "500m이내은행수":0,
            "500m이내병원수":0,
            "5km이내대형병원수":4,
            "500m이내공원수":0,
            "3km이내혐오시설수":0,
            "초등학교학업성취도":75.71,
            "중학교학업성취도":64.8,
            "용적률":257,
            "건폐율":0,
            "Y":37.447306,
            "X":126.624341,
            "rank":51.0,
            "area_info":"14평(49.4), 17평(58.44)",
            "last_sales":"2021-12-01,27500.0,14평(49.4)"
        },
        {
            "index":158,
            "아파트명":"창보밀레시티1-3차",
            "투자타입":"일반",
            "전용면적(m2)":"104.65",
            "전용면적(평)":"31평",
            "법정동주소":"인천시 중구 운서동 2747-6",
            "도로명주소":"인천시 중구 영종대로27번길 39",
            "세대수":0,
            "입주년차":20,
            "용적률점수":"--",
            "건폐율점수":"--",
            "세대당주차수":30,
            "난방방식":100,
            "공급면적":"--",
            "전용률":"--",
            "욕실수":100,
            "현관타입":100,
            "주거총점":38.5,
            "지역구공급총점":0.0,
            "역세권":0,
            "30분내 이동가능 거점":0,
            "1시간내 이동가능 거점":0,
            "교통총점":0.0,
            "백화점":0,
            "아울렛몰":0,
            "대형마트":0,
            "은행":0,
            "병원":0,
            "종합병원":0,
            "공원":100,
            "혐오시설":0,
            "인프라총점":3.0,
            "초등학군":94.61,
            "중학군":53.08,
            "학군총점":61.386,
            "인구수":15.32,
            "인구증감":15.06,
            "인구총점":15.242,
            "일자리":12.9,
            "소득수준":65.02,
            "일자리총점":28.536,
            "가치 총점":17.8079,
            "매매실거래년":"18000101",
            "매매실거래가":null,
            "전세실거래년":null,
            "전세실거래가":null,
            "전세가율":null,
            "장기전세가율평균":59.19,
            "전세가율거품지수":null,
            "검색코드":102224,
            "세대수":198.0,
            "준공년월":"2003-08-22",
            "준공년차":20.0,
            "가까운역이름":"운서",
            "가까운역거리":1221.12,
            "역세권여부":"비역세권",
            "30분이내주요거점역":0,
            "1시간이내주요거점역":0,
            "3km이내백화점수":0,
            "5km이내아울렛몰수":0,
            "1km이내대형먀트수":0,
            "500m이내은행수":0,
            "500m이내병원수":0,
            "5km이내대형병원수":0,
            "500m이내공원수":2,
            "3km이내혐오시설수":0,
            "초등학교학업성취도":94.61,
            "중학교학업성취도":88.0,
            "용적률":59,
            "건폐율":24,
            "Y":37.497568,
            "X":126.481259,
            "rank":52.0,
            "area_info":"31평(104.65)",
            "last_sales":"1800-01-01,nan,31평(104.65)"
        },
        {
            "index":162,
            "아파트명":"풍림아이원2차",
            "투자타입":"일반",
            "전용면적(m2)":"63.57",
            "전용면적(평)":"19평",
            "법정동주소":"인천시 중구 운서동 2744-1",
            "도로명주소":"인천시 중구 신도시북로43번길 12",
            "세대수":30,
            "입주년차":20,
            "용적률점수":"--",
            "건폐율점수":"--",
            "세대당주차수":0,
            "난방방식":100,
            "공급면적":"--",
            "전용률":"--",
            "욕실수":50,
            "현관타입":50,
            "주거총점":34.5,
            "지역구공급총점":0.0,
            "역세권":0,
            "30분내 이동가능 거점":0,
            "1시간내 이동가능 거점":10,
            "교통총점":2.0,
            "백화점":0,
            "아울렛몰":0,
            "대형마트":0,
            "은행":0,
            "병원":0,
            "종합병원":0,
            "공원":100,
            "혐오시설":0,
            "인프라총점":3.0,
            "초등학군":94.61,
            "중학군":53.08,
            "학군총점":61.386,
            "인구수":15.32,
            "인구증감":15.06,
            "인구총점":15.242,
            "일자리":12.9,
            "소득수준":65.02,
            "일자리총점":28.536,
            "가치 총점":17.7079,
            "매매실거래년":20211215.0,
            "매매실거래가":29000.0,
            "전세실거래년":null,
            "전세실거래가":null,
            "전세가율":null,
            "장기전세가율평균":59.19,
            "전세가율거품지수":null,
            "검색코드":102359,
            "세대수":388.0,
            "준공년월":"2002-11-14",
            "준공년차":21.0,
            "가까운역이름":"운서",
            "가까운역거리":1141.79,
            "역세권여부":"비역세권",
            "30분이내주요거점역":0,
            "1시간이내주요거점역":1,
            "3km이내백화점수":0,
            "5km이내아울렛몰수":0,
            "1km이내대형먀트수":0,
            "500m이내은행수":0,
            "500m이내병원수":0,
            "5km이내대형병원수":0,
            "500m이내공원수":5,
            "3km이내혐오시설수":0,
            "초등학교학업성취도":94.61,
            "중학교학업성취도":88.0,
            "용적률":116,
            "건폐율":27,
            "Y":37.500107,
            "X":126.484566,
            "rank":53.0,
            "area_info":"19평(63.57), 22평(73.54), 28평(94.57), 32평(106.58)",
            "last_sales":"2021-12-15,29000.0,32평(106.58)"
        },
        {
            "index":156,
            "아파트명":"창보밀레시티1-1차",
            "투자타입":"일반",
            "전용면적(m2)":"78.25",
            "전용면적(평)":"23평",
            "법정동주소":"인천시 중구 운서동 2743-5",
            "도로명주소":"인천시 중구 신도시북로43번길 73",
            "세대수":0,
            "입주년차":20,
            "용적률점수":"--",
            "건폐율점수":"--",
            "세대당주차수":0,
            "난방방식":100,
            "공급면적":"--",
            "전용률":"--",
            "욕실수":100,
            "현관타입":100,
            "주거총점":34.0,
            "지역구공급총점":0.0,
            "역세권":0,
            "30분내 이동가능 거점":0,
            "1시간내 이동가능 거점":0,
            "교통총점":0.0,
            "백화점":0,
            "아울렛몰":0,
            "대형마트":0,
            "은행":0,
            "병원":0,
            "종합병원":0,
            "공원":100,
            "혐오시설":0,
            "인프라총점":3.0,
            "초등학군":94.61,
            "중학군":53.08,
            "학군총점":61.386,
            "인구수":15.32,
            "인구증감":15.06,
            "인구총점":15.242,
            "일자리":12.9,
            "소득수준":65.02,
            "일자리총점":28.536,
            "가치 총점":16.9079,
            "매매실거래년":"18000101",
            "매매실거래가":null,
            "전세실거래년":null,
            "전세실거래가":null,
            "전세가율":null,
            "장기전세가율평균":59.19,
            "전세가율거품지수":null,
            "검색코드":10394,
            "세대수":110.0,
            "준공년월":"2003-08-22",
            "준공년차":20.0,
            "가까운역이름":"운서",
            "가까운역거리":1222.58,
            "역세권여부":"비역세권",
            "30분이내주요거점역":0,
            "1시간이내주요거점역":0,
            "3km이내백화점수":0,
            "5km이내아울렛몰수":0,
            "1km이내대형먀트수":0,
            "500m이내은행수":0,
            "500m이내병원수":0,
            "5km이내대형병원수":0,
            "500m이내공원수":3,
            "3km이내혐오시설수":0,
            "초등학교학업성취도":94.61,
            "중학교학업성취도":88.0,
            "용적률":59,
            "건폐율":24,
            "Y":37.502536,
            "X":126.487107,
            "rank":54.0,
            "area_info":"23평(78.25)",
            "last_sales":"1800-01-01,nan,23평(78.25)"
        }
    ]
}