{
    "schema":{
        "fields":[
            {
                "name":"index",
                "type":"integer"
            },
            {
                "name":"아파트명",
                "type":"string"
            },
            {
                "name":"투자타입",
                "type":"string"
            },
            {
                "name":"전용면적(m2)",
                "type":"string"
            },
            {
                "name":"전용면적(평)",
                "type":"string"
            },
            {
                "name":"법정동주소",
                "type":"string"
            },
            {
                "name":"도로명주소",
                "type":"string"
            },
            {
                "name":"세대수",
                "type":"integer"
            },
            {
                "name":"입주년차",
                "type":"string"
            },
            {
                "name":"용적률점수",
                "type":"string"
            },
            {
                "name":"건폐율점수",
                "type":"string"
            },
            {
                "name":"세대당주차수",
                "type":"string"
            },
            {
                "name":"난방방식",
                "type":"string"
            },
            {
                "name":"공급면적",
                "type":"string"
            },
            {
                "name":"전용률",
                "type":"string"
            },
            {
                "name":"욕실수",
                "type":"string"
            },
            {
                "name":"현관타입",
                "type":"string"
            },
            {
                "name":"주거총점",
                "type":"number"
            },
            {
                "name":"지역구공급총점",
                "type":"number"
            },
            {
                "name":"역세권",
                "type":"integer"
            },
            {
                "name":"30분내 이동가능 거점",
                "type":"integer"
            },
            {
                "name":"1시간내 이동가능 거점",
                "type":"integer"
            },
            {
                "name":"교통총점",
                "type":"number"
            },
            {
                "name":"백화점",
                "type":"integer"
            },
            {
                "name":"아울렛몰",
                "type":"integer"
            },
            {
                "name":"대형마트",
                "type":"integer"
            },
            {
                "name":"은행",
                "type":"integer"
            },
            {
                "name":"병원",
                "type":"integer"
            },
            {
                "name":"종합병원",
                "type":"integer"
            },
            {
                "name":"공원",
                "type":"integer"
            },
            {
                "name":"혐오시설",
                "type":"integer"
            },
            {
                "name":"인프라총점",
                "type":"number"
            },
            {
                "name":"초등학군",
                "type":"number"
            },
            {
                "name":"중학군",
                "type":"number"
            },
            {
                "name":"학군총점",
                "type":"number"
            },
            {
                "name":"인구수",
                "type":"number"
            },
            {
                "name":"인구증감",
                "type":"number"
            },
            {
                "name":"인구총점",
                "type":"number"
            },
            {
                "name":"일자리",
                "type":"number"
            },
            {
                "name":"소득수준",
                "type":"number"
            },
            {
                "name":"일자리총점",
                "type":"number"
            },
            {
                "name":"가치 총점",
                "type":"number"
            },
            {
                "name":"매매실거래년",
                "type":"string"
            },
            {
                "name":"매매실거래가",
                "type":"number"
            },
            {
                "name":"전세실거래년",
                "type":"number"
            },
            {
                "name":"전세실거래가",
                "type":"number"
            },
            {
                "name":"전세가율",
                "type":"number"
            },
            {
                "name":"장기전세가율평균",
                "type":"number"
            },
            {
                "name":"전세가율거품지수",
                "type":"number"
            },
            {
                "name":"검색코드",
                "type":"integer"
            },
            {
                "name":"세대수",
                "type":"number"
            },
            {
                "name":"준공년월",
                "type":"string"
            },
            {
                "name":"준공년차",
                "type":"number"
            },
            {
                "name":"가까운역이름",
                "type":"string"
            },
            {
                "name":"가까운역거리",
                "type":"number"
            },
            {
                "name":"역세권여부",
                "type":"string"
            },
            {
                "name":"30분이내주요거점역",
                "type":"integer"
            },
            {
                "name":"1시간이내주요거점역",
                "type":"integer"
            },
            {
                "name":"3km이내백화점수",
                "type":"integer"
            },
            {
                "name":"5km이내아울렛몰수",
                "type":"integer"
            },
            {
                "name":"1km이내대형먀트수",
                "type":"integer"
            },
            {
                "name":"500m이내은행수",
                "type":"integer"
            },
            {
                "name":"500m이내병원수",
                "type":"integer"
            },
            {
                "name":"5km이내대형병원수",
                "type":"integer"
            },
            {
                "name":"500m이내공원수",
                "type":"integer"
            },
            {
                "name":"3km이내혐오시설수",
                "type":"integer"
            },
            {
                "name":"초등학교학업성취도",
                "type":"number"
            },
            {
                "name":"중학교학업성취도",
                "type":"number"
            },
            {
                "name":"용적률",
                "type":"integer"
            },
            {
                "name":"건폐율",
                "type":"integer"
            },
            {
                "name":"Y",
                "type":"number"
            },
            {
                "name":"X",
                "type":"number"
            },
            {
                "name":"rank",
                "type":"number"
            },
            {
                "name":"area_info",
                "type":"string"
            },
            {
                "name":"last_sales",
                "type":"string"
            }
        ],
        "primaryKey":[
            "index"
        ],
        "pandas_version":"1.4.0"
    },
    "data":[
        {
            "index":47,
            "아파트명":"대동(477-1)",
            "투자타입":"재건축",
            "전용면적(m2)":"53.25",
            "전용면적(평)":"16평",
            "법정동주소":"인천시 부평구 부개동 477-1",
            "도로명주소":"인천시 부평구 길주로 640",
            "세대수":80,
            "입주년차":"--",
            "용적률점수":100,
            "건폐율점수":80,
            "세대당주차수":"--",
            "난방방식":"--",
            "공급면적":50,
            "전용률":60,
            "욕실수":"--",
            "현관타입":"--",
            "주거총점":85.5,
            "지역구공급총점":0.0,
            "역세권":80,
            "30분내 이동가능 거점":0,
            "1시간내 이동가능 거점":40,
            "교통총점":48.0,
            "백화점":100,
            "아울렛몰":0,
            "대형마트":100,
            "은행":20,
            "병원":80,
            "종합병원":100,
            "공원":100,
            "혐오시설":0,
            "인프라총점":78.0,
            "초등학군":87.78,
            "중학군":44.06,
            "학군총점":52.804,
            "인구수":57.89,
            "인구증감":-13.43,
            "인구총점":36.494,
            "일자리":18.4,
            "소득수준":62.21,
            "일자리총점":31.543,
            "가치 총점":65.2206,
            "매매실거래년":20210929.0,
            "매매실거래가":51000.0,
            "전세실거래년":20211124.0,
            "전세실거래가":10000.0,
            "전세가율":25.32,
            "장기전세가율평균":72.96,
            "전세가율거품지수":47.64,
            "검색코드":2328,
            "세대수":708.0,
            "준공년월":"1988-10-29",
            "준공년차":35.0,
            "가까운역이름":"굴포천",
            "가까운역거리":270.81,
            "역세권여부":"역세권",
            "30분이내주요거점역":0,
            "1시간이내주요거점역":4,
            "3km이내백화점수":1,
            "5km이내아울렛몰수":0,
            "1km이내대형먀트수":2,
            "500m이내은행수":2,
            "500m이내병원수":46,
            "5km이내대형병원수":8,
            "500m이내공원수":5,
            "3km이내혐오시설수":0,
            "초등학교학업성취도":87.78,
            "중학교학업성취도":73.1,
            "용적률":117,
            "건폐율":20,
            "Y":37.506,
            "X":126.734081,
            "rank":1.0,
            "area_info":"16평(53.25), 17평(56.59), 16평(56.19), 18평(59.93), 18평(61.8), 18평(62.4), 19평(65.5), 20평(68.88), 21평(72.7)",
            "last_sales":"2021-09-29,51000.0,21평(72.7)"
        },
        {
            "index":540,
            "아파트명":"삼산타운7단지주공",
            "투자타입":"일반",
            "전용면적(m2)":"106.56",
            "전용면적(평)":"32평",
            "법정동주소":"인천시 부평구 삼산동 453-1",
            "도로명주소":"인천시 부평구 체육관로 27",
            "세대수":90,
            "입주년차":40,
            "용적률점수":"--",
            "건폐율점수":"--",
            "세대당주차수":30,
            "난방방식":100,
            "공급면적":"--",
            "전용률":"--",
            "욕실수":100,
            "현관타입":100,
            "주거총점":74.0,
            "지역구공급총점":0.0,
            "역세권":80,
            "30분내 이동가능 거점":0,
            "1시간내 이동가능 거점":50,
            "교통총점":50.0,
            "백화점":100,
            "아울렛몰":0,
            "대형마트":100,
            "은행":20,
            "병원":80,
            "종합병원":100,
            "공원":100,
            "혐오시설":0,
            "인프라총점":78.0,
            "초등학군":92.67,
            "중학군":53.22,
            "학군총점":61.11,
            "인구수":57.89,
            "인구증감":-13.43,
            "인구총점":36.494,
            "일자리":18.4,
            "소득수준":62.21,
            "일자리총점":31.543,
            "가치 총점":64.8665,
            "매매실거래년":20211225.0,
            "매매실거래가":69000.0,
            "전세실거래년":20220118.0,
            "전세실거래가":39400.0,
            "전세가율":57.1,
            "장기전세가율평균":72.96,
            "전세가율거품지수":15.86,
            "검색코드":10415,
            "세대수":1314.0,
            "준공년월":"2004-08-17",
            "준공년차":19.0,
            "가까운역이름":"굴포천",
            "가까운역거리":432.41,
            "역세권여부":"역세권",
            "30분이내주요거점역":0,
            "1시간이내주요거점역":5,
            "3km이내백화점수":1,
            "5km이내아울렛몰수":0,
            "1km이내대형먀트수":2,
            "500m이내은행수":2,
            "500m이내병원수":35,
            "5km이내대형병원수":8,
            "500m이내공원수":5,
            "3km이내혐오시설수":0,
            "초등학교학업성취도":92.67,
            "중학교학업성취도":86.3,
            "용적률":201,
            "건폐율":13,
            "Y":37.509897,
            "X":126.734546,
            "rank":2.0,
            "area_info":"32평(106.56), 32평(107.69)",
            "last_sales":"2021-12-25,69000.0,32평(106.56)"
        },
        {
            "index":538,
            "아파트명":"삼산타운6단지주공",
            "투자타입":"일반",
            "전용면적(m2)":"106.05",
            "전용면적(평)":"32평",
            "법정동주소":"인천시 부평구 삼산동 454-13",
            "도로명주소":"인천시 부평구 체육관로 57",
            "세대수":80,
            "입주년차":40,
            "용적률점수":"--",
            "건폐율점수":"--",
            "세대당주차수":30,
            "난방방식":100,
            "공급면적":"--",
            "전용률":"--",
            "욕실수":100,
            "현관타입":100,
            "주거총점":70.5,
            "지역구공급총점":0.0,
            "역세권":80,
            "30분내 이동가능 거점":0,
            "1시간내 이동가능 거점":50,
            "교통총점":50.0,
            "백화점":100,
            "아울렛몰":0,
            "대형마트":100,
            "은행":0,
            "병원":60,
            "종합병원":100,
            "공원":100,
            "혐오시설":0,
            "인프라총점":74.0,
            "초등학군":92.67,
            "중학군":53.22,
            "학군총점":61.11,
            "인구수":57.89,
            "인구증감":-13.43,
            "인구총점":36.494,
            "일자리":18.4,
            "소득수준":62.21,
            "일자리총점":31.543,
            "가치 총점":62.9665,
            "매매실거래년":20220107.0,
            "매매실거래가":70000.0,
            "전세실거래년":20210928.0,
            "전세실거래가":40400.0,
            "전세가율":50.19,
            "장기전세가율평균":72.96,
            "전세가율거품지수":22.77,
            "검색코드":10414,
            "세대수":784.0,
            "준공년월":"2004-08-04",
            "준공년차":19.0,
            "가까운역이름":"삼산체육관",
            "가까운역거리":479.19,
            "역세권여부":"역세권",
            "30분이내주요거점역":0,
            "1시간이내주요거점역":5,
            "3km이내백화점수":1,
            "5km이내아울렛몰수":0,
            "1km이내대형먀트수":2,
            "500m이내은행수":1,
            "500m이내병원수":26,
            "5km이내대형병원수":8,
            "500m이내공원수":7,
            "3km이내혐오시설수":0,
            "초등학교학업성취도":92.67,
            "중학교학업성취도":86.3,
            "용적률":201,
            "건폐율":14,
            "Y":37.509268,
            "X":126.738086,
            "rank":3.0,
            "area_info":"32평(106.05), 32평(107.17)",
            "last_sales":"2022-01-07,70000.0,32평(107.17)"
        },
        {
            "index":137,
            "아파트명":"상우신명보람",
            "투자타입":"일반",
            "전용면적(m2)":"137.21",
            "전용면적(평)":"41평",
            "법정동주소":"인천시 부평구 부개동 497-1",
            "도로명주소":"인천시 부평구 길주남로 175",
            "세대수":50,
            "입주년차":0,
            "용적률점수":"--",
            "건폐율점수":"--",
            "세대당주차수":60,
            "난방방식":100,
            "공급면적":"--",
            "전용률":"--",
            "욕실수":100,
            "현관타입":100,
            "주거총점":56.5,
            "지역구공급총점":0.0,
            "역세권":80,
            "30분내 이동가능 거점":20,
            "1시간내 이동가능 거점":50,
            "교통총점":56.0,
            "백화점":100,
            "아울렛몰":0,
            "대형마트":80,
            "은행":0,
            "병원":60,
            "종합병원":100,
            "공원":100,
            "혐오시설":0,
            "인프라총점":71.0,
            "초등학군":87.78,
            "중학군":55.1,
            "학군총점":61.636,
            "인구수":57.89,
            "인구증감":-13.43,
            "인구총점":36.494,
            "일자리":18.4,
            "소득수준":62.21,
            "일자리총점":31.543,
            "가치 총점":61.4454,
            "매매실거래년":20211106.0,
            "매매실거래가":75500.0,
            "전세실거래년":20211227.0,
            "전세실거래가":42000.0,
            "전세가율":55.63,
            "장기전세가율평균":72.96,
            "전세가율거품지수":17.33,
            "검색코드":8260,
            "세대수":576.0,
            "준공년월":"1998-07-31",
            "준공년차":25.0,
            "가까운역이름":"삼산체육관",
            "가까운역거리":221.44,
            "역세권여부":"역세권",
            "30분이내주요거점역":1,
            "1시간이내주요거점역":5,
            "3km이내백화점수":1,
            "5km이내아울렛몰수":0,
            "1km이내대형먀트수":1,
            "500m이내은행수":0,
            "500m이내병원수":13,
            "5km이내대형병원수":9,
            "500m이내공원수":7,
            "3km이내혐오시설수":0,
            "초등학교학업성취도":87.78,
            "중학교학업성취도":89.3,
            "용적률":249,
            "건폐율":21,
            "Y":37.504729,
            "X":126.740809,
            "rank":4.0,
            "area_info":"41평(137.21)",
            "last_sales":"2021-11-06,75500.0,41평(137.21)"
        },
        {
            "index":61,
            "아파트명":"동아",
            "투자타입":"재건축",
            "전용면적(m2)":"47.35",
            "전용면적(평)":"14평",
            "법정동주소":"인천시 부평구 부개동 477-5",
            "도로명주소":"인천시 부평구 길주남로113번길 12",
            "세대수":30,
            "입주년차":"--",
            "용적률점수":80,
            "건폐율점수":80,
            "세대당주차수":"--",
            "난방방식":"--",
            "공급면적":50,
            "전용률":60,
            "욕실수":"--",
            "현관타입":"--",
            "주거총점":62.5,
            "지역구공급총점":0.0,
            "역세권":80,
            "30분내 이동가능 거점":0,
            "1시간내 이동가능 거점":40,
            "교통총점":48.0,
            "백화점":100,
            "아울렛몰":0,
            "대형마트":100,
            "은행":20,
            "병원":80,
            "종합병원":100,
            "공원":100,
            "혐오시설":0,
            "인프라총점":78.0,
            "초등학군":87.78,
            "중학군":44.06,
            "학군총점":52.804,
            "인구수":57.89,
            "인구증감":-13.43,
            "인구총점":36.494,
            "일자리":18.4,
            "소득수준":62.21,
            "일자리총점":31.543,
            "가치 총점":60.6206,
            "매매실거래년":20211009.0,
            "매매실거래가":42800.0,
            "전세실거래년":20210908.0,
            "전세실거래가":12000.0,
            "전세가율":52.17,
            "장기전세가율평균":72.96,
            "전세가율거품지수":20.79,
            "검색코드":7981,
            "세대수":384.0,
            "준공년월":"1988-10-15",
            "준공년차":35.0,
            "가까운역이름":"굴포천",
            "가까운역거리":353.0,
            "역세권여부":"역세권",
            "30분이내주요거점역":0,
            "1시간이내주요거점역":4,
            "3km이내백화점수":1,
            "5km이내아울렛몰수":0,
            "1km이내대형먀트수":2,
            "500m이내은행수":2,
            "500m이내병원수":55,
            "5km이내대형병원수":8,
            "500m이내공원수":5,
            "3km이내혐오시설수":0,
            "초등학교학업성취도":87.78,
            "중학교학업성취도":73.1,
            "용적률":167,
            "건폐율":28,
            "Y":37.505176,
            "X":126.734558,
            "rank":5.0,
            "area_info":"14평(47.35), 15평(50.29), 18평(60.16), 22평(75.73)",
            "last_sales":"2021-10-09,42800.0,18평(60.16)"
        },
        {
            "index":146,
            "아파트명":"욱일",
            "투자타입":"재건축",
            "전용면적(m2)":"65.31",
            "전용면적(평)":"19평",
            "법정동주소":"인천시 부평구 부개동 477",
            "도로명주소":"인천시 부평구 장제로 234",
            "세대수":50,
            "입주년차":"--",
            "용적률점수":60,
            "건폐율점수":60,
            "세대당주차수":"--",
            "난방방식":"--",
            "공급면적":50,
            "전용률":60,
            "욕실수":"--",
            "현관타입":"--",
            "주거총점":56.5,
            "지역구공급총점":0.0,
            "역세권":80,
            "30분내 이동가능 거점":0,
            "1시간내 이동가능 거점":50,
            "교통총점":50.0,
            "백화점":100,
            "아울렛몰":0,
            "대형마트":100,
            "은행":20,
            "병원":80,
            "종합병원":100,
            "공원":100,
            "혐오시설":0,
            "인프라총점":78.0,
            "초등학군":82.76,
            "중학군":43.72,
            "학군총점":51.528,
            "인구수":57.89,
            "인구증감":-13.43,
            "인구총점":36.494,
            "일자리":18.4,
            "소득수준":62.21,
            "일자리총점":31.543,
            "가치 총점":59.9292,
            "매매실거래년":20210922.0,
            "매매실거래가":46000.0,
            "전세실거래년":20220118.0,
            "전세실거래가":16000.0,
            "전세가율":34.78,
            "장기전세가율평균":72.96,
            "전세가율거품지수":38.18,
            "검색코드":7985,
            "세대수":468.0,
            "준공년월":"1988-10-29",
            "준공년차":35.0,
            "가까운역이름":"굴포천",
            "가까운역거리":119.23,
            "역세권여부":"역세권",
            "30분이내주요거점역":0,
            "1시간이내주요거점역":5,
            "3km이내백화점수":1,
            "5km이내아울렛몰수":0,
            "1km이내대형먀트수":2,
            "500m이내은행수":2,
            "500m이내병원수":46,
            "5km이내대형병원수":8,
            "500m이내공원수":4,
            "3km이내혐오시설수":0,
            "초등학교학업성취도":82.76,
            "중학교학업성취도":71.0,
            "용적률":196,
            "건폐율":34,
            "Y":37.50646,
            "X":126.73245,
            "rank":6.0,
            "area_info":"19평(65.31)",
            "last_sales":"2021-09-22,46000.0,19평(65.31)"
        },
        {
            "index":213,
            "아파트명":"부평동아1단지",
            "투자타입":"재건축",
            "전용면적(m2)":"72.4",
            "전용면적(평)":"21평",
            "법정동주소":"인천시 부평구 부평동 70-5",
            "도로명주소":"인천시 부평구 부평문화로 37",
            "세대수":100,
            "입주년차":"--",
            "용적률점수":60,
            "건폐율점수":100,
            "세대당주차수":"--",
            "난방방식":"--",
            "공급면적":50,
            "전용률":60,
            "욕실수":"--",
            "현관타입":"--",
            "주거총점":79.5,
            "지역구공급총점":0.0,
            "역세권":80,
            "30분내 이동가능 거점":0,
            "1시간내 이동가능 거점":50,
            "교통총점":50.0,
            "백화점":0,
            "아울렛몰":0,
            "대형마트":100,
            "은행":100,
            "병원":100,
            "종합병원":100,
            "공원":80,
            "혐오시설":0,
            "인프라총점":57.4,
            "초등학군":86.94,
            "중학군":54.08,
            "학군총점":60.652,
            "인구수":57.89,
            "인구증감":-13.43,
            "인구총점":36.494,
            "일자리":18.4,
            "소득수준":62.21,
            "일자리총점":31.543,
            "가치 총점":59.7178,
            "매매실거래년":20220108.0,
            "매매실거래가":47250.0,
            "전세실거래년":20211216.0,
            "전세실거래가":18375.0,
            "전세가율":38.89,
            "장기전세가율평균":72.96,
            "전세가율거품지수":34.07,
            "검색코드":2330,
            "세대수":2475.0,
            "준공년월":"1986-09-17",
            "준공년차":37.0,
            "가까운역이름":"부평시장",
            "가까운역거리":416.49,
            "역세권여부":"역세권",
            "30분이내주요거점역":0,
            "1시간이내주요거점역":5,
            "3km이내백화점수":0,
            "5km이내아울렛몰수":0,
            "1km이내대형먀트수":2,
            "500m이내은행수":9,
            "500m이내병원수":86,
            "5km이내대형병원수":11,
            "500m이내공원수":1,
            "3km이내혐오시설수":0,
            "초등학교학업성취도":86.94,
            "중학교학업성취도":86.2,
            "용적률":181,
            "건폐율":13,
            "Y":37.495611,
            "X":126.719069,
            "rank":7.0,
            "area_info":"21평(72.4), 28평(94.35), 28평(94.52), 31평(103.08), 43평(142.68)",
            "last_sales":"2022-01-08,47250.0,21평(72.4)"
        },
        {
            "index":147,
            "아파트명":"푸른마을한신,삼부",
            "투자타입":"일반",
            "전용면적(m2)":"124.9",
            "전용면적(평)":"37평",
            "법정동주소":"인천시 부평구 부개동 499-2",
            "도로명주소":"인천시 부평구 부개로 58",
            "세대수":90,
            "입주년차":20,
            "용적률점수":"--",
            "건폐율점수":"--",
            "세대당주차수":60,
            "난방방식":100,
            "공급면적":"--",
            "전용률":"--",
            "욕실수":100,
            "현관타입":100,
            "주거총점":74.5,
            "지역구공급총점":0.0,
            "역세권":80,
            "30분내 이동가능 거점":0,
            "1시간내 이동가능 거점":40,
            "교통총점":48.0,
            "백화점":100,
            "아울렛몰":0,
            "대형마트":0,
            "은행":0,
            "병원":60,
            "종합병원":100,
            "공원":100,
            "혐오시설":0,
            "인프라총점":59.0,
            "초등학군":91.03,
            "중학군":55.1,
            "학군총점":62.286,
            "인구수":57.89,
            "인구증감":-13.43,
            "인구총점":36.494,
            "일자리":18.4,
            "소득수준":62.21,
            "일자리총점":31.543,
            "가치 총점":58.7429,
            "매매실거래년":20211127.0,
            "매매실거래가":63000.0,
            "전세실거래년":20220110.0,
            "전세실거래가":42000.0,
            "전세가율":66.67,
            "장기전세가율평균":72.96,
            "전세가율거품지수":6.29,
            "검색코드":8261,
            "세대수":1020.0,
            "준공년월":"1999-06-29",
            "준공년차":24.0,
            "가까운역이름":"삼산체육관",
            "가까운역거리":494.02,
            "역세권여부":"역세권",
            "30분이내주요거점역":0,
            "1시간이내주요거점역":4,
            "3km이내백화점수":1,
            "5km이내아울렛몰수":0,
            "1km이내대형먀트수":0,
            "500m이내은행수":0,
            "500m이내병원수":14,
            "5km이내대형병원수":9,
            "500m이내공원수":9,
            "3km이내혐오시설수":0,
            "초등학교학업성취도":91.03,
            "중학교학업성취도":89.3,
            "용적률":249,
            "건폐율":17,
            "Y":37.502047,
            "X":126.741103,
            "rank":8.0,
            "area_info":"37평(124.9), 37평(125.32), 49평(163.89), 49평(163.61)",
            "last_sales":"2021-11-27,63000.0,37평(124.9)"
        },
        {
            "index":95,
            "아파트명":"부개역푸르지오",
            "투자타입":"일반",
            "전용면적(m2)":"85.74",
            "전용면적(평)":"25평",
            "법정동주소":"인천시 부평구 부개동 512",
            "도로명주소":"인천시 부평구 부일로 69",
            "세대수":90,
            "입주년차":60,
            "용적률점수":"--",
            "건폐율점수":"--",
            "세대당주차수":60,
            "난방방식":30,
            "공급면적":"--",
            "전용률":"--",
            "욕실수":100,
            "현관타입":100,
            "주거총점":75.5,
            "지역구공급총점":0.0,
            "역세권":80,
            "30분내 이동가능 거점":0,
            "1시간내 이동가능 거점":40,
            "교통총점":48.0,
            "백화점":100,
            "아울렛몰":0,
            "대형마트":0,
            "은행":0,
            "병원":60,
            "종합병원":100,
            "공원":100,
            "혐오시설":0,
            "인프라총점":59.0,
            "초등학군":85.19,
            "중학군":50.44,
            "학군총점":57.39,
            "인구수":57.89,
            "인구증감":-13.43,
            "인구총점":36.494,
            "일자리":18.4,
            "소득수준":62.21,
            "일자리총점":31.543,
            "가치 총점":58.2085,
            "매매실거래년":20211120.0,
            "매매실거래가":64000.0,
            "전세실거래년":20211215.0,
            "전세실거래가":37000.0,
            "전세가율":57.81,
            "장기전세가율평균":72.96,
            "전세가율거품지수":15.15,
            "검색코드":26825,
            "세대수":1054.0,
            "준공년월":"2010-01-28",
            "준공년차":13.0,
            "가까운역이름":"부개",
            "가까운역거리":370.54,
            "역세권여부":"역세권",
            "30분이내주요거점역":0,
            "1시간이내주요거점역":4,
            "3km이내백화점수":1,
            "5km이내아울렛몰수":0,
            "1km이내대형먀트수":0,
            "500m이내은행수":1,
            "500m이내병원수":13,
            "5km이내대형병원수":11,
            "500m이내공원수":3,
            "3km이내혐오시설수":0,
            "초등학교학업성취도":85.19,
            "중학교학업성취도":82.0,
            "용적률":249,
            "건폐율":17,
            "Y":37.490351,
            "X":126.737669,
            "rank":9.0,
            "area_info":"25평(85.74), 26평(86.93), 34평(115.33), 35평(116.2), 35평(117.06), 48평(161.02), 49평(162.13), 49평(162.43), 59평(195.83), 59평(197.15), 59평(197.07)",
            "last_sales":"2021-11-20,64000.0,25평(85.74)"
        },
        {
            "index":57,
            "아파트명":"대진",
            "투자타입":"재건축",
            "전용면적(m2)":"52.23",
            "전용면적(평)":"15평",
            "법정동주소":"인천시 부평구 부개동 477-2",
            "도로명주소":"인천시 부평구 길주로 654",
            "세대수":0,
            "입주년차":"--",
            "용적률점수":80,
            "건폐율점수":60,
            "세대당주차수":"--",
            "난방방식":"--",
            "공급면적":50,
            "전용률":60,
            "욕실수":"--",
            "현관타입":"--",
            "주거총점":49.5,
            "지역구공급총점":0.0,
            "역세권":80,
            "30분내 이동가능 거점":0,
            "1시간내 이동가능 거점":40,
            "교통총점":48.0,
            "백화점":100,
            "아울렛몰":0,
            "대형마트":100,
            "은행":20,
            "병원":80,
            "종합병원":100,
            "공원":100,
            "혐오시설":0,
            "인프라총점":78.0,
            "초등학군":87.78,
            "중학군":44.06,
            "학군총점":52.804,
            "인구수":57.89,
            "인구증감":-13.43,
            "인구총점":36.494,
            "일자리":18.4,
            "소득수준":62.21,
            "일자리총점":31.543,
            "가치 총점":58.0206,
            "매매실거래년":20210823.0,
            "매매실거래가":35400.0,
            "전세실거래년":20211220.0,
            "전세실거래가":15000.0,
            "전세가율":42.37,
            "장기전세가율평균":72.96,
            "전세가율거품지수":30.59,
            "검색코드":7984,
            "세대수":258.0,
            "준공년월":"1988-11-29",
            "준공년차":35.0,
            "가까운역이름":"굴포천",
            "가까운역거리":346.91,
            "역세권여부":"역세권",
            "30분이내주요거점역":0,
            "1시간이내주요거점역":4,
            "3km이내백화점수":1,
            "5km이내아울렛몰수":0,
            "1km이내대형먀트수":2,
            "500m이내은행수":2,
            "500m이내병원수":53,
            "5km이내대형병원수":8,
            "500m이내공원수":5,
            "3km이내혐오시설수":0,
            "초등학교학업성취도":87.78,
            "중학교학업성취도":73.1,
            "용적률":173,
            "건폐율":30,
            "Y":37.506236,
            "X":126.735094,
            "rank":10.0,
            "area_info":"15평(52.23), 16평(54.87), 20평(66.57), 19평(66.06)",
            "last_sales":"2021-08-23,35400.0,15평(52.23)"
        },
        {
            "index":155,
            "아파트명":"한일",
            "투자타입":"재건축",
            "전용면적(m2)":"68.01",
            "전용면적(평)":"20평",
            "법정동주소":"인천시 부평구 부개동 380",
            "도로명주소":"인천시 부평구 항동로45번길 53-17",
            "세대수":0,
            "입주년차":"--",
            "용적률점수":100,
            "건폐율점수":80,
            "세대당주차수":"--",
            "난방방식":"--",
            "공급면적":50,
            "전용률":100,
            "욕실수":"--",
            "현관타입":"--",
            "주거총점":63.5,
            "지역구공급총점":0.0,
            "역세권":80,
            "30분내 이동가능 거점":0,
            "1시간내 이동가능 거점":60,
            "교통총점":52.0,
            "백화점":100,
            "아울렛몰":0,
            "대형마트":0,
            "은행":20,
            "병원":60,
            "종합병원":100,
            "공원":100,
            "혐오시설":0,
            "인프라총점":61.0,
            "초등학군":87.1,
            "중학군":50.44,
            "학군총점":57.772,
            "인구수":57.89,
            "인구증감":-13.43,
            "인구총점":36.494,
            "일자리":18.4,
            "소득수준":62.21,
            "일자리총점":31.543,
            "가치 총점":57.8658,
            "매매실거래년":20211119.0,
            "매매실거래가":32700.0,
            "전세실거래년":20210924.0,
            "전세실거래가":12600.0,
            "전세가율":38.53,
            "장기전세가율평균":72.96,
            "전세가율거품지수":34.43,
            "검색코드":9235,
            "세대수":110.0,
            "준공년월":"1984-03-13",
            "준공년차":39.0,
            "가까운역이름":"부개",
            "가까운역거리":481.94,
            "역세권여부":"역세권",
            "30분이내주요거점역":0,
            "1시간이내주요거점역":6,
            "3km이내백화점수":1,
            "5km이내아울렛몰수":0,
            "1km이내대형먀트수":0,
            "500m이내은행수":2,
            "500m이내병원수":20,
            "5km이내대형병원수":9,
            "500m이내공원수":2,
            "3km이내혐오시설수":0,
            "초등학교학업성취도":87.1,
            "중학교학업성취도":82.0,
            "용적률":138,
            "건폐율":27,
            "Y":37.484102,
            "X":126.74059,
            "rank":11.0,
            "area_info":"20평(68.01), 22평(73.03)",
            "last_sales":"2021-11-19,32700.0,20평(68.01)"
        },
        {
            "index":566,
            "아파트명":"행복한마을서해그랑블",
            "투자타입":"일반",
            "전용면적(m2)":"140.06",
            "전용면적(평)":"42평",
            "법정동주소":"인천시 부평구 삼산동 454-4",
            "도로명주소":"인천시 부평구 굴포로 158",
            "세대수":80,
            "입주년차":40,
            "용적률점수":"--",
            "건폐율점수":"--",
            "세대당주차수":60,
            "난방방식":100,
            "공급면적":"--",
            "전용률":"--",
            "욕실수":100,
            "현관타입":100,
            "주거총점":75.0,
            "지역구공급총점":0.0,
            "역세권":50,
            "30분내 이동가능 거점":0,
            "1시간내 이동가능 거점":30,
            "교통총점":31.0,
            "백화점":100,
            "아울렛몰":0,
            "대형마트":100,
            "은행":0,
            "병원":60,
            "종합병원":100,
            "공원":100,
            "혐오시설":0,
            "인프라총점":74.0,
            "초등학군":92.67,
            "중학군":53.22,
            "학군총점":61.11,
            "인구수":57.89,
            "인구증감":-13.43,
            "인구총점":36.494,
            "일자리":18.4,
            "소득수준":62.21,
            "일자리총점":31.543,
            "가치 총점":57.2165,
            "매매실거래년":20211231.0,
            "매매실거래가":90000.0,
            "전세실거래년":20220111.0,
            "전세실거래가":47000.0,
            "전세가율":52.22,
            "장기전세가율평균":72.96,
            "전세가율거품지수":20.74,
            "검색코드":9714,
            "세대수":822.0,
            "준공년월":"2004-08-02",
            "준공년차":19.0,
            "가까운역이름":"삼산체육관",
            "가까운역거리":603.55,
            "역세권여부":"준역세권",
            "30분이내주요거점역":0,
            "1시간이내주요거점역":3,
            "3km이내백화점수":1,
            "5km이내아울렛몰수":0,
            "1km이내대형먀트수":2,
            "500m이내은행수":1,
            "500m이내병원수":14,
            "5km이내대형병원수":8,
            "500m이내공원수":7,
            "3km이내혐오시설수":0,
            "초등학교학업성취도":92.67,
            "중학교학업성취도":86.3,
            "용적률":219,
            "건폐율":14,
            "Y":37.51112,
            "X":126.73875,
            "rank":12.0,
            "area_info":"42평(140.06), 46평(153.28)",
            "last_sales":"2021-12-31,90000.0,42평(140.06)"
        },
        {
            "index":45,
            "아파트명":"뉴서울",
            "투자타입":"재건축",
            "전용면적(m2)":"56.92",
            "전용면적(평)":"17평",
            "법정동주소":"인천시 부평구 부개동 477-3",
            "도로명주소":"인천시 부평구 충선로 191",
            "세대수":90,
            "입주년차":"--",
            "용적률점수":0,
            "건폐율점수":80,
            "세대당주차수":"--",
            "난방방식":"--",
            "공급면적":50,
            "전용률":40,
            "욕실수":"--",
            "현관타입":"--",
            "주거총점":47.5,
            "지역구공급총점":0.0,
            "역세권":80,
            "30분내 이동가능 거점":0,
            "1시간내 이동가능 거점":30,
            "교통총점":46.0,
            "백화점":100,
            "아울렛몰":0,
            "대형마트":100,
            "은행":20,
            "병원":80,
            "종합병원":100,
            "공원":100,
            "혐오시설":0,
            "인프라총점":78.0,
            "초등학군":87.78,
            "중학군":44.06,
            "학군총점":52.804,
            "인구수":57.89,
            "인구증감":-13.43,
            "인구총점":36.494,
            "일자리":18.4,
            "소득수준":62.21,
            "일자리총점":31.543,
            "가치 총점":56.9206,
            "매매실거래년":20211225.0,
            "매매실거래가":26000.0,
            "전세실거래년":20211230.0,
            "전세실거래가":12600.0,
            "전세가율":48.46,
            "장기전세가율평균":72.96,
            "전세가율거품지수":24.5,
            "검색코드":2327,
            "세대수":1140.0,
            "준공년월":"1989-09-19",
            "준공년차":34.0,
            "가까운역이름":"굴포천",
            "가까운역거리":407.9,
            "역세권여부":"역세권",
            "30분이내주요거점역":0,
            "1시간이내주요거점역":3,
            "3km이내백화점수":1,
            "5km이내아울렛몰수":0,
            "1km이내대형먀트수":2,
            "500m이내은행수":2,
            "500m이내병원수":54,
            "5km이내대형병원수":8,
            "500m이내공원수":7,
            "3km이내혐오시설수":0,
            "초등학교학업성취도":87.78,
            "중학교학업성취도":73.1,
            "용적률":300,
            "건폐율":25,
            "Y":37.505945,
            "X":126.73571,
            "rank":13.0,
            "area_info":"17평(56.92), 20평(67.2)",
            "last_sales":"2021-12-25,26000.0,17평(56.92)"
        },
        {
            "index":106,
            "아파트명":"부개주공1단지",
            "투자타입":"일반",
            "전용면적(m2)":"70.96",
            "전용면적(평)":"21평",
            "법정동주소":"인천시 부평구 부개동 496-2",
            "도로명주소":"인천시 부평구 길주남로 143",
            "세대수":90,
            "입주년차":0,
            "용적률점수":"--",
            "건폐율점수":"--",
            "세대당주차수":0,
            "난방방식":100,
            "공급면적":"--",
            "전용률":"--",
            "욕실수":50,
            "현관타입":10,
            "주거총점":47.5,
            "지역구공급총점":0.0,
            "역세권":80,
            "30분내 이동가능 거점":0,
            "1시간내 이동가능 거점":30,
            "교통총점":46.0,
            "백화점":100,
            "아울렛몰":0,
            "대형마트":100,
            "은행":0,
            "병원":80,
            "종합병원":100,
            "공원":100,
            "혐오시설":0,
            "인프라총점":76.0,
            "초등학군":87.78,
            "중학군":44.06,
            "학군총점":52.804,
            "인구수":57.89,
            "인구증감":-13.43,
            "인구총점":36.494,
            "일자리":18.4,
            "소득수준":62.21,
            "일자리총점":31.543,
            "가치 총점":56.3206,
            "매매실거래년":20220108.0,
            "매매실거래가":44000.0,
            "전세실거래년":20220118.0,
            "전세실거래가":27500.0,
            "전세가율":70.51,
            "장기전세가율평균":72.96,
            "전세가율거품지수":2.45,
            "검색코드":7983,
            "세대수":1044.0,
            "준공년월":"1996-11-05",
            "준공년차":27.0,
            "가까운역이름":"삼산체육관",
            "가까운역거리":388.52,
            "역세권여부":"역세권",
            "30분이내주요거점역":0,
            "1시간이내주요거점역":3,
            "3km이내백화점수":1,
            "5km이내아울렛몰수":0,
            "1km이내대형먀트수":2,
            "500m이내은행수":1,
            "500m이내병원수":46,
            "5km이내대형병원수":8,
            "500m이내공원수":6,
            "3km이내혐오시설수":0,
            "초등학교학업성취도":87.78,
            "중학교학업성취도":73.1,
            "용적률":0,
            "건폐율":0,
            "Y":37.506028,
            "X":126.737775,
            "rank":14.0,
            "area_info":"21평(70.96), 24평(80.41), 24평(80.91), 24평(80.52), 24평(81.42), 25평(84.2), 25평(84.49)",
            "last_sales":"2022-01-08,44000.0,24평(80.41)"
        },
        {
            "index":527,
            "아파트명":"삼산타운1단지",
            "투자타입":"일반",
            "전용면적(m2)":"70.53",
            "전용면적(평)":"21평",
            "법정동주소":"인천시 부평구 삼산동 440-1",
            "도로명주소":"인천시 부평구 굴포로 105",
            "세대수":100,
            "입주년차":40,
            "용적률점수":"--",
            "건폐율점수":"--",
            "세대당주차수":0,
            "난방방식":100,
            "공급면적":"--",
            "전용률":"--",
            "욕실수":50,
            "현관타입":100,
            "주거총점":68.0,
            "지역구공급총점":0.0,
            "역세권":50,
            "30분내 이동가능 거점":0,
            "1시간내 이동가능 거점":40,
            "교통총점":33.0,
            "백화점":100,
            "아울렛몰":0,
            "대형마트":100,
            "은행":20,
            "병원":30,
            "종합병원":100,
            "공원":100,
            "혐오시설":0,
            "인프라총점":73.0,
            "초등학군":88.27,
            "중학군":52.46,
            "학군총점":59.622,
            "인구수":57.89,
            "인구증감":-13.43,
            "인구총점":36.494,
            "일자리":18.4,
            "소득수준":62.21,
            "일자리총점":31.543,
            "가치 총점":55.9933,
            "매매실거래년":20211230.0,
            "매매실거래가":42800.0,
            "전세실거래년":20211224.0,
            "전세실거래가":32000.0,
            "전세가율":74.77,
            "장기전세가율평균":72.96,
            "전세가율거품지수":-1.81,
            "검색코드":27245,
            "세대수":1873.0,
            "준공년월":"2005-06-08",
            "준공년차":18.0,
            "가까운역이름":"굴포천",
            "가까운역거리":716.29,
            "역세권여부":"준역세권",
            "30분이내주요거점역":0,
            "1시간이내주요거점역":4,
            "3km이내백화점수":1,
            "5km이내아울렛몰수":0,
            "1km이내대형먀트수":2,
            "500m이내은행수":2,
            "500m이내병원수":6,
            "5km이내대형병원수":7,
            "500m이내공원수":5,
            "3km이내혐오시설수":0,
            "초등학교학업성취도":88.27,
            "중학교학업성취도":84.9,
            "용적률":196,
            "건폐율":12,
            "Y":37.513132,
            "X":126.733756,
            "rank":15.0,
            "area_info":"21평(70.53), 21평(70.55), 24평(79.91), 24평(80.01), 25평(84.5)",
            "last_sales":"2021-12-30,42800.0,21평(70.53)"
        },
        {
            "index":88,
            "아파트명":"부개역코오롱하늘채",
            "투자타입":"일반",
            "전용면적(m2)":"49.99",
            "전용면적(평)":"15평",
            "법정동주소":"인천시 부평구 부개동 120-80",
            "도로명주소":"인천시 부평구 부평문화로 216",
            "세대수":50,
            "입주년차":100,
            "용적률점수":"--",
            "건폐율점수":"--",
            "세대당주차수":30,
            "난방방식":100,
            "공급면적":"--",
            "전용률":"--",
            "욕실수":50,
            "현관타입":100,
            "주거총점":67.0,
            "지역구공급총점":0.0,
            "역세권":80,
            "30분내 이동가능 거점":0,
            "1시간내 이동가능 거점":40,
            "교통총점":48.0,
            "백화점":100,
            "아울렛몰":0,
            "대형마트":0,
            "은행":0,
            "병원":30,
            "종합병원":100,
            "공원":100,
            "혐오시설":0,
            "인프라총점":56.0,
            "초등학군":85.19,
            "중학군":50.44,
            "학군총점":57.39,
            "인구수":57.89,
            "인구증감":-13.43,
            "인구총점":36.494,
            "일자리":18.4,
            "소득수준":62.21,
            "일자리총점":31.543,
            "가치 총점":55.6085,
            "매매실거래년":20211018.0,
            "매매실거래가":55640.0,
            "전세실거래년":null,
            "전세실거래가":null,
            "전세가율":null,
            "장기전세가율평균":72.96,
            "전세가율거품지수":null,
            "검색코드":126267,
            "세대수":526.0,
            "준공년월":"2021-08-01",
            "준공년차":2.0,
            "가까운역이름":"부개",
            "가까운역거리":448.05,
            "역세권여부":"역세권",
            "30분이내주요거점역":0,
            "1시간이내주요거점역":4,
            "3km이내백화점수":1,
            "5km이내아울렛몰수":0,
            "1km이내대형먀트수":0,
            "500m이내은행수":0,
            "500m이내병원수":9,
            "5km이내대형병원수":10,
            "500m이내공원수":4,
            "3km이내혐오시설수":0,
            "초등학교학업성취도":85.19,
            "중학교학업성취도":82.0,
            "용적률":238,
            "건폐율":19,
            "Y":37.492363,
            "X":126.740056,
            "rank":16.0,
            "area_info":"15평(49.99), 25평(83.37), 25평(83.07), 25평(84.43), 29평(98.9), 33평(109.11), 33평(110.17)",
            "last_sales":"2021-10-18,55640.0,33평(109.11)"
        },
        {
            "index":4,
            "아파트명":"갈산타운",
            "투자타입":"재건축",
            "전용면적(m2)":"50.4",
            "전용면적(평)":"15평",
            "법정동주소":"인천시 부평구 갈산동 359",
            "도로명주소":"인천시 부평구 굴포로 81",
            "세대수":100,
            "입주년차":"--",
            "용적률점수":60,
            "건폐율점수":80,
            "세대당주차수":"--",
            "난방방식":"--",
            "공급면적":50,
            "전용률":60,
            "욕실수":"--",
            "현관타입":"--",
            "주거총점":75.5,
            "지역구공급총점":0.0,
            "역세권":50,
            "30분내 이동가능 거점":0,
            "1시간내 이동가능 거점":40,
            "교통총점":33.0,
            "백화점":100,
            "아울렛몰":0,
            "대형마트":100,
            "은행":0,
            "병원":30,
            "종합병원":100,
            "공원":100,
            "혐오시설":0,
            "인프라총점":71.0,
            "초등학군":83.09,
            "중학군":42.98,
            "학군총점":51.002,
            "인구수":57.89,
            "인구증감":-13.43,
            "인구총점":36.494,
            "일자리":18.4,
            "소득수준":62.21,
            "일자리총점":31.543,
            "가치 총점":55.6003,
            "매매실거래년":20211206.0,
            "매매실거래가":37800.0,
            "전세실거래년":20220117.0,
            "전세실거래가":12600.0,
            "전세가율":44.68,
            "장기전세가율평균":72.96,
            "전세가율거품지수":28.28,
            "검색코드":2246,
            "세대수":1650.0,
            "준공년월":"1992-06-29",
            "준공년차":31.0,
            "가까운역이름":"굴포천",
            "가까운역거리":646.91,
            "역세권여부":"준역세권",
            "30분이내주요거점역":0,
            "1시간이내주요거점역":4,
            "3km이내백화점수":1,
            "5km이내아울렛몰수":0,
            "1km이내대형먀트수":2,
            "500m이내은행수":1,
            "500m이내병원수":5,
            "5km이내대형병원수":7,
            "500m이내공원수":5,
            "3km이내혐오시설수":0,
            "초등학교학업성취도":83.09,
            "중학교학업성취도":70.1,
            "용적률":182,
            "건폐율":22,
            "Y":37.512772,
            "X":126.730392,
            "rank":17.0,
            "area_info":"15평(50.4), 17평(57.15), 17평(58.61), 20평(69.1)",
            "last_sales":"2021-12-06,37800.0,20평(69.1)"
        },
        {
            "index":254,
            "아파트명":"에코파인",
            "투자타입":"일반",
            "전용면적(m2)":"20.58",
            "전용면적(평)":"6평",
            "법정동주소":"인천시 부평구 부평동 738-45",
            "도로명주소":"인천시 부평구 광장로24번길 34",
            "세대수":0,
            "입주년차":80,
            "용적률점수":"--",
            "건폐율점수":"--",
            "세대당주차수":0,
            "난방방식":30,
            "공급면적":"--",
            "전용률":"--",
            "욕실수":50,
            "현관타입":10,
            "주거총점":25.0,
            "지역구공급총점":0.0,
            "역세권":80,
            "30분내 이동가능 거점":40,
            "1시간내 이동가능 거점":100,
            "교통총점":72.0,
            "백화점":0,
            "아울렛몰":0,
            "대형마트":80,
            "은행":70,
            "병원":100,
            "종합병원":100,
            "공원":0,
            "혐오시설":0,
            "인프라총점":49.0,
            "초등학군":83.87,
            "중학군":55.66,
            "학군총점":61.302,
            "인구수":57.89,
            "인구증감":-13.43,
            "인구총점":36.494,
            "일자리":18.4,
            "소득수준":62.21,
            "일자리총점":31.543,
            "가치 총점":54.0953,
            "매매실거래년":20211023.0,
            "매매실거래가":9300.0,
            "전세실거래년":20190517.0,
            "전세실거래가":2000.0,
            "전세가율":21.51,
            "장기전세가율평균":72.96,
            "전세가율거품지수":51.45,
            "검색코드":123756,
            "세대수":174.0,
            "준공년월":"2018-11-19",
            "준공년차":5.0,
            "가까운역이름":"부평",
            "가까운역거리":138.82,
            "역세권여부":"역세권",
            "30분이내주요거점역":2,
            "1시간이내주요거점역":14,
            "3km이내백화점수":0,
            "5km이내아울렛몰수":0,
            "1km이내대형먀트수":1,
            "500m이내은행수":4,
            "500m이내병원수":108,
            "5km이내대형병원수":9,
            "500m이내공원수":0,
            "3km이내혐오시설수":0,
            "초등학교학업성취도":83.87,
            "중학교학업성취도":88.3,
            "용적률":933,
            "건폐율":69,
            "Y":37.489852,
            "X":126.726312,
            "rank":18.0,
            "area_info":"6평(20.58), 6평(21.95), 7평(24.22), 7평(24.28), 23평(77.12), 24평(81.13), 24평(81.5), 24평(81.5), 27평(90.15), 28평(92.69), 31평(104.97)",
            "last_sales":"2021-10-23,9300.0,6평(21.95)"
        },
        {
            "index":140,
            "아파트명":"오성",
            "투자타입":"재건축",
            "전용면적(m2)":"64.68",
            "전용면적(평)":"19평",
            "법정동주소":"인천시 부평구 부개동 13-5",
            "도로명주소":"인천시 부평구 충선로161번길 15",
            "세대수":0,
            "입주년차":"--",
            "용적률점수":100,
            "건폐율점수":80,
            "세대당주차수":"--",
            "난방방식":"--",
            "공급면적":50,
            "전용률":80,
            "욕실수":"--",
            "현관타입":"--",
            "주거총점":62.5,
            "지역구공급총점":0.0,
            "역세권":50,
            "30분내 이동가능 거점":0,
            "1시간내 이동가능 거점":40,
            "교통총점":33.0,
            "백화점":100,
            "아울렛몰":0,
            "대형마트":100,
            "은행":0,
            "병원":60,
            "종합병원":100,
            "공원":100,
            "혐오시설":0,
            "인프라총점":74.0,
            "초등학군":84.1,
            "중학군":44.06,
            "학군총점":52.068,
            "인구수":57.89,
            "인구증감":-13.43,
            "인구총점":36.494,
            "일자리":18.4,
            "소득수준":62.21,
            "일자리총점":31.543,
            "가치 총점":54.0602,
            "매매실거래년":20210911.0,
            "매매실거래가":42690.0,
            "전세실거래년":20201107.0,
            "전세실거래가":9500.0,
            "전세가율":20.65,
            "장기전세가율평균":72.96,
            "전세가율거품지수":52.31,
            "검색코드":7999,
            "세대수":165.0,
            "준공년월":"1984-08-21",
            "준공년차":39.0,
            "가까운역이름":"굴포천",
            "가까운역거리":575.45,
            "역세권여부":"준역세권",
            "30분이내주요거점역":0,
            "1시간이내주요거점역":4,
            "3km이내백화점수":1,
            "5km이내아울렛몰수":0,
            "1km이내대형먀트수":2,
            "500m이내은행수":0,
            "500m이내병원수":25,
            "5km이내대형병원수":8,
            "500m이내공원수":7,
            "3km이내혐오시설수":0,
            "초등학교학업성취도":84.1,
            "중학교학업성취도":73.1,
            "용적률":110,
            "건폐율":23,
            "Y":37.503224,
            "X":126.735745,
            "rank":19.0,
            "area_info":"19평(64.68), 20평(67.69), 21평(69.67), 21평(70.84), 21평(72.07), 22평(75.49)",
            "last_sales":"2021-09-11,42690.0,21평(70.84)"
        },
        {
            "index":244,
            "아파트명":"신영",
            "투자타입":"재건축",
            "전용면적(m2)":"41.64",
            "전용면적(평)":"12평",
            "법정동주소":"인천시 부평구 부평동 140-6",
            "도로명주소":"인천시 부평구 길주남로90번길 45",
            "세대수":0,
            "입주년차":"--",
            "용적률점수":100,
            "건폐율점수":60,
            "세대당주차수":"--",
            "난방방식":"--",
            "공급면적":50,
            "전용률":40,
            "욕실수":"--",
            "현관타입":"--",
            "주거총점":56.5,
            "지역구공급총점":0.0,
            "역세권":50,
            "30분내 이동가능 거점":0,
            "1시간내 이동가능 거점":40,
            "교통총점":33.0,
            "백화점":100,
            "아울렛몰":0,
            "대형마트":100,
            "은행":0,
            "병원":60,
            "종합병원":100,
            "공원":100,
            "혐오시설":0,
            "인프라총점":74.0,
            "초등학군":82.76,
            "중학군":43.72,
            "학군총점":51.528,
            "인구수":57.89,
            "인구증감":-13.43,
            "인구총점":36.494,
            "일자리":18.4,
            "소득수준":62.21,
            "일자리총점":31.543,
            "가치 총점":52.7792,
            "매매실거래년":20210504.0,
            "매매실거래가":42500.0,
            "전세실거래년":null,
            "전세실거래가":null,
            "전세가율":null,
            "장기전세가율평균":72.96,
            "전세가율거품지수":null,
            "검색코드":9504,
            "세대수":139.0,
            "준공년월":"1983-07-09",
            "준공년차":40.0,
            "가까운역이름":"굴포천",
            "가까운역거리":545.34,
            "역세권여부":"준역세권",
            "30분이내주요거점역":0,
            "1시간이내주요거점역":4,
            "3km이내백화점수":1,
            "5km이내아울렛몰수":0,
            "1km이내대형먀트수":2,
            "500m이내은행수":1,
            "500m이내병원수":16,
            "5km이내대형병원수":9,
            "500m이내공원수":3,
            "3km이내혐오시설수":0,
            "초등학교학업성취도":82.76,
            "중학교학업성취도":71.0,
            "용적률":115,
            "건폐율":30,
            "Y":37.50213,
            "X":126.732042,
            "rank":20.0,
            "area_info":"12평(41.64), 13평(44.1), 14평(47.16), 14평(48.87), 16평(54.81), 16평(55.99), 16평(55.53), 17평(57.52), 17평(57.64), 19평(63.16)",
            "last_sales":"2021-05-04,42500.0,19평(63.16)"
        },
        {
            "index":138,
            "아파트명":"성일",
            "투자타입":"재건축",
            "전용면적(m2)":"69.15",
            "전용면적(평)":"20평",
            "법정동주소":"인천시 부평구 부개동 494",
            "도로명주소":"인천시 부평구 수변로52번길 6",
            "세대수":50,
            "입주년차":"--",
            "용적률점수":20,
            "건폐율점수":80,
            "세대당주차수":"--",
            "난방방식":"--",
            "공급면적":50,
            "전용률":60,
            "욕실수":"--",
            "현관타입":"--",
            "주거총점":44.5,
            "지역구공급총점":0.0,
            "역세권":80,
            "30분내 이동가능 거점":0,
            "1시간내 이동가능 거점":50,
            "교통총점":50.0,
            "백화점":100,
            "아울렛몰":0,
            "대형마트":0,
            "은행":0,
            "병원":60,
            "종합병원":100,
            "공원":100,
            "혐오시설":0,
            "인프라총점":59.0,
            "초등학군":85.19,
            "중학군":50.44,
            "학군총점":57.39,
            "인구수":57.89,
            "인구증감":-13.43,
            "인구총점":36.494,
            "일자리":18.4,
            "소득수준":62.21,
            "일자리총점":31.543,
            "가치 총점":52.7085,
            "매매실거래년":20211129.0,
            "매매실거래가":30800.0,
            "전세실거래년":20220107.0,
            "전세실거래가":16800.0,
            "전세가율":54.55,
            "장기전세가율평균":72.96,
            "전세가율거품지수":18.41,
            "검색코드":9119,
            "세대수":415.0,
            "준공년월":"1990-11-23",
            "준공년차":33.0,
            "가까운역이름":"부개",
            "가까운역거리":254.84,
            "역세권여부":"역세권",
            "30분이내주요거점역":0,
            "1시간이내주요거점역":5,
            "3km이내백화점수":1,
            "5km이내아울렛몰수":0,
            "1km이내대형먀트수":0,
            "500m이내은행수":0,
            "500m이내병원수":10,
            "5km이내대형병원수":10,
            "500m이내공원수":3,
            "3km이내혐오시설수":0,
            "초등학교학업성취도":85.19,
            "중학교학업성취도":82.0,
            "용적률":218,
            "건폐율":21,
            "Y":37.490697,
            "X":126.741395,
            "rank":21.0,
            "area_info":"20평(69.15), 24평(79.94)",
            "last_sales":"2021-11-29,30800.0,20평(69.15)"
        },
        {
            "index":56,
            "아파트명":"대동(494-1)",
            "투자타입":"재건축",
            "전용면적(m2)":"102.59",
            "전용면적(평)":"31평",
            "법정동주소":"인천시 부평구 부개동 494-1",
            "도로명주소":"인천시 부평구 부일로113번길 11",
            "세대수":50,
            "입주년차":"--",
            "용적률점수":0,
            "건폐율점수":80,
            "세대당주차수":"--",
            "난방방식":"--",
            "공급면적":90,
            "전용률":80,
            "욕실수":"--",
            "현관타입":"--",
            "주거총점":39.5,
            "지역구공급총점":0.0,
            "역세권":80,
            "30분내 이동가능 거점":0,
            "1시간내 이동가능 거점":60,
            "교통총점":52.0,
            "백화점":100,
            "아울렛몰":0,
            "대형마트":0,
            "은행":0,
            "병원":60,
            "종합병원":100,
            "공원":100,
            "혐오시설":0,
            "인프라총점":59.0,
            "초등학군":82.33,
            "중학군":50.44,
            "학군총점":56.818,
            "인구수":57.89,
            "인구증감":-13.43,
            "인구총점":36.494,
            "일자리":18.4,
            "소득수준":62.21,
            "일자리총점":31.543,
            "가치 총점":52.3227,
            "매매실거래년":20211030.0,
            "매매실거래가":48500.0,
            "전세실거래년":20211127.0,
            "전세실거래가":25350.0,
            "전세가율":52.27,
            "장기전세가율평균":72.96,
            "전세가율거품지수":20.69,
            "검색코드":22322,
            "세대수":686.0,
            "준공년월":"1991-06-08",
            "준공년차":32.0,
            "가까운역이름":"부개",
            "가까운역거리":146.1,
            "역세권여부":"역세권",
            "30분이내주요거점역":0,
            "1시간이내주요거점역":6,
            "3km이내백화점수":1,
            "5km이내아울렛몰수":0,
            "1km이내대형먀트수":0,
            "500m이내은행수":1,
            "500m이내병원수":17,
            "5km이내대형병원수":10,
            "500m이내공원수":4,
            "3km이내혐오시설수":0,
            "초등학교학업성취도":82.33,
            "중학교학업성취도":82.0,
            "용적률":267,
            "건폐율":20,
            "Y":37.489715,
            "X":126.741355,
            "rank":22.0,
            "area_info":"31평(102.59)",
            "last_sales":"2021-10-30,48500.0,31평(102.59)"
        },
        {
            "index":29,
            "아파트명":"정광",
            "투자타입":"재건축",
            "전용면적(m2)":"57.21",
            "전용면적(평)":"17평",
            "법정동주소":"인천시 부평구 갈산동 171-5",
            "도로명주소":"인천시 부평구 평천로306번길 27",
            "세대수":30,
            "입주년차":"--",
            "용적률점수":80,
            "건폐율점수":80,
            "세대당주차수":"--",
            "난방방식":"--",
            "공급면적":50,
            "전용률":60,
            "욕실수":"--",
            "현관타입":"--",
            "주거총점":62.5,
            "지역구공급총점":0.0,
            "역세권":80,
            "30분내 이동가능 거점":0,
            "1시간내 이동가능 거점":50,
            "교통총점":50.0,
            "백화점":0,
            "아울렛몰":0,
            "대형마트":80,
            "은행":70,
            "병원":60,
            "종합병원":100,
            "공원":100,
            "혐오시설":0,
            "인프라총점":48.0,
            "초등학군":83.09,
            "중학군":42.98,
            "학군총점":51.002,
            "인구수":57.89,
            "인구증감":-13.43,
            "인구총점":36.494,
            "일자리":18.4,
            "소득수준":62.21,
            "일자리총점":31.543,
            "가치 총점":52.0503,
            "매매실거래년":20211129.0,
            "매매실거래가":26000.0,
            "전세실거래년":20210405.0,
            "전세실거래가":10000.0,
            "전세가율":83.33,
            "장기전세가율평균":72.96,
            "전세가율거품지수":-10.37,
            "검색코드":10804,
            "세대수":311.0,
            "준공년월":"1990-04-07",
            "준공년차":33.0,
            "가까운역이름":"갈산",
            "가까운역거리":340.95,
            "역세권여부":"역세권",
            "30분이내주요거점역":0,
            "1시간이내주요거점역":5,
            "3km이내백화점수":0,
            "5km이내아울렛몰수":0,
            "1km이내대형먀트수":1,
            "500m이내은행수":3,
            "500m이내병원수":17,
            "5km이내대형병원수":9,
            "500m이내공원수":3,
            "3km이내혐오시설수":0,
            "초등학교학업성취도":83.09,
            "중학교학업성취도":70.1,
            "용적률":167,
            "건폐율":28,
            "Y":37.515667,
            "X":126.724811,
            "rank":23.0,
            "area_info":"17평(57.21), 20평(68.39), 22평(76.02)",
            "last_sales":"2021-11-29,26000.0,22평(76.02)"
        },
        {
            "index":79,
            "아파트명":"부개동도센트리움",
            "투자타입":"일반",
            "전용면적(m2)":"45.54",
            "전용면적(평)":"13평",
            "법정동주소":"인천시 부평구 부개동 308-3",
            "도로명주소":"인천시 부평구 경인로1099번길 39",
            "세대수":0,
            "입주년차":80,
            "용적률점수":"--",
            "건폐율점수":"--",
            "세대당주차수":0,
            "난방방식":30,
            "공급면적":"--",
            "전용률":"--",
            "욕실수":50,
            "현관타입":100,
            "주거총점":34.0,
            "지역구공급총점":0.0,
            "역세권":80,
            "30분내 이동가능 거점":0,
            "1시간내 이동가능 거점":50,
            "교통총점":50.0,
            "백화점":100,
            "아울렛몰":0,
            "대형마트":0,
            "은행":20,
            "병원":60,
            "종합병원":100,
            "공원":100,
            "혐오시설":0,
            "인프라총점":61.0,
            "초등학군":82.33,
            "중학군":50.44,
            "학군총점":56.818,
            "인구수":57.89,
            "인구증감":-13.43,
            "인구총점":36.494,
            "일자리":18.4,
            "소득수준":62.21,
            "일자리총점":31.543,
            "가치 총점":51.1227,
            "매매실거래년":20211211.0,
            "매매실거래가":20000.0,
            "전세실거래년":20141014.0,
            "전세실거래가":11500.0,
            "전세가율":57.5,
            "장기전세가율평균":72.96,
            "전세가율거품지수":15.46,
            "검색코드":107107,
            "세대수":217.0,
            "준공년월":"2014-10-22",
            "준공년차":9.0,
            "가까운역이름":"부개",
            "가까운역거리":132.12,
            "역세권여부":"역세권",
            "30분이내주요거점역":0,
            "1시간이내주요거점역":5,
            "3km이내백화점수":1,
            "5km이내아울렛몰수":0,
            "1km이내대형먀트수":0,
            "500m이내은행수":2,
            "500m이내병원수":24,
            "5km이내대형병원수":9,
            "500m이내공원수":4,
            "3km이내혐오시설수":0,
            "초등학교학업성취도":82.33,
            "중학교학업성취도":82.0,
            "용적률":247,
            "건폐율":25,
            "Y":37.487624,
            "X":126.742204,
            "rank":24.0,
            "area_info":"13평(45.54), 13평(45.51), 15평(52.54), 16평(55.64), 17평(57.79), 18평(60.4), 18평(60.42), 18평(60.5), 23평(78.54)",
            "last_sales":"2021-12-11,20000.0,13평(45.54)"
        },
        {
            "index":40,
            "아파트명":"한국(369)",
            "투자타입":"일반",
            "전용면적(m2)":"76.17",
            "전용면적(평)":"23평",
            "법정동주소":"인천시 부평구 갈산동 369",
            "도로명주소":"인천시 부평구 갈월동로 40",
            "세대수":0,
            "입주년차":0,
            "용적률점수":"--",
            "건폐율점수":"--",
            "세대당주차수":0,
            "난방방식":30,
            "공급면적":"--",
            "전용률":"--",
            "욕실수":50,
            "현관타입":100,
            "주거총점":18.0,
            "지역구공급총점":0.0,
            "역세권":80,
            "30분내 이동가능 거점":0,
            "1시간내 이동가능 거점":40,
            "교통총점":48.0,
            "백화점":100,
            "아울렛몰":0,
            "대형마트":100,
            "은행":20,
            "병원":60,
            "종합병원":100,
            "공원":100,
            "혐오시설":0,
            "인프라총점":76.0,
            "초등학군":83.09,
            "중학군":42.98,
            "학군총점":51.002,
            "인구수":57.89,
            "인구증감":-13.43,
            "인구총점":36.494,
            "일자리":18.4,
            "소득수준":62.21,
            "일자리총점":31.543,
            "가치 총점":50.8503,
            "매매실거래년":"18000101",
            "매매실거래가":null,
            "전세실거래년":null,
            "전세실거래가":null,
            "전세가율":null,
            "장기전세가율평균":72.96,
            "전세가율거품지수":null,
            "검색코드":2248,
            "세대수":280.0,
            "준공년월":"1993-05-22",
            "준공년차":30.0,
            "가까운역이름":"굴포천",
            "가까운역거리":462.34,
            "역세권여부":"역세권",
            "30분이내주요거점역":0,
            "1시간이내주요거점역":4,
            "3km이내백화점수":1,
            "5km이내아울렛몰수":0,
            "1km이내대형먀트수":2,
            "500m이내은행수":2,
            "500m이내병원수":27,
            "5km이내대형병원수":7,
            "500m이내공원수":5,
            "3km이내혐오시설수":0,
            "초등학교학업성취도":83.09,
            "중학교학업성취도":70.1,
            "용적률":0,
            "건폐율":0,
            "Y":37.511136,
            "X":126.730781,
            "rank":25.0,
            "area_info":"23평(76.17), 30평(101.49), 31평(103.2)",
            "last_sales":"1800-01-01,nan,23평(76.17)"
        },
        {
            "index":113,
            "아파트명":"부개주공3단지",
            "투자타입":"일반",
            "전용면적(m2)":"54.51",
            "전용면적(평)":"16평",
            "법정동주소":"인천시 부평구 부개동 498-5",
            "도로명주소":"인천시 부평구 길주남로 144",
            "세대수":100,
            "입주년차":0,
            "용적률점수":"--",
            "건폐율점수":"--",
            "세대당주차수":0,
            "난방방식":100,
            "공급면적":"--",
            "전용률":"--",
            "욕실수":50,
            "현관타입":10,
            "주거총점":51.0,
            "지역구공급총점":0.0,
            "역세권":50,
            "30분내 이동가능 거점":0,
            "1시간내 이동가능 거점":30,
            "교통총점":31.0,
            "백화점":100,
            "아울렛몰":0,
            "대형마트":80,
            "은행":0,
            "병원":60,
            "종합병원":100,
            "공원":100,
            "혐오시설":0,
            "인프라총점":71.0,
            "초등학군":91.03,
            "중학군":44.06,
            "학군총점":53.454,
            "인구수":57.89,
            "인구증감":-13.43,
            "인구총점":36.494,
            "일자리":18.4,
            "소득수준":62.21,
            "일자리총점":31.543,
            "가치 총점":50.3681,
            "매매실거래년":20220105.0,
            "매매실거래가":30000.0,
            "전세실거래년":20220112.0,
            "전세실거래가":17000.0,
            "전세가율":58.62,
            "장기전세가율평균":72.96,
            "전세가율거품지수":14.34,
            "검색코드":8349,
            "세대수":1724.0,
            "준공년월":"1996-10-15",
            "준공년차":27.0,
            "가까운역이름":"삼산체육관",
            "가까운역거리":509.1,
            "역세권여부":"준역세권",
            "30분이내주요거점역":0,
            "1시간이내주요거점역":3,
            "3km이내백화점수":1,
            "5km이내아울렛몰수":0,
            "1km이내대형먀트수":1,
            "500m이내은행수":0,
            "500m이내병원수":18,
            "5km이내대형병원수":8,
            "500m이내공원수":9,
            "3km이내혐오시설수":0,
            "초등학교학업성취도":91.03,
            "중학교학업성취도":73.1,
            "용적률":245,
            "건폐율":15,
            "Y":37.502733,
            "X":126.738716,
            "rank":26.0,
            "area_info":"16평(54.51), 21평(70.97), 23평(79.21), 24평(80.41), 24평(80.91), 25평(84.49), 25평(84.2)",
            "last_sales":"2022-01-05,30000.0,23평(79.21)"
        },
        {
            "index":18,
            "아파트명":"동아",
            "투자타입":"일반",
            "전용면적(m2)":"76.17",
            "전용면적(평)":"23평",
            "법정동주소":"인천시 부평구 갈산동 369",
            "도로명주소":"인천시 부평구 갈월동로 42",
            "세대수":0,
            "입주년차":0,
            "용적률점수":"--",
            "건폐율점수":"--",
            "세대당주차수":0,
            "난방방식":30,
            "공급면적":"--",
            "전용률":"--",
            "욕실수":50,
            "현관타입":100,
            "주거총점":18.0,
            "지역구공급총점":0.0,
            "역세권":80,
            "30분내 이동가능 거점":0,
            "1시간내 이동가능 거점":40,
            "교통총점":48.0,
            "백화점":100,
            "아울렛몰":0,
            "대형마트":100,
            "은행":0,
            "병원":60,
            "종합병원":100,
            "공원":100,
            "혐오시설":0,
            "인프라총점":74.0,
            "초등학군":83.09,
            "중학군":42.98,
            "학군총점":51.002,
            "인구수":57.89,
            "인구증감":-13.43,
            "인구총점":36.494,
            "일자리":18.4,
            "소득수준":62.21,
            "일자리총점":31.543,
            "가치 총점":50.2503,
            "매매실거래년":20170721.0,
            "매매실거래가":27100.0,
            "전세실거래년":20170814.0,
            "전세실거래가":20000.0,
            "전세가율":95.24,
            "장기전세가율평균":72.96,
            "전세가율거품지수":-22.28,
            "검색코드":2244,
            "세대수":280.0,
            "준공년월":"1993-06-02",
            "준공년차":30.0,
            "가까운역이름":"굴포천",
            "가까운역거리":477.75,
            "역세권여부":"역세권",
            "30분이내주요거점역":0,
            "1시간이내주요거점역":4,
            "3km이내백화점수":1,
            "5km이내아울렛몰수":0,
            "1km이내대형먀트수":2,
            "500m이내은행수":1,
            "500m이내병원수":14,
            "5km이내대형병원수":7,
            "500m이내공원수":5,
            "3km이내혐오시설수":0,
            "초등학교학업성취도":83.09,
            "중학교학업성취도":70.1,
            "용적률":0,
            "건폐율":0,
            "Y":37.511163,
            "X":126.729955,
            "rank":27.0,
            "area_info":"23평(76.17), 30평(101.49)",
            "last_sales":"2017-07-21,27100.0,30평(101.49)"
        },
        {
            "index":8,
            "아파트명":"갈산팬더",
            "투자타입":"일반",
            "전용면적(m2)":"76.18",
            "전용면적(평)":"23평",
            "법정동주소":"인천시 부평구 갈산동 369",
            "도로명주소":"인천시 부평구 갈월동로 34",
            "세대수":0,
            "입주년차":0,
            "용적률점수":"--",
            "건폐율점수":"--",
            "세대당주차수":0,
            "난방방식":30,
            "공급면적":"--",
            "전용률":"--",
            "욕실수":50,
            "현관타입":100,
            "주거총점":18.0,
            "지역구공급총점":0.0,
            "역세권":80,
            "30분내 이동가능 거점":0,
            "1시간내 이동가능 거점":40,
            "교통총점":48.0,
            "백화점":100,
            "아울렛몰":0,
            "대형마트":100,
            "은행":0,
            "병원":60,
            "종합병원":100,
            "공원":100,
            "혐오시설":0,
            "인프라총점":74.0,
            "초등학군":83.09,
            "중학군":42.98,
            "학군총점":51.002,
            "인구수":57.89,
            "인구증감":-13.43,
            "인구총점":36.494,
            "일자리":18.4,
            "소득수준":62.21,
            "일자리총점":31.543,
            "가치 총점":50.2503,
            "매매실거래년":20211225.0,
            "매매실거래가":35500.0,
            "전세실거래년":20211018.0,
            "전세실거래가":27000.0,
            "전세가율":76.06,
            "장기전세가율평균":72.96,
            "전세가율거품지수":-3.1,
            "검색코드":2247,
            "세대수":280.0,
            "준공년월":"1993-05-12",
            "준공년차":30.0,
            "가까운역이름":"굴포천",
            "가까운역거리":417.29,
            "역세권여부":"역세권",
            "30분이내주요거점역":0,
            "1시간이내주요거점역":4,
            "3km이내백화점수":1,
            "5km이내아울렛몰수":0,
            "1km이내대형먀트수":2,
            "500m이내은행수":1,
            "500m이내병원수":24,
            "5km이내대형병원수":7,
            "500m이내공원수":6,
            "3km이내혐오시설수":0,
            "초등학교학업성취도":83.09,
            "중학교학업성취도":70.1,
            "용적률":0,
            "건폐율":0,
            "Y":37.510539,
            "X":126.729717,
            "rank":27.0,
            "area_info":"23평(76.18), 30평(101.5)",
            "last_sales":"2021-12-25,35500.0,23평(76.18)"
        },
        {
            "index":123,
            "아파트명":"부개주공7단지",
            "투자타입":"일반",
            "전용면적(m2)":"65.91",
            "전용면적(평)":"19평",
            "법정동주소":"인천시 부평구 부개동 502-8",
            "도로명주소":"인천시 부평구 동수천로 118",
            "세대수":90,
            "입주년차":0,
            "용적률점수":"--",
            "건폐율점수":"--",
            "세대당주차수":30,
            "난방방식":100,
            "공급면적":"--",
            "전용률":"--",
            "욕실수":50,
            "현관타입":100,
            "주거총점":61.0,
            "지역구공급총점":0.0,
            "역세권":50,
            "30분내 이동가능 거점":0,
            "1시간내 이동가능 거점":40,
            "교통총점":33.0,
            "백화점":100,
            "아울렛몰":0,
            "대형마트":0,
            "은행":0,
            "병원":60,
            "종합병원":100,
            "공원":100,
            "혐오시설":0,
            "인프라총점":59.0,
            "초등학군":84.1,
            "중학군":50.44,
            "학군총점":57.172,
            "인구수":57.89,
            "인구증감":-13.43,
            "인구총점":36.494,
            "일자리":18.4,
            "소득수준":62.21,
            "일자리총점":31.543,
            "가치 총점":50.0258,
            "매매실거래년":20211115.0,
            "매매실거래가":41000.0,
            "전세실거래년":20210207.0,
            "전세실거래가":17850.0,
            "전세가율":71.4,
            "장기전세가율평균":72.96,
            "전세가율거품지수":1.56,
            "검색코드":8352,
            "세대수":957.0,
            "준공년월":"1998-06-01",
            "준공년차":25.0,
            "가까운역이름":"부개",
            "가까운역거리":899.52,
            "역세권여부":"준역세권",
            "30분이내주요거점역":0,
            "1시간이내주요거점역":4,
            "3km이내백화점수":1,
            "5km이내아울렛몰수":0,
            "1km이내대형먀트수":0,
            "500m이내은행수":0,
            "500m이내병원수":10,
            "5km이내대형병원수":10,
            "500m이내공원수":6,
            "3km이내혐오시설수":0,
            "초등학교학업성취도":84.1,
            "중학교학업성취도":82.0,
            "용적률":212,
            "건폐율":15,
            "Y":37.496215,
            "X":126.738373,
            "rank":28.0,
            "area_info":"19평(65.91), 20평(67.05), 23평(77.29), 24평(79.45), 24평(79.45), 24평(80.33), 24평(80.83)",
            "last_sales":"2021-11-15,41000.0,24평(79.45)"
        },
        {
            "index":271,
            "아파트명":"유진마젤란",
            "투자타입":"일반",
            "전용면적(m2)":"90.95",
            "전용면적(평)":"27평",
            "법정동주소":"인천시 부평구 부평동 126-9",
            "도로명주소":"인천시 부평구 장제로 150",
            "세대수":0,
            "입주년차":40,
            "용적률점수":"--",
            "건폐율점수":"--",
            "세대당주차수":80,
            "난방방식":30,
            "공급면적":"--",
            "전용률":"--",
            "욕실수":100,
            "현관타입":100,
            "주거총점":43.0,
            "지역구공급총점":0.0,
            "역세권":50,
            "30분내 이동가능 거점":0,
            "1시간내 이동가능 거점":50,
            "교통총점":35.0,
            "백화점":100,
            "아울렛몰":0,
            "대형마트":80,
            "은행":0,
            "병원":60,
            "종합병원":100,
            "공원":100,
            "혐오시설":0,
            "인프라총점":71.0,
            "초등학군":86.94,
            "중학군":43.72,
            "학군총점":52.364,
            "인구수":57.89,
            "인구증감":-13.43,
            "인구총점":36.494,
            "일자리":18.4,
            "소득수준":62.21,
            "일자리총점":31.543,
            "가치 총점":50.0046,
            "매매실거래년":20211106.0,
            "매매실거래가":28500.0,
            "전세실거래년":20210605.0,
            "전세실거래가":20000.0,
            "전세가율":70.18,
            "장기전세가율평균":72.96,
            "전세가율거품지수":2.78,
            "검색코드":13296,
            "세대수":110.0,
            "준공년월":"2005-03-23",
            "준공년차":18.0,
            "가까운역이름":"부평시장",
            "가까운역거리":760.02,
            "역세권여부":"준역세권",
            "30분이내주요거점역":0,
            "1시간이내주요거점역":5,
            "3km이내백화점수":1,
            "5km이내아울렛몰수":0,
            "1km이내대형먀트수":1,
            "500m이내은행수":1,
            "500m이내병원수":14,
            "5km이내대형병원수":9,
            "500m이내공원수":2,
            "3km이내혐오시설수":0,
            "초등학교학업성취도":86.94,
            "중학교학업성취도":71.0,
            "용적률":563,
            "건폐율":64,
            "Y":37.498955,
            "X":126.730829,
            "rank":29.0,
            "area_info":"27평(90.95), 27평(92.16), 30평(99.52)",
            "last_sales":"2021-11-06,28500.0,27평(90.95)"
        },
        {
            "index":157,
            "아파트명":"현대",
            "투자타입":"일반",
            "전용면적(m2)":"81.56",
            "전용면적(평)":"24평",
            "법정동주소":"인천시 부평구 부개동 308-5",
            "도로명주소":"인천시 부평구 경인로1083번길 32",
            "세대수":0,
            "입주년차":0,
            "용적률점수":"--",
            "건폐율점수":"--",
            "세대당주차수":0,
            "난방방식":30,
            "공급면적":"--",
            "전용률":"--",
            "욕실수":50,
            "현관타입":10,
            "주거총점":9.0,
            "지역구공급총점":0.0,
            "역세권":100,
            "30분내 이동가능 거점":0,
            "1시간내 이동가능 거점":60,
            "교통총점":62.0,
            "백화점":100,
            "아울렛몰":0,
            "대형마트":0,
            "은행":0,
            "병원":60,
            "종합병원":100,
            "공원":100,
            "혐오시설":0,
            "인프라총점":59.0,
            "초등학군":82.33,
            "중학군":50.44,
            "학군총점":56.818,
            "인구수":57.89,
            "인구증감":-13.43,
            "인구총점":36.494,
            "일자리":18.4,
            "소득수준":62.21,
            "일자리총점":31.543,
            "가치 총점":49.7227,
            "매매실거래년":20210826.0,
            "매매실거래가":29000.0,
            "전세실거래년":20211027.0,
            "전세실거래가":24000.0,
            "전세가율":82.76,
            "장기전세가율평균":72.96,
            "전세가율거품지수":-9.8,
            "검색코드":9118,
            "세대수":184.0,
            "준공년월":"1993-05-20",
            "준공년차":30.0,
            "가까운역이름":"부개",
            "가까운역거리":85.46,
            "역세권여부":"초역세권",
            "30분이내주요거점역":0,
            "1시간이내주요거점역":6,
            "3km이내백화점수":1,
            "5km이내아울렛몰수":0,
            "1km이내대형먀트수":0,
            "500m이내은행수":1,
            "500m이내병원수":22,
            "5km이내대형병원수":11,
            "500m이내공원수":4,
            "3km이내혐오시설수":0,
            "초등학교학업성취도":82.33,
            "중학교학업성취도":82.0,
            "용적률":228,
            "건폐율":21,
            "Y":37.48766,
            "X":126.74125,
            "rank":30.0,
            "area_info":"24평(81.56), 31평(105.19)",
            "last_sales":"2021-08-26,29000.0,24평(81.56)"
        },
        {
            "index":192,
            "아파트명":"래미안부평",
            "투자타입":"일반",
            "전용면적(m2)":"79.72",
            "전용면적(평)":"24평",
            "법정동주소":"인천시 부평구 부평동 947",
            "도로명주소":"인천시 부평구 길주남로10번길 21",
            "세대수":90,
            "입주년차":80,
            "용적률점수":"--",
            "건폐율점수":"--",
            "세대당주차수":30,
            "난방방식":100,
            "공급면적":"--",
            "전용률":"--",
            "욕실수":100,
            "현관타입":100,
            "주거총점":82.0,
            "지역구공급총점":0.0,
            "역세권":50,
            "30분내 이동가능 거점":0,
            "1시간내 이동가능 거점":50,
            "교통총점":35.0,
            "백화점":0,
            "아울렛몰":0,
            "대형마트":100,
            "은행":0,
            "병원":60,
            "종합병원":100,
            "공원":100,
            "혐오시설":0,
            "인프라총점":44.0,
            "초등학군":85.25,
            "중학군":43.72,
            "학군총점":52.026,
            "인구수":57.89,
            "인구증감":-13.43,
            "인구총점":36.494,
            "일자리":18.4,
            "소득수준":62.21,
            "일자리총점":31.543,
            "가치 총점":49.6539,
            "매매실거래년":20211211.0,
            "매매실거래가":75000.0,
            "전세실거래년":20211202.0,
            "전세실거래가":41000.0,
            "전세가율":61.19,
            "장기전세가율평균":72.96,
            "전세가율거품지수":11.77,
            "검색코드":104629,
            "세대수":1145.0,
            "준공년월":"2014-09-29",
            "준공년차":9.0,
            "가까운역이름":"부평시장",
            "가까운역거리":570.11,
            "역세권여부":"준역세권",
            "30분이내주요거점역":0,
            "1시간이내주요거점역":5,
            "3km이내백화점수":0,
            "5km이내아울렛몰수":0,
            "1km이내대형먀트수":2,
            "500m이내은행수":1,
            "500m이내병원수":14,
            "5km이내대형병원수":9,
            "500m이내공원수":2,
            "3km이내혐오시설수":0,
            "초등학교학업성취도":85.25,
            "중학교학업성취도":71.0,
            "용적률":279,
            "건폐율":19,
            "Y":37.503391,
            "X":126.723629,
            "rank":31.0,
            "area_info":"24평(79.72), 33평(111.51), 33평(112.07), 33평(112.14), 33평(112.25), 34평(112.8), 34평(112.62), 33평(112.01), 45평(150.45), 45평(151.18), 45평(151.15)",
            "last_sales":"2021-12-11,75000.0,33평(112.07)"
        },
        {
            "index":120,
            "아파트명":"부개주공5단지",
            "투자타입":"일반",
            "전용면적(m2)":"79.41",
            "전용면적(평)":"24평",
            "법정동주소":"인천시 부평구 부개동 500-1",
            "도로명주소":"인천시 부평구 부개로 11",
            "세대수":90,
            "입주년차":0,
            "용적률점수":"--",
            "건폐율점수":"--",
            "세대당주차수":60,
            "난방방식":100,
            "공급면적":"--",
            "전용률":"--",
            "욕실수":50,
            "현관타입":100,
            "주거총점":65.5,
            "지역구공급총점":0.0,
            "역세권":50,
            "30분내 이동가능 거점":0,
            "1시간내 이동가능 거점":30,
            "교통총점":31.0,
            "백화점":100,
            "아울렛몰":0,
            "대형마트":0,
            "은행":0,
            "병원":60,
            "종합병원":100,
            "공원":100,
            "혐오시설":0,
            "인프라총점":59.0,
            "초등학군":84.1,
            "중학군":44.04,
            "학군총점":52.052,
            "인구수":57.89,
            "인구증감":-13.43,
            "인구총점":36.494,
            "일자리":18.4,
            "소득수준":62.21,
            "일자리총점":31.543,
            "가치 총점":49.4578,
            "매매실거래년":20211119.0,
            "매매실거래가":46000.0,
            "전세실거래년":20211214.0,
            "전세실거래가":26900.0,
            "전세가율":90.27,
            "장기전세가율평균":72.96,
            "전세가율거품지수":-17.31,
            "검색코드":8350,
            "세대수":960.0,
            "준공년월":"1998-06-18",
            "준공년차":25.0,
            "가까운역이름":"삼산체육관",
            "가까운역거리":845.78,
            "역세권여부":"준역세권",
            "30분이내주요거점역":0,
            "1시간이내주요거점역":3,
            "3km이내백화점수":1,
            "5km이내아울렛몰수":0,
            "1km이내대형먀트수":0,
            "500m이내은행수":0,
            "500m이내병원수":11,
            "5km이내대형병원수":9,
            "500m이내공원수":10,
            "3km이내혐오시설수":0,
            "초등학교학업성취도":84.1,
            "중학교학업성취도":72.8,
            "용적률":245,
            "건폐율":16,
            "Y":37.499467,
            "X":126.73824,
            "rank":32.0,
            "area_info":"24평(79.41), 24평(80.33)",
            "last_sales":"2021-11-19,46000.0,24평(80.33)"
        },
        {
            "index":122,
            "아파트명":"부개주공6단지(휴먼시아)",
            "투자타입":"일반",
            "전용면적(m2)":"105.5",
            "전용면적(평)":"31평",
            "법정동주소":"인천시 부평구 부개동 501-1",
            "도로명주소":"인천시 부평구 부개로 12",
            "세대수":90,
            "입주년차":0,
            "용적률점수":"--",
            "건폐율점수":"--",
            "세대당주차수":0,
            "난방방식":100,
            "공급면적":"--",
            "전용률":"--",
            "욕실수":100,
            "현관타입":100,
            "주거총점":61.5,
            "지역구공급총점":0.0,
            "역세권":50,
            "30분내 이동가능 거점":0,
            "1시간내 이동가능 거점":30,
            "교통총점":31.0,
            "백화점":100,
            "아울렛몰":0,
            "대형마트":0,
            "은행":0,
            "병원":60,
            "종합병원":100,
            "공원":100,
            "혐오시설":0,
            "인프라총점":59.0,
            "초등학군":91.03,
            "중학군":44.04,
            "학군총점":53.438,
            "인구수":57.89,
            "인구증감":-13.43,
            "인구총점":36.494,
            "일자리":18.4,
            "소득수준":62.21,
            "일자리총점":31.543,
            "가치 총점":48.8657,
            "매매실거래년":20220105.0,
            "매매실거래가":60000.0,
            "전세실거래년":20220105.0,
            "전세실거래가":44500.0,
            "전세가율":74.17,
            "장기전세가율평균":72.96,
            "전세가율거품지수":-1.21,
            "검색코드":8351,
            "세대수":1240.0,
            "준공년월":"1997-10-22",
            "준공년차":26.0,
            "가까운역이름":"삼산체육관",
            "가까운역거리":722.3,
            "역세권여부":"준역세권",
            "30분이내주요거점역":0,
            "1시간이내주요거점역":3,
            "3km이내백화점수":1,
            "5km이내아울렛몰수":0,
            "1km이내대형먀트수":0,
            "500m이내은행수":0,
            "500m이내병원수":13,
            "5km이내대형병원수":10,
            "500m이내공원수":9,
            "3km이내혐오시설수":0,
            "초등학교학업성취도":91.03,
            "중학교학업성취도":72.8,
            "용적률":232,
            "건폐율":14,
            "Y":37.49995,
            "X":126.741307,
            "rank":33.0,
            "area_info":"31평(105.5)",
            "last_sales":"2022-01-05,60000.0,31평(105.5)"
        },
        {
            "index":70,
            "아파트명":"리노빌",
            "투자타입":"일반",
            "전용면적(m2)":"48.35",
            "전용면적(평)":"14평",
            "법정동주소":"인천시 부평구 부개동 296-2",
            "도로명주소":"인천시 부평구 수변로9번길 10",
            "세대수":0,
            "입주년차":20,
            "용적률점수":"--",
            "건폐율점수":"--",
            "세대당주차수":0,
            "난방방식":30,
            "공급면적":"--",
            "전용률":"--",
            "욕실수":50,
            "현관타입":100,
            "주거총점":22.0,
            "지역구공급총점":0.0,
            "역세권":80,
            "30분내 이동가능 거점":0,
            "1시간내 이동가능 거점":60,
            "교통총점":52.0,
            "백화점":100,
            "아울렛몰":0,
            "대형마트":0,
            "은행":0,
            "병원":60,
            "종합병원":100,
            "공원":100,
            "혐오시설":0,
            "인프라총점":59.0,
            "초등학군":82.33,
            "중학군":50.44,
            "학군총점":56.818,
            "인구수":57.89,
            "인구증감":-13.43,
            "인구총점":36.494,
            "일자리":18.4,
            "소득수준":62.21,
            "일자리총점":31.543,
            "가치 총점":48.8227,
            "매매실거래년":20210913.0,
            "매매실거래가":16200.0,
            "전세실거래년":null,
            "전세실거래가":null,
            "전세가율":null,
            "장기전세가율평균":72.96,
            "전세가율거품지수":null,
            "검색코드":10853,
            "세대수":103.0,
            "준공년월":"2003-09-01",
            "준공년차":20.0,
            "가까운역이름":"부개",
            "가까운역거리":207.33,
            "역세권여부":"역세권",
            "30분이내주요거점역":0,
            "1시간이내주요거점역":6,
            "3km이내백화점수":1,
            "5km이내아울렛몰수":0,
            "1km이내대형먀트수":0,
            "500m이내은행수":1,
            "500m이내병원수":18,
            "5km이내대형병원수":11,
            "500m이내공원수":4,
            "3km이내혐오시설수":0,
            "초등학교학업성취도":82.33,
            "중학교학업성취도":82.0,
            "용적률":287,
            "건폐율":26,
            "Y":37.48783,
            "X":126.73886,
            "rank":34.0,
            "area_info":"14평(48.35), 16평(55.25), 18평(62.78), 20평(69.25), 22평(75.62), 29평(96.22), 32평(105.8)",
            "last_sales":"2021-09-13,16200.0,14평(48.35)"
        },
        {
            "index":227,
            "아파트명":"부평역화성파크드림",
            "투자타입":"일반",
            "전용면적(m2)":"80.48",
            "전용면적(평)":"24평",
            "법정동주소":"인천시 부평구 부평동 995",
            "도로명주소":"인천시 부평구 동수로 80",
            "세대수":50,
            "입주년차":100,
            "용적률점수":"--",
            "건폐율점수":"--",
            "세대당주차수":30,
            "난방방식":30,
            "공급면적":"--",
            "전용률":"--",
            "욕실수":100,
            "현관타입":100,
            "주거총점":65.0,
            "지역구공급총점":0.0,
            "역세권":50,
            "30분내 이동가능 거점":0,
            "1시간내 이동가능 거점":100,
            "교통총점":45.0,
            "백화점":0,
            "아울렛몰":0,
            "대형마트":80,
            "은행":0,
            "병원":60,
            "종합병원":100,
            "공원":80,
            "혐오시설":0,
            "인프라총점":40.4,
            "초등학군":86.09,
            "중학군":43.86,
            "학군총점":52.306,
            "인구수":57.89,
            "인구증감":-13.43,
            "인구총점":36.494,
            "일자리":18.4,
            "소득수준":62.21,
            "일자리총점":31.543,
            "가치 총점":48.7159,
            "매매실거래년":20210527.0,
            "매매실거래가":52000.0,
            "전세실거래년":20211219.0,
            "전세실거래가":35000.0,
            "전세가율":67.31,
            "장기전세가율평균":72.96,
            "전세가율거품지수":5.65,
            "검색코드":121553,
            "세대수":541.0,
            "준공년월":"2020-11-30",
            "준공년차":3.0,
            "가까운역이름":"부평",
            "가까운역거리":584.23,
            "역세권여부":"준역세권",
            "30분이내주요거점역":0,
            "1시간이내주요거점역":10,
            "3km이내백화점수":0,
            "5km이내아울렛몰수":0,
            "1km이내대형먀트수":1,
            "500m이내은행수":1,
            "500m이내병원수":13,
            "5km이내대형병원수":8,
            "500m이내공원수":1,
            "3km이내혐오시설수":0,
            "초등학교학업성취도":86.09,
            "중학교학업성취도":72.7,
            "용적률":293,
            "건폐율":56,
            "Y":37.484686,
            "X":126.727478,
            "rank":35.0,
            "area_info":"24평(80.48), 24평(80.87), 30평(100.55), 30평(101.46), 33평(111.99), 33평(112.26)",
            "last_sales":"2021-05-27,52000.0,24평(80.48)"
        },
        {
            "index":634,
            "아파트명":"풍림",
            "투자타입":"일반",
            "전용면적(m2)":"90.02",
            "전용면적(평)":"27평",
            "법정동주소":"인천시 부평구 일신동 409",
            "도로명주소":"인천시 부평구 일신로14번길 23",
            "세대수":80,
            "입주년차":0,
            "용적률점수":"--",
            "건폐율점수":"--",
            "세대당주차수":30,
            "난방방식":30,
            "공급면적":"--",
            "전용률":"--",
            "욕실수":50,
            "현관타입":100,
            "주거총점":50.5,
            "지역구공급총점":0.0,
            "역세권":50,
            "30분내 이동가능 거점":0,
            "1시간내 이동가능 거점":50,
            "교통총점":35.0,
            "백화점":100,
            "아울렛몰":0,
            "대형마트":0,
            "은행":0,
            "병원":60,
            "종합병원":100,
            "공원":100,
            "혐오시설":0,
            "인프라총점":59.0,
            "초등학군":87.1,
            "중학군":50.44,
            "학군총점":57.772,
            "인구수":57.89,
            "인구증감":-13.43,
            "인구총점":36.494,
            "일자리":18.4,
            "소득수준":62.21,
            "일자리총점":31.543,
            "가치 총점":48.7158,
            "매매실거래년":20211230.0,
            "매매실거래가":48000.0,
            "전세실거래년":20210719.0,
            "전세실거래가":26000.0,
            "전세가율":83.87,
            "장기전세가율평균":72.96,
            "전세가율거품지수":-10.91,
            "검색코드":2425,
            "세대수":750.0,
            "준공년월":"1995-11-03",
            "준공년차":28.0,
            "가까운역이름":"부개",
            "가까운역거리":640.59,
            "역세권여부":"준역세권",
            "30분이내주요거점역":0,
            "1시간이내주요거점역":5,
            "3km이내백화점수":1,
            "5km이내아울렛몰수":0,
            "1km이내대형먀트수":0,
            "500m이내은행수":1,
            "500m이내병원수":11,
            "5km이내대형병원수":9,
            "500m이내공원수":2,
            "3km이내혐오시설수":0,
            "초등학교학업성취도":87.1,
            "중학교학업성취도":82.0,
            "용적률":252,
            "건폐율":18,
            "Y":37.483017,
            "X":126.743616,
            "rank":36.0,
            "area_info":"27평(90.02), 31평(105.49)",
            "last_sales":"2021-12-30,48000.0,31평(105.49)"
        },
        {
            "index":2,
            "아파트명":"갈산이안",
            "투자타입":"일반",
            "전용면적(m2)":"88.18",
            "전용면적(평)":"26평",
            "법정동주소":"인천시 부평구 갈산동 159",
            "도로명주소":"인천시 부평구 평천로305번길 15",
            "세대수":50,
            "입주년차":20,
            "용적률점수":"--",
            "건폐율점수":"--",
            "세대당주차수":0,
            "난방방식":30,
            "공급면적":"--",
            "전용률":"--",
            "욕실수":100,
            "현관타입":100,
            "주거총점":44.5,
            "지역구공급총점":0.0,
            "역세권":80,
            "30분내 이동가능 거점":0,
            "1시간내 이동가능 거점":50,
            "교통총점":50.0,
            "백화점":0,
            "아울렛몰":0,
            "대형마트":80,
            "은행":70,
            "병원":60,
            "종합병원":100,
            "공원":100,
            "혐오시설":0,
            "인프라총점":48.0,
            "초등학군":88.44,
            "중학군":42.98,
            "학군총점":52.072,
            "인구수":57.89,
            "인구증감":-13.43,
            "인구총점":36.494,
            "일자리":18.4,
            "소득수준":62.21,
            "일자리총점":31.543,
            "가치 총점":48.6108,
            "매매실거래년":20210807.0,
            "매매실거래가":49500.0,
            "전세실거래년":20210925.0,
            "전세실거래가":25500.0,
            "전세가율":75.0,
            "장기전세가율평균":72.96,
            "전세가율거품지수":-2.04,
            "검색코드":8229,
            "세대수":414.0,
            "준공년월":"2001-11-23",
            "준공년차":22.0,
            "가까운역이름":"갈산",
            "가까운역거리":164.97,
            "역세권여부":"역세권",
            "30분이내주요거점역":0,
            "1시간이내주요거점역":5,
            "3km이내백화점수":0,
            "5km이내아울렛몰수":0,
            "1km이내대형먀트수":1,
            "500m이내은행수":3,
            "500m이내병원수":13,
            "5km이내대형병원수":9,
            "500m이내공원수":2,
            "3km이내혐오시설수":0,
            "초등학교학업성취도":88.44,
            "중학교학업성취도":70.1,
            "용적률":249,
            "건폐율":18,
            "Y":37.51766,
            "X":126.723318,
            "rank":37.0,
            "area_info":"26평(88.18), 35평(115.79)",
            "last_sales":"2021-08-07,49500.0,35평(115.79)"
        },
        {
            "index":183,
            "아파트명":"동아2단지",
            "투자타입":"일반",
            "전용면적(m2)":"81.66",
            "전용면적(평)":"24평",
            "법정동주소":"인천시 부평구 부평동 70-123",
            "도로명주소":"인천시 부평구 부흥로 246",
            "세대수":100,
            "입주년차":0,
            "용적률점수":"--",
            "건폐율점수":"--",
            "세대당주차수":0,
            "난방방식":100,
            "공급면적":"--",
            "전용률":"--",
            "욕실수":50,
            "현관타입":10,
            "주거총점":51.0,
            "지역구공급총점":0.0,
            "역세권":80,
            "30분내 이동가능 거점":0,
            "1시간내 이동가능 거점":50,
            "교통총점":50.0,
            "백화점":0,
            "아울렛몰":0,
            "대형마트":0,
            "은행":100,
            "병원":80,
            "종합병원":100,
            "공원":0,
            "혐오시설":0,
            "인프라총점":38.0,
            "초등학군":86.94,
            "중학군":54.08,
            "학군총점":60.652,
            "인구수":57.89,
            "인구증감":-13.43,
            "인구총점":36.494,
            "일자리":18.4,
            "소득수준":62.21,
            "일자리총점":31.543,
            "가치 총점":48.1978,
            "매매실거래년":20211018.0,
            "매매실거래가":73500.0,
            "전세실거래년":20211221.0,
            "전세실거래가":21000.0,
            "전세가율":39.81,
            "장기전세가율평균":72.96,
            "전세가율거품지수":33.15,
            "검색코드":2331,
            "세대수":2128.0,
            "준공년월":"1996-07-25",
            "준공년차":27.0,
            "가까운역이름":"부평시장",
            "가까운역거리":385.85,
            "역세권여부":"역세권",
            "30분이내주요거점역":0,
            "1시간이내주요거점역":5,
            "3km이내백화점수":0,
            "5km이내아울렛몰수":0,
            "1km이내대형먀트수":0,
            "500m이내은행수":6,
            "500m이내병원수":33,
            "5km이내대형병원수":10,
            "500m이내공원수":0,
            "3km이내혐오시설수":0,
            "초등학교학업성취도":86.94,
            "중학교학업성취도":86.2,
            "용적률":242,
            "건폐율":16,
            "Y":37.497851,
            "X":126.717922,
            "rank":38.0,
            "area_info":"24평(81.66), 32평(106.26), 48평(161.36), 59평(197.38)",
            "last_sales":"2021-10-18,73500.0,32평(106.26)"
        },
        {
            "index":602,
            "아파트명":"인천부평대주파크빌",
            "투자타입":"일반",
            "전용면적(m2)":"88.59",
            "전용면적(평)":"26평",
            "법정동주소":"인천시 부평구 십정동 182-95",
            "도로명주소":"인천시 부평구 마장로 49",
            "세대수":30,
            "입주년차":20,
            "용적률점수":"--",
            "건폐율점수":"--",
            "세대당주차수":0,
            "난방방식":30,
            "공급면적":"--",
            "전용률":"--",
            "욕실수":50,
            "현관타입":10,
            "주거총점":23.5,
            "지역구공급총점":0.0,
            "역세권":100,
            "30분내 이동가능 거점":0,
            "1시간내 이동가능 거점":60,
            "교통총점":62.0,
            "백화점":0,
            "아울렛몰":0,
            "대형마트":80,
            "은행":0,
            "병원":60,
            "종합병원":100,
            "공원":100,
            "혐오시설":0,
            "인프라총점":41.0,
            "초등학군":84.96,
            "중학군":55.68,
            "학군총점":61.536,
            "인구수":57.89,
            "인구증감":-13.43,
            "인구총점":36.494,
            "일자리":18.4,
            "소득수준":62.21,
            "일자리총점":31.543,
            "가치 총점":47.9304,
            "매매실거래년":20211215.0,
            "매매실거래가":32800.0,
            "전세실거래년":20210924.0,
            "전세실거래가":19000.0,
            "전세가율":57.93,
            "장기전세가율평균":72.96,
            "전세가율거품지수":15.03,
            "검색코드":3730,
            "세대수":312.0,
            "준공년월":"2001-11-24",
            "준공년차":22.0,
            "가까운역이름":"백운",
            "가까운역거리":80.82,
            "역세권여부":"초역세권",
            "30분이내주요거점역":0,
            "1시간이내주요거점역":6,
            "3km이내백화점수":0,
            "5km이내아울렛몰수":0,
            "1km이내대형먀트수":1,
            "500m이내은행수":0,
            "500m이내병원수":18,
            "5km이내대형병원수":8,
            "500m이내공원수":3,
            "3km이내혐오시설수":0,
            "초등학교학업성취도":84.96,
            "중학교학업성취도":90.0,
            "용적률":486,
            "건폐율":34,
            "Y":37.482947,
            "X":126.707854,
            "rank":39.0,
            "area_info":"26평(88.59), 33평(110.2)",
            "last_sales":"2021-12-15,32800.0,26평(88.59)"
        },
        {
            "index":38,
            "아파트명":"한국(179-1)",
            "투자타입":"일반",
            "전용면적(m2)":"78.72",
            "전용면적(평)":"23평",
            "법정동주소":"인천시 부평구 갈산동 179-1",
            "도로명주소":"인천시 부평구 부평대로278번길 42",
            "세대수":50,
            "입주년차":0,
            "용적률점수":"--",
            "건폐율점수":"--",
            "세대당주차수":30,
            "난방방식":30,
            "공급면적":"--",
            "전용률":"--",
            "욕실수":50,
            "현관타입":100,
            "주거총점":40.0,
            "지역구공급총점":0.0,
            "역세권":80,
            "30분내 이동가능 거점":0,
            "1시간내 이동가능 거점":50,
            "교통총점":50.0,
            "백화점":0,
            "아울렛몰":0,
            "대형마트":80,
            "은행":70,
            "병원":60,
            "종합병원":100,
            "공원":100,
            "혐오시설":0,
            "인프라총점":48.0,
            "초등학군":83.09,
            "중학군":42.98,
            "학군총점":51.002,
            "인구수":57.89,
            "인구증감":-13.43,
            "인구총점":36.494,
            "일자리":18.4,
            "소득수준":62.21,
            "일자리총점":31.543,
            "가치 총점":47.5503,
            "매매실거래년":20211222.0,
            "매매실거래가":45100.0,
            "전세실거래년":20211023.0,
            "전세실거래가":19900.0,
            "전세가율":68.62,
            "장기전세가율평균":72.96,
            "전세가율거품지수":4.34,
            "검색코드":3405,
            "세대수":520.0,
            "준공년월":"1998-11-19",
            "준공년차":25.0,
            "가까운역이름":"갈산",
            "가까운역거리":366.72,
            "역세권여부":"역세권",
            "30분이내주요거점역":0,
            "1시간이내주요거점역":5,
            "3km이내백화점수":0,
            "5km이내아울렛몰수":0,
            "1km이내대형먀트수":1,
            "500m이내은행수":3,
            "500m이내병원수":16,
            "5km이내대형병원수":10,
            "500m이내공원수":4,
            "3km이내혐오시설수":0,
            "초등학교학업성취도":83.09,
            "중학교학업성취도":70.1,
            "용적률":284,
            "건폐율":21,
            "Y":37.514695,
            "X":126.724115,
            "rank":40.0,
            "area_info":"23평(78.72), 31평(105.34)",
            "last_sales":"2021-12-22,45100.0,31평(105.34)"
        },
        {
            "index":532,
            "아파트명":"삼산타운2단지두산",
            "투자타입":"일반",
            "전용면적(m2)":"106.87",
            "전용면적(평)":"32평",
            "법정동주소":"인천시 부평구 삼산동 445-5",
            "도로명주소":"인천시 부평구 수변로 333",
            "세대수":100,
            "입주년차":40,
            "용적률점수":"--",
            "건폐율점수":"--",
            "세대당주차수":30,
            "난방방식":100,
            "공급면적":"--",
            "전용률":"--",
            "욕실수":100,
            "현관타입":100,
            "주거총점":77.5,
            "지역구공급총점":0.0,
            "역세권":0,
            "30분내 이동가능 거점":0,
            "1시간내 이동가능 거점":30,
            "교통총점":6.0,
            "백화점":100,
            "아울렛몰":0,
            "대형마트":80,
            "은행":20,
            "병원":30,
            "종합병원":100,
            "공원":100,
            "혐오시설":0,
            "인프라총점":70.0,
            "초등학군":88.27,
            "중학군":52.46,
            "학군총점":59.622,
            "인구수":57.89,
            "인구증감":-13.43,
            "인구총점":36.494,
            "일자리":18.4,
            "소득수준":62.21,
            "일자리총점":31.543,
            "가치 총점":47.5433,
            "매매실거래년":20210729.0,
            "매매실거래가":65700.0,
            "전세실거래년":null,
            "전세실거래가":null,
            "전세가율":null,
            "장기전세가율평균":72.96,
            "전세가율거품지수":null,
            "검색코드":14399,
            "세대수":1622.0,
            "준공년월":"2005-10-21",
            "준공년차":18.0,
            "가까운역이름":"굴포천",
            "가까운역거리":1054.33,
            "역세권여부":"비역세권",
            "30분이내주요거점역":0,
            "1시간이내주요거점역":3,
            "3km이내백화점수":1,
            "5km이내아울렛몰수":0,
            "1km이내대형먀트수":1,
            "500m이내은행수":2,
            "500m이내병원수":9,
            "5km이내대형병원수":8,
            "500m이내공원수":5,
            "3km이내혐오시설수":0,
            "초등학교학업성취도":88.27,
            "중학교학업성취도":84.9,
            "용적률":205,
            "건폐율":12,
            "Y":37.515206,
            "X":126.737262,
            "rank":41.0,
            "area_info":"32평(106.87), 32평(106.86), 33평(109.79), 33평(109.79), 33평(110.51), 33평(110.5)",
            "last_sales":"2021-07-29,65700.0,33평(110.5)"
        },
        {
            "index":594,
            "아파트명":"브라운스톤백운",
            "투자타입":"일반",
            "전용면적(m2)":"81.3",
            "전용면적(평)":"24평",
            "법정동주소":"인천시 부평구 십정동 617",
            "도로명주소":"인천시 부평구 마장로 43-20",
            "세대수":0,
            "입주년차":80,
            "용적률점수":"--",
            "건폐율점수":"--",
            "세대당주차수":30,
            "난방방식":30,
            "공급면적":"--",
            "전용률":"--",
            "욕실수":100,
            "현관타입":100,
            "주거총점":43.5,
            "지역구공급총점":0.0,
            "역세권":80,
            "30분내 이동가능 거점":0,
            "1시간내 이동가능 거점":60,
            "교통총점":52.0,
            "백화점":0,
            "아울렛몰":0,
            "대형마트":80,
            "은행":0,
            "병원":30,
            "종합병원":100,
            "공원":100,
            "혐오시설":0,
            "인프라총점":38.0,
            "초등학군":84.96,
            "중학군":55.68,
            "학군총점":61.536,
            "인구수":57.89,
            "인구증감":-13.43,
            "인구총점":36.494,
            "일자리":18.4,
            "소득수준":62.21,
            "일자리총점":31.543,
            "가치 총점":47.5304,
            "매매실거래년":20210412.0,
            "매매실거래가":43500.0,
            "전세실거래년":20210816.0,
            "전세실거래가":28000.0,
            "전세가율":112.0,
            "장기전세가율평균":72.96,
            "전세가율거품지수":-39.04,
            "검색코드":104628,
            "세대수":261.0,
            "준공년월":"2014-06-25",
            "준공년차":9.0,
            "가까운역이름":"백운",
            "가까운역거리":146.41,
            "역세권여부":"역세권",
            "30분이내주요거점역":0,
            "1시간이내주요거점역":6,
            "3km이내백화점수":0,
            "5km이내아울렛몰수":0,
            "1km이내대형먀트수":1,
            "500m이내은행수":0,
            "500m이내병원수":5,
            "5km이내대형병원수":8,
            "500m이내공원수":2,
            "3km이내혐오시설수":0,
            "초등학교학업성취도":84.96,
            "중학교학업성취도":90.0,
            "용적률":325,
            "건폐율":22,
            "Y":37.482419,
            "X":126.707164,
            "rank":42.0,
            "area_info":"24평(81.3), 34평(113.25), 34평(113.78), 34평(113.79)",
            "last_sales":"2021-04-12,43500.0,34평(113.78)"
        },
        {
            "index":203,
            "아파트명":"미도",
            "투자타입":"재건축",
            "전용면적(m2)":"78.08",
            "전용면적(평)":"23평",
            "법정동주소":"인천시 부평구 부평동 799-5",
            "도로명주소":"인천시 부평구 부평대로165번길 40",
            "세대수":0,
            "입주년차":"--",
            "용적률점수":80,
            "건폐율점수":60,
            "세대당주차수":"--",
            "난방방식":"--",
            "공급면적":50,
            "전용률":60,
            "욕실수":"--",
            "현관타입":"--",
            "주거총점":49.5,
            "지역구공급총점":0.0,
            "역세권":80,
            "30분내 이동가능 거점":0,
            "1시간내 이동가능 거점":50,
            "교통총점":50.0,
            "백화점":0,
            "아울렛몰":0,
            "대형마트":80,
            "은행":0,
            "병원":60,
            "종합병원":100,
            "공원":80,
            "혐오시설":0,
            "인프라총점":40.4,
            "초등학군":88.14,
            "중학군":42.98,
            "학군총점":52.012,
            "인구수":57.89,
            "인구증감":-13.43,
            "인구총점":36.494,
            "일자리":18.4,
            "소득수준":62.21,
            "일자리총점":31.543,
            "가치 총점":47.3218,
            "매매실거래년":20211126.0,
            "매매실거래가":20000.0,
            "전세실거래년":20210903.0,
            "전세실거래가":15000.0,
            "전세가율":75.0,
            "장기전세가율평균":72.96,
            "전세가율거품지수":-2.04,
            "검색코드":2518,
            "세대수":140.0,
            "준공년월":"1986-02-28",
            "준공년차":37.0,
            "가까운역이름":"부평구청",
            "가까운역거리":416.59,
            "역세권여부":"역세권",
            "30분이내주요거점역":0,
            "1시간이내주요거점역":5,
            "3km이내백화점수":0,
            "5km이내아울렛몰수":0,
            "1km이내대형먀트수":1,
            "500m이내은행수":0,
            "500m이내병원수":15,
            "5km이내대형병원수":9,
            "500m이내공원수":1,
            "3km이내혐오시설수":0,
            "초등학교학업성취도":88.14,
            "중학교학업성취도":70.1,
            "용적률":153,
            "건폐율":31,
            "Y":37.505028,
            "X":126.718331,
            "rank":43.0,
            "area_info":"23평(78.08), 26평(89.1)",
            "last_sales":"2021-11-26,20000.0,23평(78.08)"
        },
        {
            "index":464,
            "아파트명":"현대(307)",
            "투자타입":"재건축",
            "전용면적(m2)":"89.38",
            "전용면적(평)":"27평",
            "법정동주소":"인천시 부평구 산곡동 307",
            "도로명주소":"인천시 부평구 경원대로 1269",
            "세대수":100,
            "입주년차":"--",
            "용적률점수":60,
            "건폐율점수":100,
            "세대당주차수":"--",
            "난방방식":"--",
            "공급면적":70,
            "전용률":80,
            "욕실수":"--",
            "현관타입":"--",
            "주거총점":81.5,
            "지역구공급총점":0.0,
            "역세권":50,
            "30분내 이동가능 거점":0,
            "1시간내 이동가능 거점":30,
            "교통총점":31.0,
            "백화점":0,
            "아울렛몰":0,
            "대형마트":80,
            "은행":0,
            "병원":80,
            "종합병원":100,
            "공원":0,
            "혐오시설":0,
            "인프라총점":40.0,
            "초등학군":91.62,
            "중학군":41.88,
            "학군총점":51.828,
            "인구수":57.89,
            "인구증감":-13.43,
            "인구총점":36.494,
            "일자리":18.4,
            "소득수준":62.21,
            "일자리총점":31.543,
            "가치 총점":46.9242,
            "매매실거래년":20210924.0,
            "매매실거래가":68000.0,
            "전세실거래년":20211115.0,
            "전세실거래가":20000.0,
            "전세가율":47.62,
            "장기전세가율평균":72.96,
            "전세가율거품지수":25.34,
            "검색코드":2348,
            "세대수":2204.0,
            "준공년월":"1985-09-30",
            "준공년차":38.0,
            "가까운역이름":"백운",
            "가까운역거리":734.99,
            "역세권여부":"준역세권",
            "30분이내주요거점역":0,
            "1시간이내주요거점역":3,
            "3km이내백화점수":0,
            "5km이내아울렛몰수":0,
            "1km이내대형먀트수":1,
            "500m이내은행수":1,
            "500m이내병원수":30,
            "5km이내대형병원수":9,
            "500m이내공원수":0,
            "3km이내혐오시설수":0,
            "초등학교학업성취도":91.62,
            "중학교학업성취도":69.2,
            "용적률":182,
            "건폐율":13,
            "Y":37.490266,
            "X":126.708112,
            "rank":44.0,
            "area_info":"27평(89.38), 26평(89.22), 31평(103.88), 31평(104.0), 31평(104.41), 38평(127.29), 46평(153.54), 51평(169.74)",
            "last_sales":"2021-09-24,68000.0,51평(169.74)"
        },
        {
            "index":187,
            "아파트명":"라일플로리스(도시형)",
            "투자타입":"일반",
            "전용면적(m2)":"28.43",
            "전용면적(평)":"8평",
            "법정동주소":"인천시 부평구 부평동 146-26",
            "도로명주소":"인천시 부평구 장제로 125",
            "세대수":0,
            "입주년차":60,
            "용적률점수":"--",
            "건폐율점수":"--",
            "세대당주차수":0,
            "난방방식":30,
            "공급면적":"--",
            "전용률":"--",
            "욕실수":50,
            "현관타입":50,
            "주거총점":25.0,
            "지역구공급총점":0.0,
            "역세권":50,
            "30분내 이동가능 거점":0,
            "1시간내 이동가능 거점":50,
            "교통총점":35.0,
            "백화점":100,
            "아울렛몰":0,
            "대형마트":80,
            "은행":0,
            "병원":60,
            "종합병원":100,
            "공원":80,
            "혐오시설":0,
            "인프라총점":70.4,
            "초등학군":86.94,
            "중학군":43.72,
            "학군총점":52.364,
            "인구수":57.89,
            "인구증감":-13.43,
            "인구총점":36.494,
            "일자리":18.4,
            "소득수준":62.21,
            "일자리총점":31.543,
            "가치 총점":46.2246,
            "매매실거래년":20211115.0,
            "매매실거래가":7700.0,
            "전세실거래년":20210309.0,
            "전세실거래가":6500.0,
            "전세가율":103.17,
            "장기전세가율평균":72.96,
            "전세가율거품지수":-30.21,
            "검색코드":105556,
            "세대수":126.0,
            "준공년월":"2012-09-19",
            "준공년차":11.0,
            "가까운역이름":"부평시장",
            "가까운역거리":696.85,
            "역세권여부":"준역세권",
            "30분이내주요거점역":0,
            "1시간이내주요거점역":5,
            "3km이내백화점수":1,
            "5km이내아울렛몰수":0,
            "1km이내대형먀트수":1,
            "500m이내은행수":1,
            "500m이내병원수":22,
            "5km이내대형병원수":9,
            "500m이내공원수":1,
            "3km이내혐오시설수":0,
            "초등학교학업성취도":86.94,
            "중학교학업성취도":71.0,
            "용적률":749,
            "건폐율":66,
            "Y":37.496692,
            "X":126.72985,
            "rank":45.0,
            "area_info":"8평(28.43), 8평(29.27), 9평(29.93), 8평(29.43), 9평(30.06)",
            "last_sales":"2021-11-15,7700.0,8평(29.43)"
        },
        {
            "index":25,
            "아파트명":"삼성홈타운",
            "투자타입":"일반",
            "전용면적(m2)":"105.93",
            "전용면적(평)":"32평",
            "법정동주소":"인천시 부평구 갈산동 182-1",
            "도로명주소":"인천시 부평구 부평대로246번길 7",
            "세대수":0,
            "입주년차":60,
            "용적률점수":"--",
            "건폐율점수":"--",
            "세대당주차수":30,
            "난방방식":30,
            "공급면적":"--",
            "전용률":"--",
            "욕실수":100,
            "현관타입":100,
            "주거총점":39.5,
            "지역구공급총점":0.0,
            "역세권":80,
            "30분내 이동가능 거점":0,
            "1시간내 이동가능 거점":40,
            "교통총점":48.0,
            "백화점":0,
            "아울렛몰":0,
            "대형마트":80,
            "은행":70,
            "병원":30,
            "종합병원":100,
            "공원":100,
            "혐오시설":0,
            "인프라총점":45.0,
            "초등학군":83.11,
            "중학군":42.98,
            "학군총점":51.006,
            "인구수":57.89,
            "인구증감":-13.43,
            "인구총점":36.494,
            "일자리":18.4,
            "소득수준":62.21,
            "일자리총점":31.543,
            "가치 총점":45.8509,
            "매매실거래년":20210809.0,
            "매매실거래가":46700.0,
            "전세실거래년":20220112.0,
            "전세실거래가":32000.0,
            "전세가율":68.52,
            "장기전세가율평균":72.96,
            "전세가율거품지수":4.44,
            "검색코드":102977,
            "세대수":125.0,
            "준공년월":"2011-07-01",
            "준공년차":12.0,
            "가까운역이름":"갈산",
            "가까운역거리":377.29,
            "역세권여부":"역세권",
            "30분이내주요거점역":0,
            "1시간이내주요거점역":4,
            "3km이내백화점수":0,
            "5km이내아울렛몰수":0,
            "1km이내대형먀트수":1,
            "500m이내은행수":3,
            "500m이내병원수":9,
            "5km이내대형병원수":9,
            "500m이내공원수":2,
            "3km이내혐오시설수":0,
            "초등학교학업성취도":83.11,
            "중학교학업성취도":70.1,
            "용적률":334,
            "건폐율":32,
            "Y":37.513875,
            "X":126.721528,
            "rank":46.0,
            "area_info":"32평(105.93), 33평(111.75), 33평(112.26)",
            "last_sales":"2021-08-09,46700.0,32평(105.93)"
        },
        {
            "index":218,
            "아파트명":"부평두산위브",
            "투자타입":"일반",
            "전용면적(m2)":"76.09",
            "전용면적(평)":"23평",
            "법정동주소":"인천시 부평구 부평동 534-96",
            "도로명주소":"인천시 부평구 경원대로1344번길 8",
            "세대수":0,
            "입주년차":40,
            "용적률점수":"--",
            "건폐율점수":"--",
            "세대당주차수":30,
            "난방방식":30,
            "공급면적":"--",
            "전용률":"--",
            "욕실수":100,
            "현관타입":100,
            "주거총점":35.5,
            "지역구공급총점":0.0,
            "역세권":50,
            "30분내 이동가능 거점":0,
            "1시간내 이동가능 거점":100,
            "교통총점":45.0,
            "백화점":0,
            "아울렛몰":0,
            "대형마트":100,
            "은행":0,
            "병원":80,
            "종합병원":100,
            "공원":100,
            "혐오시설":0,
            "인프라총점":46.0,
            "초등학군":83.87,
            "중학군":55.66,
            "학군총점":61.302,
            "인구수":57.89,
            "인구증감":-13.43,
            "인구총점":36.494,
            "일자리":18.4,
            "소득수준":62.21,
            "일자리총점":31.543,
            "가치 총점":45.8453,
            "매매실거래년":20211022.0,
            "매매실거래가":48000.0,
            "전세실거래년":20210731.0,
            "전세실거래가":26250.0,
            "전세가율":54.69,
            "장기전세가율평균":72.96,
            "전세가율거품지수":18.27,
            "검색코드":11387,
            "세대수":280.0,
            "준공년월":"2005-02-25",
            "준공년차":18.0,
            "가까운역이름":"동수",
            "가까운역거리":609.7,
            "역세권여부":"준역세권",
            "30분이내주요거점역":0,
            "1시간이내주요거점역":10,
            "3km이내백화점수":0,
            "5km이내아울렛몰수":0,
            "1km이내대형먀트수":2,
            "500m이내은행수":1,
            "500m이내병원수":41,
            "5km이내대형병원수":11,
            "500m이내공원수":2,
            "3km이내혐오시설수":0,
            "초등학교학업성취도":83.87,
            "중학교학업성취도":88.3,
            "용적률":310,
            "건폐율":24,
            "Y":37.490776,
            "X":126.71767,
            "rank":47.0,
            "area_info":"23평(76.09), 32평(106.42)",
            "last_sales":"2021-10-22,48000.0,23평(76.09)"
        },
        {
            "index":274,
            "아파트명":"임탑(도시형)",
            "투자타입":"일반",
            "전용면적(m2)":"20.36",
            "전용면적(평)":"6평",
            "법정동주소":"인천시 부평구 부평동 534-92",
            "도로명주소":"인천시 부평구 경원대로 1346",
            "세대수":0,
            "입주년차":60,
            "용적률점수":"--",
            "건폐율점수":"--",
            "세대당주차수":0,
            "난방방식":30,
            "공급면적":"--",
            "전용률":"--",
            "욕실수":50,
            "현관타입":10,
            "주거총점":21.0,
            "지역구공급총점":0.0,
            "역세권":50,
            "30분내 이동가능 거점":0,
            "1시간내 이동가능 거점":100,
            "교통총점":45.0,
            "백화점":0,
            "아울렛몰":0,
            "대형마트":100,
            "은행":70,
            "병원":100,
            "종합병원":100,
            "공원":100,
            "혐오시설":0,
            "인프라총점":55.0,
            "초등학군":83.87,
            "중학군":55.66,
            "학군총점":61.302,
            "인구수":57.89,
            "인구증감":-13.43,
            "인구총점":36.494,
            "일자리":18.4,
            "소득수준":62.21,
            "일자리총점":31.543,
            "가치 총점":45.6453,
            "매매실거래년":20191222.0,
            "매매실거래가":6200.0,
            "전세실거래년":null,
            "전세실거래가":null,
            "전세가율":null,
            "장기전세가율평균":72.96,
            "전세가율거품지수":null,
            "검색코드":104196,
            "세대수":131.0,
            "준공년월":"2011-09-30",
            "준공년차":12.0,
            "가까운역이름":"부평",
            "가까운역거리":586.4,
            "역세권여부":"준역세권",
            "30분이내주요거점역":0,
            "1시간이내주요거점역":11,
            "3km이내백화점수":0,
            "5km이내아울렛몰수":0,
            "1km이내대형먀트수":2,
            "500m이내은행수":4,
            "500m이내병원수":66,
            "5km이내대형병원수":11,
            "500m이내공원수":2,
            "3km이내혐오시설수":0,
            "초등학교학업성취도":83.87,
            "중학교학업성취도":88.3,
            "용적률":697,
            "건폐율":70,
            "Y":37.49091,
            "X":126.718403,
            "rank":48.0,
            "area_info":"6평(20.36), 6평(20.7), 6평(20.98), 6평(21.89), 6평(21.22), 6평(21.39), 6평(22.86), 7평(23.53), 6평(23.07), 7평(24.05), 7평(24.73), 7평(24.15), 12평(39.7)",
            "last_sales":"2019-12-22,6200.0,7평(24.15)"
        },
        {
            "index":159,
            "아파트명":"건영캐스빌",
            "투자타입":"일반",
            "전용면적(m2)":"80.83",
            "전용면적(평)":"24평",
            "법정동주소":"인천시 부평구 부평동 252-29",
            "도로명주소":"인천시 부평구 부흥로304번길 17",
            "세대수":0,
            "입주년차":20,
            "용적률점수":"--",
            "건폐율점수":"--",
            "세대당주차수":0,
            "난방방식":30,
            "공급면적":"--",
            "전용률":"--",
            "욕실수":50,
            "현관타입":100,
            "주거총점":22.0,
            "지역구공급총점":0.0,
            "역세권":80,
            "30분내 이동가능 거점":0,
            "1시간내 이동가능 거점":50,
            "교통총점":50.0,
            "백화점":0,
            "아울렛몰":0,
            "대형마트":80,
            "은행":100,
            "병원":80,
            "종합병원":100,
            "공원":80,
            "혐오시설":0,
            "인프라총점":52.4,
            "초등학군":85.25,
            "중학군":43.72,
            "학군총점":52.026,
            "인구수":57.89,
            "인구증감":-13.43,
            "인구총점":36.494,
            "일자리":18.4,
            "소득수준":62.21,
            "일자리총점":31.543,
            "가치 총점":45.4239,
            "매매실거래년":20210721.0,
            "매매실거래가":27500.0,
            "전세실거래년":20210830.0,
            "전세실거래가":16000.0,
            "전세가율":85.56,
            "장기전세가율평균":72.96,
            "전세가율거품지수":-12.6,
            "검색코드":9321,
            "세대수":142.0,
            "준공년월":"2002-06-15",
            "준공년차":21.0,
            "가까운역이름":"부평시장",
            "가까운역거리":398.13,
            "역세권여부":"역세권",
            "30분이내주요거점역":0,
            "1시간이내주요거점역":5,
            "3km이내백화점수":0,
            "5km이내아울렛몰수":0,
            "1km이내대형먀트수":1,
            "500m이내은행수":6,
            "500m이내병원수":53,
            "5km이내대형병원수":8,
            "500m이내공원수":1,
            "3km이내혐오시설수":0,
            "초등학교학업성취도":85.25,
            "중학교학업성취도":71.0,
            "용적률":290,
            "건폐율":50,
            "Y":37.497594,
            "X":126.726646,
            "rank":49.0,
            "area_info":"24평(80.83), 24평(81.17), 33평(112.21), 34평(113.51), 35평(116.42)",
            "last_sales":"2021-07-21,27500.0,35평(116.42)"
        },
        {
            "index":164,
            "아파트명":"건우",
            "투자타입":"재건축",
            "전용면적(m2)":"71.47",
            "전용면적(평)":"21평",
            "법정동주소":"인천시 부평구 부평동 799-3",
            "도로명주소":"인천시 부평구 부평대로165번길 62",
            "세대수":0,
            "입주년차":"--",
            "용적률점수":100,
            "건폐율점수":80,
            "세대당주차수":"--",
            "난방방식":"--",
            "공급면적":50,
            "전용률":60,
            "욕실수":"--",
            "현관타입":"--",
            "주거총점":61.5,
            "지역구공급총점":0.0,
            "역세권":80,
            "30분내 이동가능 거점":0,
            "1시간내 이동가능 거점":50,
            "교통총점":50.0,
            "백화점":0,
            "아울렛몰":0,
            "대형마트":0,
            "은행":0,
            "병원":60,
            "종합병원":100,
            "공원":0,
            "혐오시설":0,
            "인프라총점":26.0,
            "초등학군":88.14,
            "중학군":42.98,
            "학군총점":52.012,
            "인구수":57.89,
            "인구증감":-13.43,
            "인구총점":36.494,
            "일자리":18.4,
            "소득수준":62.21,
            "일자리총점":31.543,
            "가치 총점":45.4018,
            "매매실거래년":20201230.0,
            "매매실거래가":20000.0,
            "전세실거래년":20210729.0,
            "전세실거래가":14000.0,
            "전세가율":80.0,
            "장기전세가율평균":72.96,
            "전세가율거품지수":-7.04,
            "검색코드":2449,
            "세대수":150.0,
            "준공년월":"1985-07-08",
            "준공년차":38.0,
            "가까운역이름":"부평구청",
            "가까운역거리":499.99,
            "역세권여부":"역세권",
            "30분이내주요거점역":0,
            "1시간이내주요거점역":5,
            "3km이내백화점수":0,
            "5km이내아울렛몰수":0,
            "1km이내대형먀트수":0,
            "500m이내은행수":0,
            "500m이내병원수":19,
            "5km이내대형병원수":9,
            "500m이내공원수":0,
            "3km이내혐오시설수":0,
            "초등학교학업성취도":88.14,
            "중학교학업성취도":70.1,
            "용적률":140,
            "건폐율":29,
            "Y":37.504409,
            "X":126.717787,
            "rank":50.0,
            "area_info":"21평(71.47), 23평(78.6), 24평(81.84)",
            "last_sales":"2020-12-30,20000.0,24평(81.84)"
        },
        {
            "index":297,
            "아파트명":"헤리움(도시형)",
            "투자타입":"일반",
            "전용면적(m2)":"18.46",
            "전용면적(평)":"5평",
            "법정동주소":"인천시 부평구 부평동 505-2",
            "도로명주소":"인천시 부평구 장제로 58",
            "세대수":0,
            "입주년차":60,
            "용적률점수":"--",
            "건폐율점수":"--",
            "세대당주차수":0,
            "난방방식":30,
            "공급면적":"--",
            "전용률":"--",
            "욕실수":50,
            "현관타입":10,
            "주거총점":21.0,
            "지역구공급총점":0.0,
            "역세권":80,
            "30분내 이동가능 거점":0,
            "1시간내 이동가능 거점":90,
            "교통총점":58.0,
            "백화점":0,
            "아울렛몰":0,
            "대형마트":80,
            "은행":0,
            "병원":80,
            "종합병원":100,
            "공원":0,
            "혐오시설":0,
            "인프라총점":40.0,
            "초등학군":85.19,
            "중학군":50.44,
            "학군총점":57.39,
            "인구수":57.89,
            "인구증감":-13.43,
            "인구총점":36.494,
            "일자리":18.4,
            "소득수준":62.21,
            "일자리총점":31.543,
            "가치 총점":45.1085,
            "매매실거래년":20211208.0,
            "매매실거래가":11000.0,
            "전세실거래년":20201129.0,
            "전세실거래가":6750.0,
            "전세가율":100.0,
            "장기전세가율평균":72.96,
            "전세가율거품지수":-27.04,
            "검색코드":106047,
            "세대수":176.0,
            "준공년월":"2013-07-17",
            "준공년차":10.0,
            "가까운역이름":"부평",
            "가까운역거리":499.36,
            "역세권여부":"역세권",
            "30분이내주요거점역":0,
            "1시간이내주요거점역":9,
            "3km이내백화점수":0,
            "5km이내아울렛몰수":0,
            "1km이내대형먀트수":1,
            "500m이내은행수":0,
            "500m이내병원수":30,
            "5km이내대형병원수":10,
            "500m이내공원수":0,
            "3km이내혐오시설수":0,
            "초등학교학업성취도":85.19,
            "중학교학업성취도":82.0,
            "용적률":692,
            "건폐율":67,
            "Y":37.490516,
            "X":126.730316,
            "rank":51.0,
            "area_info":"5평(18.46), 7평(25.47), 7평(26.07), 10평(33.19)",
            "last_sales":"2021-12-08,11000.0,7평(26.07)"
        },
        {
            "index":205,
            "아파트명":"부평LH2단지",
            "투자타입":"일반",
            "전용면적(m2)":"85.72",
            "전용면적(평)":"25평",
            "법정동주소":"인천시 부평구 부평동 938",
            "도로명주소":"인천시 부평구 동수로120번길 43",
            "세대수":80,
            "입주년차":60,
            "용적률점수":"--",
            "건폐율점수":"--",
            "세대당주차수":30,
            "난방방식":30,
            "공급면적":"--",
            "전용률":"--",
            "욕실수":100,
            "현관타입":100,
            "주거총점":67.5,
            "지역구공급총점":0.0,
            "역세권":50,
            "30분내 이동가능 거점":0,
            "1시간내 이동가능 거점":60,
            "교통총점":37.0,
            "백화점":0,
            "아울렛몰":0,
            "대형마트":80,
            "은행":0,
            "병원":10,
            "종합병원":100,
            "공원":100,
            "혐오시설":0,
            "인프라총점":36.0,
            "초등학군":86.09,
            "중학군":43.86,
            "학군총점":52.306,
            "인구수":57.89,
            "인구증감":-13.43,
            "인구총점":36.494,
            "일자리":18.4,
            "소득수준":62.21,
            "일자리총점":31.543,
            "가치 총점":45.0959,
            "매매실거래년":20211216.0,
            "매매실거래가":48000.0,
            "전세실거래년":20211127.0,
            "전세실거래가":32000.0,
            "전세가율":66.67,
            "장기전세가율평균":72.96,
            "전세가율거품지수":6.29,
            "검색코드":103413,
            "세대수":704.0,
            "준공년월":"2012-07-13",
            "준공년차":11.0,
            "가까운역이름":"부평",
            "가까운역거리":880.5,
            "역세권여부":"준역세권",
            "30분이내주요거점역":0,
            "1시간이내주요거점역":6,
            "3km이내백화점수":0,
            "5km이내아울렛몰수":0,
            "1km이내대형먀트수":1,
            "500m이내은행수":0,
            "500m이내병원수":3,
            "5km이내대형병원수":9,
            "500m이내공원수":2,
            "3km이내혐오시설수":0,
            "초등학교학업성취도":86.09,
            "중학교학업성취도":72.7,
            "용적률":153,
            "건폐율":15,
            "Y":37.482948,
            "X":126.730422,
            "rank":52.0,
            "area_info":"25평(85.72), 26평(86.58), 26평(87.19), 33평(110.87), 33평(110.47), 33평(111.07), 33평(111.05), 40평(134.07)",
            "last_sales":"2021-12-16,48000.0,25평(85.72)"
        },
        {
            "index":28,
            "아파트명":"아주",
            "투자타입":"재건축",
            "전용면적(m2)":"103.61",
            "전용면적(평)":"31평",
            "법정동주소":"인천시 부평구 갈산동 374",
            "도로명주소":"인천시 부평구 갈월서로 26",
            "세대수":30,
            "입주년차":"--",
            "용적률점수":0,
            "건폐율점수":80,
            "세대당주차수":"--",
            "난방방식":"--",
            "공급면적":90,
            "전용률":80,
            "욕실수":"--",
            "현관타입":"--",
            "주거총점":33.5,
            "지역구공급총점":0.0,
            "역세권":80,
            "30분내 이동가능 거점":0,
            "1시간내 이동가능 거점":60,
            "교통총점":52.0,
            "백화점":0,
            "아울렛몰":0,
            "대형마트":100,
            "은행":0,
            "병원":30,
            "종합병원":100,
            "공원":100,
            "혐오시설":0,
            "인프라총점":41.0,
            "초등학군":83.11,
            "중학군":42.98,
            "학군총점":51.006,
            "인구수":57.89,
            "인구증감":-13.43,
            "인구총점":36.494,
            "일자리":18.4,
            "소득수준":62.21,
            "일자리총점":31.543,
            "가치 총점":44.8509,
            "매매실거래년":20211130.0,
            "매매실거래가":49000.0,
            "전세실거래년":20211022.0,
            "전세실거래가":43000.0,
            "전세가율":87.76,
            "장기전세가율평균":72.96,
            "전세가율거품지수":-14.8,
            "검색코드":3414,
            "세대수":340.0,
            "준공년월":"1992-09-24",
            "준공년차":31.0,
            "가까운역이름":"부평구청",
            "가까운역거리":341.45,
            "역세권여부":"역세권",
            "30분이내주요거점역":0,
            "1시간이내주요거점역":6,
            "3km이내백화점수":0,
            "5km이내아울렛몰수":0,
            "1km이내대형먀트수":2,
            "500m이내은행수":0,
            "500m이내병원수":5,
            "5km이내대형병원수":9,
            "500m이내공원수":10,
            "3km이내혐오시설수":0,
            "초등학교학업성취도":83.11,
            "중학교학업성취도":70.1,
            "용적률":280,
            "건폐율":25,
            "Y":37.509899,
            "X":126.72388,
            "rank":53.0,
            "area_info":"31평(103.61)",
            "last_sales":"2021-11-30,49000.0,31평(103.61)"
        },
        {
            "index":22,
            "아파트명":"부평지웰에스테이트",
            "투자타입":"일반",
            "전용면적(m2)":"84.69",
            "전용면적(평)":"25평",
            "법정동주소":"인천시 부평구 갈산동 171",
            "도로명주소":"인천시 부평구 주부토로249번길 17",
            "세대수":0,
            "입주년차":100,
            "용적률점수":"--",
            "건폐율점수":"--",
            "세대당주차수":60,
            "난방방식":30,
            "공급면적":"--",
            "전용률":"--",
            "욕실수":100,
            "현관타입":100,
            "주거총점":52.0,
            "지역구공급총점":0.0,
            "역세권":80,
            "30분내 이동가능 거점":0,
            "1시간내 이동가능 거점":50,
            "교통총점":50.0,
            "백화점":0,
            "아울렛몰":0,
            "대형마트":0,
            "은행":20,
            "병원":60,
            "종합병원":100,
            "공원":100,
            "혐오시설":0,
            "인프라총점":31.0,
            "초등학군":83.09,
            "중학군":42.98,
            "학군총점":51.002,
            "인구수":57.89,
            "인구증감":-13.43,
            "인구총점":36.494,
            "일자리":18.4,
            "소득수준":62.21,
            "일자리총점":31.543,
            "가치 총점":44.8503,
            "매매실거래년":20210812.0,
            "매매실거래가":49880.0,
            "전세실거래년":20211006.0,
            "전세실거래가":39000.0,
            "전세가율":93.03,
            "장기전세가율평균":72.96,
            "전세가율거품지수":-20.07,
            "검색코드":125134,
            "세대수":151.0,
            "준공년월":"2021-05-24",
            "준공년차":2.0,
            "가까운역이름":"갈산",
            "가까운역거리":385.4,
            "역세권여부":"역세권",
            "30분이내주요거점역":0,
            "1시간이내주요거점역":5,
            "3km이내백화점수":0,
            "5km이내아울렛몰수":0,
            "1km이내대형먀트수":0,
            "500m이내은행수":2,
            "500m이내병원수":12,
            "5km이내대형병원수":8,
            "500m이내공원수":3,
            "3km이내혐오시설수":0,
            "초등학교학업성취도":83.09,
            "중학교학업성취도":70.1,
            "용적률":215,
            "건폐율":42,
            "Y":37.516757,
            "X":126.725836,
            "rank":54.0,
            "area_info":"25평(84.69), 31평(105.69), 31평(105.23)",
            "last_sales":"2021-08-12,49880.0,31평(105.23)"
        },
        {
            "index":665,
            "아파트명":"삼익",
            "투자타입":"재건축",
            "전용면적(m2)":"62.53",
            "전용면적(평)":"18평",
            "법정동주소":"인천시 부평구 청천동 300",
            "도로명주소":"인천시 부평구 부평대로167번길 43",
            "세대수":30,
            "입주년차":"--",
            "용적률점수":60,
            "건폐율점수":100,
            "세대당주차수":"--",
            "난방방식":"--",
            "공급면적":50,
            "전용률":40,
            "욕실수":"--",
            "현관타입":"--",
            "주거총점":57.5,
            "지역구공급총점":0.0,
            "역세권":80,
            "30분내 이동가능 거점":0,
            "1시간내 이동가능 거점":50,
            "교통총점":50.0,
            "백화점":0,
            "아울렛몰":0,
            "대형마트":0,
            "은행":0,
            "병원":60,
            "종합병원":100,
            "공원":0,
            "혐오시설":0,
            "인프라총점":26.0,
            "초등학군":88.14,
            "중학군":42.98,
            "학군총점":52.012,
            "인구수":57.89,
            "인구증감":-13.43,
            "인구총점":36.494,
            "일자리":18.4,
            "소득수준":62.21,
            "일자리총점":31.543,
            "가치 총점":44.6018,
            "매매실거래년":20211204.0,
            "매매실거래가":34000.0,
            "전세실거래년":20211209.0,
            "전세실거래가":18000.0,
            "전세가율":85.71,
            "장기전세가율평균":72.96,
            "전세가율거품지수":-12.75,
            "검색코드":2453,
            "세대수":375.0,
            "준공년월":"1986-11-20",
            "준공년차":37.0,
            "가까운역이름":"부평구청",
            "가까운역거리":379.96,
            "역세권여부":"역세권",
            "30분이내주요거점역":0,
            "1시간이내주요거점역":5,
            "3km이내백화점수":0,
            "5km이내아울렛몰수":0,
            "1km이내대형먀트수":0,
            "500m이내은행수":0,
            "500m이내병원수":12,
            "5km이내대형병원수":9,
            "500m이내공원수":0,
            "3km이내혐오시설수":0,
            "초등학교학업성취도":88.14,
            "중학교학업성취도":70.1,
            "용적률":197,
            "건폐율":16,
            "Y":37.505858,
            "X":126.717582,
            "rank":55.0,
            "area_info":"18평(62.53), 21평(70.28), 24평(82.27)",
            "last_sales":"2021-12-04,34000.0,24평(82.27)"
        },
        {
            "index":130,
            "아파트명":"부평코오롱하늘채",
            "투자타입":"일반",
            "전용면적(m2)":"54.84",
            "전용면적(평)":"16평",
            "법정동주소":"인천시 부평구 부개동 520",
            "도로명주소":"인천시 부평구 동수천로 117",
            "세대수":90,
            "입주년차":100,
            "용적률점수":"--",
            "건폐율점수":"--",
            "세대당주차수":30,
            "난방방식":100,
            "공급면적":"--",
            "전용률":"--",
            "욕실수":50,
            "현관타입":100,
            "주거총점":81.0,
            "지역구공급총점":0.0,
            "역세권":0,
            "30분내 이동가능 거점":0,
            "1시간내 이동가능 거점":30,
            "교통총점":6.0,
            "백화점":100,
            "아울렛몰":0,
            "대형마트":0,
            "은행":0,
            "병원":60,
            "종합병원":100,
            "공원":100,
            "혐오시설":0,
            "인프라총점":59.0,
            "초등학군":84.1,
            "중학군":50.44,
            "학군총점":57.172,
            "인구수":57.89,
            "인구증감":-13.43,
            "인구총점":36.494,
            "일자리":18.4,
            "소득수준":62.21,
            "일자리총점":31.543,
            "가치 총점":44.5758,
            "매매실거래년":20211002.0,
            "매매실거래가":71000.0,
            "전세실거래년":20211124.0,
            "전세실거래가":25000.0,
            "전세가율":97.18,
            "장기전세가율평균":72.96,
            "전세가율거품지수":-24.22,
            "검색코드":120760,
            "세대수":922.0,
            "준공년월":"2020-12-15",
            "준공년차":3.0,
            "가까운역이름":"부개",
            "가까운역거리":1005.08,
            "역세권여부":"비역세권",
            "30분이내주요거점역":0,
            "1시간이내주요거점역":3,
            "3km이내백화점수":1,
            "5km이내아울렛몰수":0,
            "1km이내대형먀트수":0,
            "500m이내은행수":1,
            "500m이내병원수":11,
            "5km이내대형병원수":8,
            "500m이내공원수":6,
            "3km이내혐오시설수":0,
            "초등학교학업성취도":84.1,
            "중학교학업성취도":82.0,
            "용적률":269,
            "건폐율":16,
            "Y":37.496491,
            "X":126.735966,
            "rank":56.0,
            "area_info":"16평(54.84), 25평(83.81), 25평(84.24), 29평(97.81), 29평(98.61), 29평(98.61), 34평(112.44)",
            "last_sales":"2021-10-02,71000.0,29평(98.61)"
        },
        {
            "index":235,
            "아파트명":"부평타워Q(도시형)",
            "투자타입":"일반",
            "전용면적(m2)":"25.83",
            "전용면적(평)":"7평",
            "법정동주소":"인천시 부평구 부평동 431-37",
            "도로명주소":"인천시 부평구 부평대로 114",
            "세대수":0,
            "입주년차":60,
            "용적률점수":"--",
            "건폐율점수":"--",
            "세대당주차수":0,
            "난방방식":30,
            "공급면적":"--",
            "전용률":"--",
            "욕실수":50,
            "현관타입":10,
            "주거총점":21.0,
            "지역구공급총점":0.0,
            "역세권":80,
            "30분내 이동가능 거점":0,
            "1시간내 이동가능 거점":50,
            "교통총점":50.0,
            "백화점":0,
            "아울렛몰":0,
            "대형마트":80,
            "은행":70,
            "병원":80,
            "종합병원":100,
            "공원":80,
            "혐오시설":0,
            "인프라총점":49.4,
            "초등학군":88.14,
            "중학군":43.72,
            "학군총점":52.604,
            "인구수":57.89,
            "인구증감":-13.43,
            "인구총점":36.494,
            "일자리":18.4,
            "소득수준":62.21,
            "일자리총점":31.543,
            "가치 총점":44.4106,
            "매매실거래년":20210601.0,
            "매매실거래가":10000.0,
            "전세실거래년":20191110.0,
            "전세실거래가":5000.0,
            "전세가율":75.53,
            "장기전세가율평균":72.96,
            "전세가율거품지수":-2.57,
            "검색코드":108916,
            "세대수":143.0,
            "준공년월":"2012-11-30",
            "준공년차":11.0,
            "가까운역이름":"부평시장",
            "가까운역거리":375.96,
            "역세권여부":"역세권",
            "30분이내주요거점역":0,
            "1시간이내주요거점역":5,
            "3km이내백화점수":0,
            "5km이내아울렛몰수":0,
            "1km이내대형먀트수":1,
            "500m이내은행수":3,
            "500m이내병원수":33,
            "5km이내대형병원수":9,
            "500m이내공원수":1,
            "3km이내혐오시설수":0,
            "초등학교학업성취도":88.14,
            "중학교학업성취도":71.0,
            "용적률":698,
            "건폐율":70,
            "Y":37.501764,
            "X":126.722266,
            "rank":57.0,
            "area_info":"7평(25.83), 8평(27.92), 8평(28.62), 8평(29.11), 10평(33.14), 10평(34.78)",
            "last_sales":"2021-06-01,10000.0,10평(34.78)"
        },
        {
            "index":352,
            "아파트명":"부성",
            "투자타입":"재건축",
            "전용면적(m2)":"71.17",
            "전용면적(평)":"21평",
            "법정동주소":"인천시 부평구 산곡동 135-4",
            "도로명주소":"인천시 부평구 원적로 442",
            "세대수":0,
            "입주년차":"--",
            "용적률점수":100,
            "건폐율점수":80,
            "세대당주차수":"--",
            "난방방식":"--",
            "공급면적":50,
            "전용률":60,
            "욕실수":"--",
            "현관타입":"--",
            "주거총점":61.5,
            "지역구공급총점":0.0,
            "역세권":50,
            "30분내 이동가능 거점":0,
            "1시간내 이동가능 거점":50,
            "교통총점":35.0,
            "백화점":0,
            "아울렛몰":0,
            "대형마트":80,
            "은행":0,
            "병원":60,
            "종합병원":100,
            "공원":0,
            "혐오시설":0,
            "인프라총점":38.0,
            "초등학군":88.14,
            "중학군":46.3,
            "학군총점":54.668,
            "인구수":57.89,
            "인구증감":-13.43,
            "인구총점":36.494,
            "일자리":18.4,
            "소득수준":62.21,
            "일자리총점":31.543,
            "가치 총점":44.1502,
            "매매실거래년":20211005.0,
            "매매실거래가":24000.0,
            "전세실거래년":20211209.0,
            "전세실거래가":13000.0,
            "전세가율":83.87,
            "장기전세가율평균":72.96,
            "전세가율거품지수":-10.91,
            "검색코드":9484,
            "세대수":120.0,
            "준공년월":"1985-03-18",
            "준공년차":38.0,
            "가까운역이름":"부평구청",
            "가까운역거리":773.94,
            "역세권여부":"준역세권",
            "30분이내주요거점역":0,
            "1시간이내주요거점역":5,
            "3km이내백화점수":0,
            "5km이내아울렛몰수":0,
            "1km이내대형먀트수":1,
            "500m이내은행수":0,
            "500m이내병원수":25,
            "5km이내대형병원수":10,
            "500m이내공원수":0,
            "3km이내혐오시설수":0,
            "초등학교학업성취도":88.14,
            "중학교학업성취도":74.7,
            "용적률":146,
            "건폐율":29,
            "Y":37.50297,
            "X":126.71496,
            "rank":58.0,
            "area_info":"21평(71.17), 22평(75.14), 22평(75.03), 23평(76.93), 24평(80.9)",
            "last_sales":"2021-10-05,24000.0,22평(75.14)"
        },
        {
            "index":233,
            "아파트명":"부평일동대우",
            "투자타입":"일반",
            "전용면적(m2)":"78.09",
            "전용면적(평)":"23평",
            "법정동주소":"인천시 부평구 부평동 65-115",
            "도로명주소":"인천시 부평구 부흥로243번길 7",
            "세대수":30,
            "입주년차":0,
            "용적률점수":"--",
            "건폐율점수":"--",
            "세대당주차수":30,
            "난방방식":30,
            "공급면적":"--",
            "전용률":"--",
            "욕실수":50,
            "현관타입":100,
            "주거총점":33.0,
            "지역구공급총점":0.0,
            "역세권":80,
            "30분내 이동가능 거점":0,
            "1시간내 이동가능 거점":50,
            "교통총점":50.0,
            "백화점":0,
            "아울렛몰":0,
            "대형마트":0,
            "은행":100,
            "병원":60,
            "종합병원":100,
            "공원":0,
            "혐오시설":0,
            "인프라총점":36.0,
            "초등학군":88.14,
            "중학군":54.08,
            "학군총점":60.892,
            "인구수":57.89,
            "인구증감":-13.43,
            "인구총점":36.494,
            "일자리":18.4,
            "소득수준":62.21,
            "일자리총점":31.543,
            "가치 총점":44.0338,
            "매매실거래년":20210914.0,
            "매매실거래가":54000.0,
            "전세실거래년":20210729.0,
            "전세실거래가":32000.0,
            "전세가율":76.19,
            "장기전세가율평균":72.96,
            "전세가율거품지수":-3.23,
            "검색코드":9338,
            "세대수":308.0,
            "준공년월":"1998-08-28",
            "준공년차":25.0,
            "가까운역이름":"부평시장",
            "가까운역거리":385.69,
            "역세권여부":"역세권",
            "30분이내주요거점역":0,
            "1시간이내주요거점역":5,
            "3km이내백화점수":0,
            "5km이내아울렛몰수":0,
            "1km이내대형먀트수":0,
            "500m이내은행수":5,
            "500m이내병원수":28,
            "5km이내대형병원수":10,
            "500m이내공원수":0,
            "3km이내혐오시설수":0,
            "초등학교학업성취도":88.14,
            "중학교학업성취도":86.2,
            "용적률":256,
            "건폐율":20,
            "Y":37.499557,
            "X":126.71813,
            "rank":59.0,
            "area_info":"23평(78.09), 33평(111.11)",
            "last_sales":"2021-09-14,54000.0,33평(111.11)"
        },
        {
            "index":601,
            "아파트명":"신태양",
            "투자타입":"재건축",
            "전용면적(m2)":"52.26",
            "전용면적(평)":"15평",
            "법정동주소":"인천시 부평구 십정동 577-3",
            "도로명주소":"인천시 부평구 경인로759번길 5",
            "세대수":0,
            "입주년차":"--",
            "용적률점수":100,
            "건폐율점수":80,
            "세대당주차수":"--",
            "난방방식":"--",
            "공급면적":50,
            "전용률":60,
            "욕실수":"--",
            "현관타입":"--",
            "주거총점":61.5,
            "지역구공급총점":0.0,
            "역세권":80,
            "30분내 이동가능 거점":0,
            "1시간내 이동가능 거점":60,
            "교통총점":52.0,
            "백화점":0,
            "아울렛몰":0,
            "대형마트":0,
            "은행":0,
            "병원":0,
            "종합병원":100,
            "공원":100,
            "혐오시설":0,
            "인프라총점":23.0,
            "초등학군":84.96,
            "중학군":31.96,
            "학군총점":42.56,
            "인구수":57.89,
            "인구증감":-13.43,
            "인구총점":36.494,
            "일자리":18.4,
            "소득수준":62.21,
            "일자리총점":31.543,
            "가치 총점":43.784,
            "매매실거래년":20210817.0,
            "매매실거래가":9900.0,
            "전세실거래년":20211109.0,
            "전세실거래가":8000.0,
            "전세가율":80.81,
            "장기전세가율평균":72.96,
            "전세가율거품지수":-7.85,
            "검색코드":12693,
            "세대수":100.0,
            "준공년월":"1987-12-30",
            "준공년차":36.0,
            "가까운역이름":"부평삼거리",
            "가까운역거리":103.62,
            "역세권여부":"역세권",
            "30분이내주요거점역":0,
            "1시간이내주요거점역":6,
            "3km이내백화점수":0,
            "5km이내아울렛몰수":0,
            "1km이내대형먀트수":0,
            "500m이내은행수":0,
            "500m이내병원수":0,
            "5km이내대형병원수":8,
            "500m이내공원수":5,
            "3km이내혐오시설수":0,
            "초등학교학업성취도":84.96,
            "중학교학업성취도":52.4,
            "용적률":134,
            "건폐율":27,
            "Y":37.47742,
            "X":126.70908,
            "rank":60.0,
            "area_info":"15평(52.26)",
            "last_sales":"2021-08-17,9900.0,15평(52.26)"
        },
        {
            "index":241,
            "아파트명":"신성미소지움",
            "투자타입":"일반",
            "전용면적(m2)":"80.43",
            "전용면적(평)":"24평",
            "법정동주소":"인천시 부평구 부평동 756-421",
            "도로명주소":"인천시 부평구 경인로 858",
            "세대수":0,
            "입주년차":40,
            "용적률점수":"--",
            "건폐율점수":"--",
            "세대당주차수":30,
            "난방방식":30,
            "공급면적":"--",
            "전용률":"--",
            "욕실수":50,
            "현관타입":100,
            "주거총점":30.5,
            "지역구공급총점":0.0,
            "역세권":80,
            "30분내 이동가능 거점":0,
            "1시간내 이동가능 거점":50,
            "교통총점":50.0,
            "백화점":0,
            "아울렛몰":0,
            "대형마트":100,
            "은행":0,
            "병원":30,
            "종합병원":100,
            "공원":80,
            "혐오시설":0,
            "인프라총점":40.4,
            "초등학군":83.87,
            "중학군":43.86,
            "학군총점":51.862,
            "인구수":57.89,
            "인구증감":-13.43,
            "인구총점":36.494,
            "일자리":18.4,
            "소득수준":62.21,
            "일자리총점":31.543,
            "가치 총점":43.4993,
            "매매실거래년":20211106.0,
            "매매실거래가":31700.0,
            "전세실거래년":20201006.0,
            "전세실거래가":20000.0,
            "전세가율":63.09,
            "장기전세가율평균":72.96,
            "전세가율거품지수":9.87,
            "검색코드":11950,
            "세대수":298.0,
            "준공년월":"2005-06-16",
            "준공년차":18.0,
            "가까운역이름":"동수",
            "가까운역거리":197.2,
            "역세권여부":"역세권",
            "30분이내주요거점역":0,
            "1시간이내주요거점역":5,
            "3km이내백화점수":0,
            "5km이내아울렛몰수":0,
            "1km이내대형먀트수":2,
            "500m이내은행수":0,
            "500m이내병원수":8,
            "5km이내대형병원수":8,
            "500m이내공원수":1,
            "3km이내혐오시설수":0,
            "초등학교학업성취도":83.87,
            "중학교학업성취도":72.7,
            "용적률":307,
            "건폐율":24,
            "Y":37.484097,
            "X":126.716619,
            "rank":61.0,
            "area_info":"24평(80.43), 32평(107.98), 38평(125.74)",
            "last_sales":"2021-11-06,31700.0,24평(80.43)"
        },
        {
            "index":360,
            "아파트명":"부평산곡한신2차",
            "투자타입":"재건축",
            "전용면적(m2)":"58.16",
            "전용면적(평)":"17평",
            "법정동주소":"인천시 부평구 산곡동 137-8",
            "도로명주소":"인천시 부평구 원적로416번길 38",
            "세대수":30,
            "입주년차":"--",
            "용적률점수":60,
            "건폐율점수":100,
            "세대당주차수":"--",
            "난방방식":"--",
            "공급면적":50,
            "전용률":60,
            "욕실수":"--",
            "현관타입":"--",
            "주거총점":58.5,
            "지역구공급총점":0.0,
            "역세권":50,
            "30분내 이동가능 거점":0,
            "1시간내 이동가능 거점":40,
            "교통총점":33.0,
            "백화점":0,
            "아울렛몰":0,
            "대형마트":80,
            "은행":0,
            "병원":60,
            "종합병원":100,
            "공원":80,
            "혐오시설":0,
            "인프라총점":40.4,
            "초등학군":84.88,
            "중학군":46.3,
            "학군총점":54.016,
            "인구수":57.89,
            "인구증감":-13.43,
            "인구총점":36.494,
            "일자리":18.4,
            "소득수준":62.21,
            "일자리총점":31.543,
            "가치 총점":43.4724,
            "매매실거래년":20220114.0,
            "매매실거래가":26650.0,
            "전세실거래년":20220110.0,
            "전세실거래가":18500.0,
            "전세가율":94.87,
            "장기전세가율평균":72.96,
            "전세가율거품지수":-21.91,
            "검색코드":101396,
            "세대수":308.0,
            "준공년월":"1986-10-30",
            "준공년차":37.0,
            "가까운역이름":"부평시장",
            "가까운역거리":988.61,
            "역세권여부":"준역세권",
            "30분이내주요거점역":0,
            "1시간이내주요거점역":4,
            "3km이내백화점수":0,
            "5km이내아울렛몰수":0,
            "1km이내대형먀트수":1,
            "500m이내은행수":1,
            "500m이내병원수":21,
            "5km이내대형병원수":9,
            "500m이내공원수":1,
            "3km이내혐오시설수":0,
            "초등학교학업성취도":84.88,
            "중학교학업성취도":74.7,
            "용적률":182,
            "건폐율":17,
            "Y":37.502167,
            "X":126.712103,
            "rank":62.0,
            "area_info":"17평(58.16), 22평(74.89)",
            "last_sales":"2022-01-14,26650.0,22평(74.89)"
        },
        {
            "index":639,
            "아파트명":"대진",
            "투자타입":"재건축",
            "전용면적(m2)":"72.5",
            "전용면적(평)":"21평",
            "법정동주소":"인천시 부평구 청천동 236",
            "도로명주소":"인천시 부평구 원길로 12",
            "세대수":30,
            "입주년차":"--",
            "용적률점수":80,
            "건폐율점수":60,
            "세대당주차수":"--",
            "난방방식":"--",
            "공급면적":50,
            "전용률":60,
            "욕실수":"--",
            "현관타입":"--",
            "주거총점":58.5,
            "지역구공급총점":0.0,
            "역세권":50,
            "30분내 이동가능 거점":0,
            "1시간내 이동가능 거점":50,
            "교통총점":35.0,
            "백화점":0,
            "아울렛몰":0,
            "대형마트":80,
            "은행":0,
            "병원":60,
            "종합병원":100,
            "공원":0,
            "혐오시설":0,
            "인프라총점":38.0,
            "초등학군":84.88,
            "중학군":46.3,
            "학군총점":54.016,
            "인구수":57.89,
            "인구증감":-13.43,
            "인구총점":36.494,
            "일자리":18.4,
            "소득수준":62.21,
            "일자리총점":31.543,
            "가치 총점":43.4524,
            "매매실거래년":20211113.0,
            "매매실거래가":44300.0,
            "전세실거래년":20211103.0,
            "전세실거래가":12500.0,
            "전세가율":35.71,
            "장기전세가율평균":72.96,
            "전세가율거품지수":37.25,
            "검색코드":2450,
            "세대수":340.0,
            "준공년월":"1985-05-29",
            "준공년차":38.0,
            "가까운역이름":"부평구청",
            "가까운역거리":601.54,
            "역세권여부":"준역세권",
            "30분이내주요거점역":0,
            "1시간이내주요거점역":5,
            "3km이내백화점수":0,
            "5km이내아울렛몰수":0,
            "1km이내대형먀트수":1,
            "500m이내은행수":0,
            "500m이내병원수":24,
            "5km이내대형병원수":10,
            "500m이내공원수":0,
            "3km이내혐오시설수":0,
            "초등학교학업성취도":84.88,
            "중학교학업성취도":74.7,
            "용적률":152,
            "건폐율":30,
            "Y":37.505226,
            "X":126.714968,
            "rank":63.0,
            "area_info":"21평(72.5), 22평(75.99), 25평(83.52), 26평(88.02)",
            "last_sales":"2021-11-13,44300.0,25평(83.52)"
        },
        {
            "index":16,
            "아파트명":"동남",
            "투자타입":"재건축",
            "전용면적(m2)":"104.71",
            "전용면적(평)":"31평",
            "법정동주소":"인천시 부평구 갈산동 362",
            "도로명주소":"인천시 부평구 갈월서로 27",
            "세대수":0,
            "입주년차":"--",
            "용적률점수":0,
            "건폐율점수":80,
            "세대당주차수":"--",
            "난방방식":"--",
            "공급면적":90,
            "전용률":80,
            "욕실수":"--",
            "현관타입":"--",
            "주거총점":24.5,
            "지역구공급총점":0.0,
            "역세권":80,
            "30분내 이동가능 거점":0,
            "1시간내 이동가능 거점":60,
            "교통총점":52.0,
            "백화점":0,
            "아울렛몰":0,
            "대형마트":100,
            "은행":0,
            "병원":30,
            "종합병원":100,
            "공원":100,
            "혐오시설":0,
            "인프라총점":41.0,
            "초등학군":83.11,
            "중학군":42.98,
            "학군총점":51.006,
            "인구수":57.89,
            "인구증감":-13.43,
            "인구총점":36.494,
            "일자리":18.4,
            "소득수준":62.21,
            "일자리총점":31.543,
            "가치 총점":43.0509,
            "매매실거래년":20211030.0,
            "매매실거래가":49500.0,
            "전세실거래년":20211109.0,
            "전세실거래가":37000.0,
            "전세가율":74.75,
            "장기전세가율평균":72.96,
            "전세가율거품지수":-1.79,
            "검색코드":8134,
            "세대수":278.0,
            "준공년월":"1992-09-25",
            "준공년차":31.0,
            "가까운역이름":"부평구청",
            "가까운역거리":235.05,
            "역세권여부":"역세권",
            "30분이내주요거점역":0,
            "1시간이내주요거점역":6,
            "3km이내백화점수":0,
            "5km이내아울렛몰수":0,
            "1km이내대형먀트수":2,
            "500m이내은행수":0,
            "500m이내병원수":5,
            "5km이내대형병원수":10,
            "500m이내공원수":9,
            "3km이내혐오시설수":0,
            "초등학교학업성취도":83.11,
            "중학교학업성취도":70.1,
            "용적률":271,
            "건폐율":22,
            "Y":37.51006,
            "X":126.72209,
            "rank":64.0,
            "area_info":"31평(104.71), 31평(105.43)",
            "last_sales":"2021-10-30,49500.0,31평(104.71)"
        },
        {
            "index":544,
            "아파트명":"신성미소지움",
            "투자타입":"일반",
            "전용면적(m2)":"127.49",
            "전용면적(평)":"38평",
            "법정동주소":"인천시 부평구 삼산동 448-1",
            "도로명주소":"인천시 부평구 수변로 334",
            "세대수":90,
            "입주년차":40,
            "용적률점수":"--",
            "건폐율점수":"--",
            "세대당주차수":60,
            "난방방식":100,
            "공급면적":"--",
            "전용률":"--",
            "욕실수":100,
            "현관타입":100,
            "주거총점":78.5,
            "지역구공급총점":0.0,
            "역세권":0,
            "30분내 이동가능 거점":0,
            "1시간내 이동가능 거점":30,
            "교통총점":6.0,
            "백화점":100,
            "아울렛몰":0,
            "대형마트":0,
            "은행":0,
            "병원":10,
            "종합병원":100,
            "공원":100,
            "혐오시설":0,
            "인프라총점":54.0,
            "초등학군":88.83,
            "중학군":52.46,
            "학군총점":59.734,
            "인구수":57.89,
            "인구증감":-13.43,
            "인구총점":36.494,
            "일자리":18.4,
            "소득수준":62.21,
            "일자리총점":31.543,
            "가치 총점":42.9601,
            "매매실거래년":20211008.0,
            "매매실거래가":103000.0,
            "전세실거래년":20211216.0,
            "전세실거래가":39000.0,
            "전세가율":49.37,
            "장기전세가율평균":72.96,
            "전세가율거품지수":23.59,
            "검색코드":12099,
            "세대수":1030.0,
            "준공년월":"2005-05-03",
            "준공년차":18.0,
            "가까운역이름":"삼산체육관",
            "가까운역거리":1049.73,
            "역세권여부":"비역세권",
            "30분이내주요거점역":0,
            "1시간이내주요거점역":3,
            "3km이내백화점수":1,
            "5km이내아울렛몰수":0,
            "1km이내대형먀트수":0,
            "500m이내은행수":0,
            "500m이내병원수":4,
            "5km이내대형병원수":8,
            "500m이내공원수":5,
            "3km이내혐오시설수":0,
            "초등학교학업성취도":88.83,
            "중학교학업성취도":84.9,
            "용적률":219,
            "건폐율":13,
            "Y":37.515815,
            "X":126.741109,
            "rank":65.0,
            "area_info":"38평(127.49), 38평(128.01), 47평(156.77), 53평(178.02), 54평(180.63), 54평(180.73), 61평(201.87)",
            "last_sales":"2021-10-08,103000.0,61평(201.87)"
        },
        {
            "index":37,
            "아파트명":"하나",
            "투자타입":"재건축",
            "전용면적(m2)":"103.66",
            "전용면적(평)":"31평",
            "법정동주소":"인천시 부평구 갈산동 362",
            "도로명주소":"인천시 부평구 갈월서로 45",
            "세대수":50,
            "입주년차":"--",
            "용적률점수":0,
            "건폐율점수":0,
            "세대당주차수":"--",
            "난방방식":"--",
            "공급면적":90,
            "전용률":80,
            "욕실수":"--",
            "현관타입":"--",
            "주거총점":23.5,
            "지역구공급총점":0.0,
            "역세권":80,
            "30분내 이동가능 거점":0,
            "1시간내 이동가능 거점":60,
            "교통총점":52.0,
            "백화점":0,
            "아울렛몰":0,
            "대형마트":100,
            "은행":0,
            "병원":30,
            "종합병원":100,
            "공원":100,
            "혐오시설":0,
            "인프라총점":41.0,
            "초등학군":83.11,
            "중학군":42.98,
            "학군총점":51.006,
            "인구수":57.89,
            "인구증감":-13.43,
            "인구총점":36.494,
            "일자리":18.4,
            "소득수준":62.21,
            "일자리총점":31.543,
            "가치 총점":42.8509,
            "매매실거래년":20211224.0,
            "매매실거래가":44900.0,
            "전세실거래년":20211230.0,
            "전세실거래가":26250.0,
            "전세가율":58.46,
            "장기전세가율평균":72.96,
            "전세가율거품지수":14.5,
            "검색코드":8135,
            "세대수":526.0,
            "준공년월":"1992-11-05",
            "준공년차":31.0,
            "가까운역이름":"부평구청",
            "가까운역거리":361.8,
            "역세권여부":"역세권",
            "30분이내주요거점역":0,
            "1시간이내주요거점역":6,
            "3km이내백화점수":0,
            "5km이내아울렛몰수":0,
            "1km이내대형먀트수":2,
            "500m이내은행수":0,
            "500m이내병원수":5,
            "5km이내대형병원수":10,
            "500m이내공원수":9,
            "3km이내혐오시설수":0,
            "초등학교학업성취도":83.11,
            "중학교학업성취도":70.1,
            "용적률":0,
            "건폐율":0,
            "Y":37.511103,
            "X":126.722706,
            "rank":66.0,
            "area_info":"31평(103.66)",
            "last_sales":"2021-12-24,44900.0,31평(103.66)"
        },
        {
            "index":269,
            "아파트명":"욱일",
            "투자타입":"재건축",
            "전용면적(m2)":"97.21",
            "전용면적(평)":"29평",
            "법정동주소":"인천시 부평구 부평동 65-7",
            "도로명주소":"인천시 부평구 부흥로243번길 39",
            "세대수":80,
            "입주년차":"--",
            "용적률점수":0,
            "건폐율점수":0,
            "세대당주차수":"--",
            "난방방식":"--",
            "공급면적":70,
            "전용률":80,
            "욕실수":"--",
            "현관타입":"--",
            "주거총점":31.5,
            "지역구공급총점":0.0,
            "역세권":80,
            "30분내 이동가능 거점":0,
            "1시간내 이동가능 거점":50,
            "교통총점":50.0,
            "백화점":0,
            "아울렛몰":0,
            "대형마트":0,
            "은행":70,
            "병원":60,
            "종합병원":100,
            "공원":0,
            "혐오시설":0,
            "인프라총점":33.0,
            "초등학군":88.14,
            "중학군":54.08,
            "학군총점":60.892,
            "인구수":57.89,
            "인구증감":-13.43,
            "인구총점":36.494,
            "일자리":18.4,
            "소득수준":62.21,
            "일자리총점":31.543,
            "가치 총점":42.8338,
            "매매실거래년":20220103.0,
            "매매실거래가":40000.0,
            "전세실거래년":20210930.0,
            "전세실거래가":20000.0,
            "전세가율":51.95,
            "장기전세가율평균":72.96,
            "전세가율거품지수":21.01,
            "검색코드":2332,
            "세대수":780.0,
            "준공년월":"1990-10-19",
            "준공년차":33.0,
            "가까운역이름":"부평시장",
            "가까운역거리":453.11,
            "역세권여부":"역세권",
            "30분이내주요거점역":0,
            "1시간이내주요거점역":5,
            "3km이내백화점수":0,
            "5km이내아울렛몰수":0,
            "1km이내대형먀트수":0,
            "500m이내은행수":3,
            "500m이내병원수":29,
            "5km이내대형병원수":10,
            "500m이내공원수":0,
            "3km이내혐오시설수":0,
            "초등학교학업성취도":88.14,
            "중학교학업성취도":86.2,
            "용적률":326,
            "건폐율":0,
            "Y":37.500663,
            "X":126.717987,
            "rank":67.0,
            "area_info":"29평(97.21), 30평(100.96)",
            "last_sales":"2022-01-03,40000.0,30평(100.96)"
        },
        {
            "index":484,
            "아파트명":"현대3차",
            "투자타입":"재건축",
            "전용면적(m2)":"87.04",
            "전용면적(평)":"26평",
            "법정동주소":"인천시 부평구 산곡동 370-399",
            "도로명주소":"인천시 부평구 마장로 121",
            "세대수":90,
            "입주년차":"--",
            "용적률점수":20,
            "건폐율점수":100,
            "세대당주차수":"--",
            "난방방식":"--",
            "공급면적":70,
            "전용률":80,
            "욕실수":"--",
            "현관타입":"--",
            "주거총점":62.5,
            "지역구공급총점":0.0,
            "역세권":50,
            "30분내 이동가능 거점":0,
            "1시간내 이동가능 거점":30,
            "교통총점":31.0,
            "백화점":0,
            "아울렛몰":0,
            "대형마트":80,
            "은행":0,
            "병원":60,
            "종합병원":100,
            "공원":0,
            "혐오시설":0,
            "인프라총점":38.0,
            "초등학군":91.62,
            "중학군":41.88,
            "학군총점":51.828,
            "인구수":57.89,
            "인구증감":-13.43,
            "인구총점":36.494,
            "일자리":18.4,
            "소득수준":62.21,
            "일자리총점":31.543,
            "가치 총점":42.5242,
            "매매실거래년":20210727.0,
            "매매실거래가":54000.0,
            "전세실거래년":20211027.0,
            "전세실거래가":30000.0,
            "전세가율":75.38,
            "장기전세가율평균":72.96,
            "전세가율거품지수":-2.42,
            "검색코드":2349,
            "세대수":1200.0,
            "준공년월":"1989-09-30",
            "준공년차":34.0,
            "가까운역이름":"백운",
            "가까운역거리":598.26,
            "역세권여부":"준역세권",
            "30분이내주요거점역":0,
            "1시간이내주요거점역":3,
            "3km이내백화점수":0,
            "5km이내아울렛몰수":0,
            "1km이내대형먀트수":1,
            "500m이내은행수":0,
            "500m이내병원수":28,
            "5km이내대형병원수":8,
            "500m이내공원수":0,
            "3km이내혐오시설수":0,
            "초등학교학업성취도":91.62,
            "중학교학업성취도":69.2,
            "용적률":203,
            "건폐율":18,
            "Y":37.488601,
            "X":126.705009,
            "rank":68.0,
            "area_info":"26평(87.04), 30평(102.16), 38평(126.3), 44평(145.81), 54평(179.03), 59평(195.51)",
            "last_sales":"2021-07-27,54000.0,59평(195.51)"
        },
        {
            "index":655,
            "아파트명":"미도7차",
            "투자타입":"재건축",
            "전용면적(m2)":"64.78",
            "전용면적(평)":"19평",
            "법정동주소":"인천시 부평구 청천동 259-5",
            "도로명주소":"인천시 부평구 원길로24번길 5",
            "세대수":30,
            "입주년차":"--",
            "용적률점수":60,
            "건폐율점수":60,
            "세대당주차수":"--",
            "난방방식":"--",
            "공급면적":50,
            "전용률":60,
            "욕실수":"--",
            "현관타입":"--",
            "주거총점":50.5,
            "지역구공급총점":0.0,
            "역세권":80,
            "30분내 이동가능 거점":0,
            "1시간내 이동가능 거점":30,
            "교통총점":46.0,
            "백화점":0,
            "아울렛몰":0,
            "대형마트":0,
            "은행":0,
            "병원":60,
            "종합병원":100,
            "공원":0,
            "혐오시설":0,
            "인프라총점":26.0,
            "초등학군":88.14,
            "중학군":42.98,
            "학군총점":52.012,
            "인구수":57.89,
            "인구증감":-13.43,
            "인구총점":36.494,
            "일자리":18.4,
            "소득수준":62.21,
            "일자리총점":31.543,
            "가치 총점":41.8018,
            "매매실거래년":20211110.0,
            "매매실거래가":30500.0,
            "전세실거래년":20210902.0,
            "전세실거래가":14000.0,
            "전세가율":57.14,
            "장기전세가율평균":72.96,
            "전세가율거품지수":15.82,
            "검색코드":2452,
            "세대수":384.0,
            "준공년월":"1989-02-27",
            "준공년차":34.0,
            "가까운역이름":"부평구청",
            "가까운역거리":456.31,
            "역세권여부":"역세권",
            "30분이내주요거점역":0,
            "1시간이내주요거점역":3,
            "3km이내백화점수":0,
            "5km이내아울렛몰수":0,
            "1km이내대형먀트수":0,
            "500m이내은행수":0,
            "500m이내병원수":11,
            "5km이내대형병원수":10,
            "500m이내공원수":0,
            "3km이내혐오시설수":0,
            "초등학교학업성취도":88.14,
            "중학교학업성취도":70.1,
            "용적률":196,
            "건폐율":33,
            "Y":37.506265,
            "X":126.716082,
            "rank":69.0,
            "area_info":"19평(64.78), 20평(68.35), 23평(76.33), 23평(76.6)",
            "last_sales":"2021-11-10,30500.0,23평(76.6)"
        },
        {
            "index":494,
            "아파트명":"광명13차",
            "투자타입":"재건축",
            "전용면적(m2)":"61.12",
            "전용면적(평)":"18평",
            "법정동주소":"인천시 부평구 삼산동 359-2",
            "도로명주소":"인천시 부평구 후정동로 68",
            "세대수":0,
            "입주년차":"--",
            "용적률점수":80,
            "건폐율점수":60,
            "세대당주차수":"--",
            "난방방식":"--",
            "공급면적":50,
            "전용률":60,
            "욕실수":"--",
            "현관타입":"--",
            "주거총점":49.5,
            "지역구공급총점":0.0,
            "역세권":0,
            "30분내 이동가능 거점":0,
            "1시간내 이동가능 거점":30,
            "교통총점":6.0,
            "백화점":100,
            "아울렛몰":0,
            "대형마트":80,
            "은행":0,
            "병원":60,
            "종합병원":100,
            "공원":100,
            "혐오시설":0,
            "인프라총점":71.0,
            "초등학군":84.61,
            "중학군":48.08,
            "학군총점":55.386,
            "인구수":57.89,
            "인구증감":-13.43,
            "인구총점":36.494,
            "일자리":18.4,
            "소득수준":62.21,
            "일자리총점":31.543,
            "가치 총점":41.6079,
            "매매실거래년":20210828.0,
            "매매실거래가":26200.0,
            "전세실거래년":20211015.0,
            "전세실거래가":8599.0,
            "전세가율":43.43,
            "장기전세가율평균":72.96,
            "전세가율거품지수":29.53,
            "검색코드":2351,
            "세대수":168.0,
            "준공년월":"1990-10-30",
            "준공년차":33.0,
            "가까운역이름":"작전",
            "가까운역거리":1656.05,
            "역세권여부":"비역세권",
            "30분이내주요거점역":0,
            "1시간이내주요거점역":3,
            "3km이내백화점수":1,
            "5km이내아울렛몰수":0,
            "1km이내대형먀트수":1,
            "500m이내은행수":0,
            "500m이내병원수":11,
            "5km이내대형병원수":6,
            "500m이내공원수":6,
            "3km이내혐오시설수":0,
            "초등학교학업성취도":84.61,
            "중학교학업성취도":78.4,
            "용적률":177,
            "건폐율":32,
            "Y":37.523498,
            "X":126.739158,
            "rank":70.0,
            "area_info":"18평(61.12), 22평(72.89)",
            "last_sales":"2021-08-28,26200.0,22평(72.89)"
        },
        {
            "index":388,
            "아파트명":"산곡현대5차",
            "투자타입":"일반",
            "전용면적(m2)":"73.25",
            "전용면적(평)":"22평",
            "법정동주소":"인천시 부평구 산곡동 124-1",
            "도로명주소":"인천시 부평구 안남로 260",
            "세대수":90,
            "입주년차":0,
            "용적률점수":"--",
            "건폐율점수":"--",
            "세대당주차수":30,
            "난방방식":100,
            "공급면적":"--",
            "전용률":"--",
            "욕실수":50,
            "현관타입":10,
            "주거총점":52.0,
            "지역구공급총점":0.0,
            "역세권":50,
            "30분내 이동가능 거점":0,
            "1시간내 이동가능 거점":40,
            "교통총점":33.0,
            "백화점":0,
            "아울렛몰":0,
            "대형마트":80,
            "은행":0,
            "병원":60,
            "종합병원":100,
            "공원":0,
            "혐오시설":0,
            "인프라총점":38.0,
            "초등학군":86.82,
            "중학군":46.3,
            "학군총점":54.404,
            "인구수":57.89,
            "인구증감":-13.43,
            "인구총점":36.494,
            "일자리":18.4,
            "소득수준":62.21,
            "일자리총점":31.543,
            "가치 총점":41.5106,
            "매매실거래년":20211230.0,
            "매매실거래가":34500.0,
            "전세실거래년":20211218.0,
            "전세실거래가":30000.0,
            "전세가율":86.96,
            "장기전세가율평균":72.96,
            "전세가율거품지수":-14.0,
            "검색코드":2350,
            "세대수":1161.0,
            "준공년월":"1993-11-20",
            "준공년차":30.0,
            "가까운역이름":"부평구청",
            "가까운역거리":902.33,
            "역세권여부":"준역세권",
            "30분이내주요거점역":0,
            "1시간이내주요거점역":4,
            "3km이내백화점수":0,
            "5km이내아울렛몰수":0,
            "1km이내대형먀트수":1,
            "500m이내은행수":0,
            "500m이내병원수":28,
            "5km이내대형병원수":10,
            "500m이내공원수":0,
            "3km이내혐오시설수":0,
            "초등학교학업성취도":86.82,
            "중학교학업성취도":74.7,
            "용적률":257,
            "건폐율":0,
            "Y":37.505802,
            "X":126.71083,
            "rank":71.0,
            "area_info":"22평(73.25), 22평(73.51), 31평(104.81), 31평(104.7), 49평(164.58)",
            "last_sales":"2021-12-30,34500.0,22평(73.25)"
        },
        {
            "index":265,
            "아파트명":"엠시티(도시형)",
            "투자타입":"일반",
            "전용면적(m2)":"30.58",
            "전용면적(평)":"9평",
            "법정동주소":"인천시 부평구 부평동 507-2",
            "도로명주소":"인천시 부평구 장제로 62",
            "세대수":0,
            "입주년차":80,
            "용적률점수":"--",
            "건폐율점수":"--",
            "세대당주차수":0,
            "난방방식":30,
            "공급면적":"--",
            "전용률":"--",
            "욕실수":50,
            "현관타입":10,
            "주거총점":25.0,
            "지역구공급총점":0.0,
            "역세권":50,
            "30분내 이동가능 거점":0,
            "1시간내 이동가능 거점":100,
            "교통총점":45.0,
            "백화점":0,
            "아울렛몰":0,
            "대형마트":80,
            "은행":0,
            "병원":60,
            "종합병원":100,
            "공원":80,
            "혐오시설":0,
            "인프라총점":40.4,
            "초등학군":85.19,
            "중학군":50.44,
            "학군총점":57.39,
            "인구수":57.89,
            "인구증감":-13.43,
            "인구총점":36.494,
            "일자리":18.4,
            "소득수준":62.21,
            "일자리총점":31.543,
            "가치 총점":41.4785,
            "매매실거래년":20211217.0,
            "매매실거래가":8400.0,
            "전세실거래년":20220114.0,
            "전세실거래가":7800.0,
            "전세가율":92.86,
            "장기전세가율평균":72.96,
            "전세가율거품지수":-19.9,
            "검색코드":106048,
            "세대수":210.0,
            "준공년월":"2014-01-20",
            "준공년차":9.0,
            "가까운역이름":"부평",
            "가까운역거리":543.91,
            "역세권여부":"준역세권",
            "30분이내주요거점역":0,
            "1시간이내주요거점역":10,
            "3km이내백화점수":0,
            "5km이내아울렛몰수":0,
            "1km이내대형먀트수":1,
            "500m이내은행수":0,
            "500m이내병원수":27,
            "5km이내대형병원수":10,
            "500m이내공원수":1,
            "3km이내혐오시설수":0,
            "초등학교학업성취도":85.19,
            "중학교학업성취도":82.0,
            "용적률":698,
            "건폐율":73,
            "Y":37.49097,
            "X":126.730682,
            "rank":72.0,
            "area_info":"9평(30.58), 14평(48.44), 17평(57.89), 18평(62.53)",
            "last_sales":"2021-12-17,8400.0,9평(30.58)"
        },
        {
            "index":220,
            "아파트명":"부평라일플로리스2차(도시형)",
            "투자타입":"일반",
            "전용면적(m2)":"25.18",
            "전용면적(평)":"7평",
            "법정동주소":"인천시 부평구 부평동 150-25",
            "도로명주소":"인천시 부평구 장제로101번길 35",
            "세대수":0,
            "입주년차":60,
            "용적률점수":"--",
            "건폐율점수":"--",
            "세대당주차수":0,
            "난방방식":30,
            "공급면적":"--",
            "전용률":"--",
            "욕실수":50,
            "현관타입":50,
            "주거총점":25.0,
            "지역구공급총점":0.0,
            "역세권":50,
            "30분내 이동가능 거점":0,
            "1시간내 이동가능 거점":50,
            "교통총점":35.0,
            "백화점":0,
            "아울렛몰":0,
            "대형마트":80,
            "은행":100,
            "병원":100,
            "종합병원":100,
            "공원":80,
            "혐오시설":0,
            "인프라총점":54.4,
            "초등학군":86.94,
            "중학군":43.72,
            "학군총점":52.364,
            "인구수":57.89,
            "인구증감":-13.43,
            "인구총점":36.494,
            "일자리":18.4,
            "소득수준":62.21,
            "일자리총점":31.543,
            "가치 총점":41.4246,
            "매매실거래년":20211203.0,
            "매매실거래가":6000.0,
            "전세실거래년":20210716.0,
            "전세실거래가":7800.0,
            "전세가율":130.0,
            "장기전세가율평균":72.96,
            "전세가율거품지수":-57.04,
            "검색코드":107316,
            "세대수":154.0,
            "준공년월":"2013-09-13",
            "준공년차":10.0,
            "가까운역이름":"부평",
            "가까운역거리":621.5,
            "역세권여부":"준역세권",
            "30분이내주요거점역":0,
            "1시간이내주요거점역":5,
            "3km이내백화점수":0,
            "5km이내아울렛몰수":0,
            "1km이내대형먀트수":1,
            "500m이내은행수":5,
            "500m이내병원수":107,
            "5km이내대형병원수":10,
            "500m이내공원수":1,
            "3km이내혐오시설수":0,
            "초등학교학업성취도":86.94,
            "중학교학업성취도":71.0,
            "용적률":684,
            "건폐율":77,
            "Y":37.494631,
            "X":126.727578,
            "rank":73.0,
            "area_info":"7평(25.18), 7평(25.48), 7평(26.05), 7평(26.12), 9평(30.58), 10평(33.48), 11평(38.07)",
            "last_sales":"2021-12-03,6000.0,7평(25.18)"
        },
        {
            "index":558,
            "아파트명":"태산",
            "투자타입":"재건축",
            "전용면적(m2)":"53.82",
            "전용면적(평)":"16평",
            "법정동주소":"인천시 부평구 삼산동 60-6",
            "도로명주소":"인천시 부평구 후정동로 50",
            "세대수":0,
            "입주년차":"--",
            "용적률점수":80,
            "건폐율점수":80,
            "세대당주차수":"--",
            "난방방식":"--",
            "공급면적":50,
            "전용률":60,
            "욕실수":"--",
            "현관타입":"--",
            "주거총점":53.5,
            "지역구공급총점":0.0,
            "역세권":0,
            "30분내 이동가능 거점":0,
            "1시간내 이동가능 거점":10,
            "교통총점":2.0,
            "백화점":100,
            "아울렛몰":0,
            "대형마트":80,
            "은행":0,
            "병원":60,
            "종합병원":100,
            "공원":100,
            "혐오시설":0,
            "인프라총점":71.0,
            "초등학군":84.61,
            "중학군":48.08,
            "학군총점":55.386,
            "인구수":57.89,
            "인구증감":-13.43,
            "인구총점":36.494,
            "일자리":18.4,
            "소득수준":62.21,
            "일자리총점":31.543,
            "가치 총점":41.0079,
            "매매실거래년":20211026.0,
            "매매실거래가":16900.0,
            "전세실거래년":20150612.0,
            "전세실거래가":5000.0,
            "전세가율":54.95,
            "장기전세가율평균":72.96,
            "전세가율거품지수":18.01,
            "검색코드":9249,
            "세대수":216.0,
            "준공년월":"1989-10-28",
            "준공년차":34.0,
            "가까운역이름":"갈산",
            "가까운역거리":1633.2,
            "역세권여부":"비역세권",
            "30분이내주요거점역":0,
            "1시간이내주요거점역":1,
            "3km이내백화점수":1,
            "5km이내아울렛몰수":0,
            "1km이내대형먀트수":1,
            "500m이내은행수":0,
            "500m이내병원수":13,
            "5km이내대형병원수":6,
            "500m이내공원수":6,
            "3km이내혐오시설수":0,
            "초등학교학업성취도":84.61,
            "중학교학업성취도":78.4,
            "용적률":172,
            "건폐율":29,
            "Y":37.522207,
            "X":126.738954,
            "rank":74.0,
            "area_info":"16평(53.82), 19평(64.43), 21평(69.53), 21평(69.9), 22평(72.8), 24평(82.11)",
            "last_sales":"2021-10-26,16900.0,24평(82.11)"
        },
        {
            "index":511,
            "아파트명":"삼산주공미래타운1단지",
            "투자타입":"일반",
            "전용면적(m2)":"68.31",
            "전용면적(평)":"20평",
            "법정동주소":"인천시 부평구 삼산동 387-2",
            "도로명주소":"인천시 부평구 부평북로 431",
            "세대수":50,
            "입주년차":20,
            "용적률점수":"--",
            "건폐율점수":"--",
            "세대당주차수":0,
            "난방방식":100,
            "공급면적":"--",
            "전용률":"--",
            "욕실수":50,
            "현관타입":100,
            "주거총점":46.5,
            "지역구공급총점":0.0,
            "역세권":0,
            "30분내 이동가능 거점":0,
            "1시간내 이동가능 거점":30,
            "교통총점":6.0,
            "백화점":100,
            "아울렛몰":0,
            "대형마트":80,
            "은행":0,
            "병원":60,
            "종합병원":100,
            "공원":100,
            "혐오시설":0,
            "인프라총점":71.0,
            "초등학군":82.21,
            "중학군":48.08,
            "학군총점":54.906,
            "인구수":57.89,
            "인구증감":-13.43,
            "인구총점":36.494,
            "일자리":18.4,
            "소득수준":62.21,
            "일자리총점":31.543,
            "가치 총점":40.9359,
            "매매실거래년":20211211.0,
            "매매실거래가":38000.0,
            "전세실거래년":20210331.0,
            "전세실거래가":21000.0,
            "전세가율":91.3,
            "장기전세가율평균":72.96,
            "전세가율거품지수":-18.34,
            "검색코드":9253,
            "세대수":608.0,
            "준공년월":"2000-06-07",
            "준공년차":23.0,
            "가까운역이름":"삼산체육관",
            "가까운역거리":1842.37,
            "역세권여부":"비역세권",
            "30분이내주요거점역":0,
            "1시간이내주요거점역":3,
            "3km이내백화점수":1,
            "5km이내아울렛몰수":0,
            "1km이내대형먀트수":1,
            "500m이내은행수":0,
            "500m이내병원수":11,
            "5km이내대형병원수":6,
            "500m이내공원수":7,
            "3km이내혐오시설수":0,
            "초등학교학업성취도":82.21,
            "중학교학업성취도":78.4,
            "용적률":235,
            "건폐율":19,
            "Y":37.522974,
            "X":126.7416,
            "rank":75.0,
            "area_info":"20평(68.31), 24평(81.74)",
            "last_sales":"2021-12-11,38000.0,24평(81.74)"
        },
        {
            "index":293,
            "아파트명":"헤르메스",
            "투자타입":"일반",
            "전용면적(m2)":"61.9",
            "전용면적(평)":"18평",
            "법정동주소":"인천시 부평구 부평동 495-3",
            "도로명주소":"인천시 부평구 부일로 12",
            "세대수":0,
            "입주년차":80,
            "용적률점수":"--",
            "건폐율점수":"--",
            "세대당주차수":0,
            "난방방식":30,
            "공급면적":"--",
            "전용률":"--",
            "욕실수":100,
            "현관타입":100,
            "주거총점":39.0,
            "지역구공급총점":0.0,
            "역세권":50,
            "30분내 이동가능 거점":0,
            "1시간내 이동가능 거점":60,
            "교통총점":37.0,
            "백화점":0,
            "아울렛몰":0,
            "대형마트":80,
            "은행":0,
            "병원":60,
            "종합병원":100,
            "공원":0,
            "혐오시설":0,
            "인프라총점":38.0,
            "초등학군":85.19,
            "중학군":50.44,
            "학군총점":57.39,
            "인구수":57.89,
            "인구증감":-13.43,
            "인구총점":36.494,
            "일자리":18.4,
            "소득수준":62.21,
            "일자리총점":31.543,
            "가치 총점":40.7585,
            "매매실거래년":20211027.0,
            "매매실거래가":20100.0,
            "전세실거래년":null,
            "전세실거래가":null,
            "전세가율":null,
            "장기전세가율평균":72.96,
            "전세가율거품지수":null,
            "검색코드":113396,
            "세대수":104.0,
            "준공년월":"2016-08-09",
            "준공년차":7.0,
            "가까운역이름":"부평",
            "가까운역거리":603.41,
            "역세권여부":"준역세권",
            "30분이내주요거점역":0,
            "1시간이내주요거점역":6,
            "3km이내백화점수":0,
            "5km이내아울렛몰수":0,
            "1km이내대형먀트수":1,
            "500m이내은행수":0,
            "500m이내병원수":12,
            "5km이내대형병원수":10,
            "500m이내공원수":0,
            "3km이내혐오시설수":0,
            "초등학교학업성취도":85.19,
            "중학교학업성취도":82.0,
            "용적률":0,
            "건폐율":0,
            "Y":37.490187,
            "X":126.731588,
            "rank":76.0,
            "area_info":"18평(61.9), 19평(66.02), 21평(69.58), 21평(71.91)",
            "last_sales":"2021-10-27,20100.0,21평(71.91)"
        },
        {
            "index":659,
            "아파트명":"부평금호타운",
            "투자타입":"일반",
            "전용면적(m2)":"81.52",
            "전용면적(평)":"24평",
            "법정동주소":"인천시 부평구 청천동 200",
            "도로명주소":"인천시 부평구 안남로 272",
            "세대수":100,
            "입주년차":0,
            "용적률점수":"--",
            "건폐율점수":"--",
            "세대당주차수":0,
            "난방방식":30,
            "공급면적":"--",
            "전용률":"--",
            "욕실수":50,
            "현관타입":100,
            "주거총점":53.0,
            "지역구공급총점":0.0,
            "역세권":50,
            "30분내 이동가능 거점":0,
            "1시간내 이동가능 거점":30,
            "교통총점":31.0,
            "백화점":0,
            "아울렛몰":0,
            "대형마트":80,
            "은행":0,
            "병원":60,
            "종합병원":100,
            "공원":0,
            "혐오시설":0,
            "인프라총점":38.0,
            "초등학군":86.82,
            "중학군":44.08,
            "학군총점":52.628,
            "인구수":57.89,
            "인구증감":-13.43,
            "인구총점":36.494,
            "일자리":18.4,
            "소득수준":62.21,
            "일자리총점":31.543,
            "가치 총점":40.7442,
            "매매실거래년":20211218.0,
            "매매실거래가":59000.0,
            "전세실거래년":20220114.0,
            "전세실거래가":32000.0,
            "전세가율":78.05,
            "장기전세가율평균":72.96,
            "전세가율거품지수":-5.09,
            "검색코드":7982,
            "세대수":2539.0,
            "준공년월":"1998-02-26",
            "준공년차":25.0,
            "가까운역이름":"부평구청",
            "가까운역거리":740.31,
            "역세권여부":"준역세권",
            "30분이내주요거점역":0,
            "1시간이내주요거점역":3,
            "3km이내백화점수":0,
            "5km이내아울렛몰수":0,
            "1km이내대형먀트수":1,
            "500m이내은행수":0,
            "500m이내병원수":24,
            "5km이내대형병원수":10,
            "500m이내공원수":0,
            "3km이내혐오시설수":0,
            "초등학교학업성취도":86.82,
            "중학교학업성취도":72.8,
            "용적률":282,
            "건폐율":18,
            "Y":37.507152,
            "X":126.712289,
            "rank":77.0,
            "area_info":"24평(81.52), 33평(109.95), 39평(130.74), 49평(164.62)",
            "last_sales":"2021-12-18,59000.0,33평(109.95)"
        },
        {
            "index":575,
            "아파트명":"동암비버리씨티(도시형)",
            "투자타입":"일반",
            "전용면적(m2)":"23.86",
            "전용면적(평)":"7평",
            "법정동주소":"인천시 부평구 십정동 406-3",
            "도로명주소":"인천시 부평구 열우물로25번길 14-3",
            "세대수":0,
            "입주년차":80,
            "용적률점수":"--",
            "건폐율점수":"--",
            "세대당주차수":0,
            "난방방식":30,
            "공급면적":"--",
            "전용률":"--",
            "욕실수":50,
            "현관타입":10,
            "주거총점":25.0,
            "지역구공급총점":0.0,
            "역세권":80,
            "30분내 이동가능 거점":0,
            "1시간내 이동가능 거점":70,
            "교통총점":54.0,
            "백화점":0,
            "아울렛몰":0,
            "대형마트":0,
            "은행":20,
            "병원":80,
            "종합병원":100,
            "공원":100,
            "혐오시설":0,
            "인프라총점":33.0,
            "초등학군":91.07,
            "중학군":31.96,
            "학군총점":43.782,
            "인구수":57.89,
            "인구증감":-13.43,
            "인구총점":36.494,
            "일자리":18.4,
            "소득수준":62.21,
            "일자리총점":31.543,
            "가치 총점":40.3673,
            "매매실거래년":20211105.0,
            "매매실거래가":8000.0,
            "전세실거래년":20211108.0,
            "전세실거래가":5000.0,
            "전세가율":62.5,
            "장기전세가율평균":72.96,
            "전세가율거품지수":10.46,
            "검색코드":109167,
            "세대수":124.0,
            "준공년월":"2014-09-19",
            "준공년차":9.0,
            "가까운역이름":"동암",
            "가까운역거리":217.48,
            "역세권여부":"역세권",
            "30분이내주요거점역":0,
            "1시간이내주요거점역":7,
            "3km이내백화점수":0,
            "5km이내아울렛몰수":0,
            "1km이내대형먀트수":0,
            "500m이내은행수":2,
            "500m이내병원수":35,
            "5km이내대형병원수":8,
            "500m이내공원수":6,
            "3km이내혐오시설수":0,
            "초등학교학업성취도":91.07,
            "중학교학업성취도":52.4,
            "용적률":249,
            "건폐율":59,
            "Y":37.471107,
            "X":126.700461,
            "rank":78.0,
            "area_info":"7평(23.86), 7평(23.77), 7평(23.74), 7평(23.65), 7평(23.52), 7평(23.52), 7평(23.88), 7평(24.07), 7평(24.74), 7평(25.31), 9평(30.93), 9평(32.7), 11평(39.38)",
            "last_sales":"2021-11-05,8000.0,7평(23.86)"
        },
        {
            "index":32,
            "아파트명":"태화(363)",
            "투자타입":"재건축",
            "전용면적(m2)":"126.91",
            "전용면적(평)":"38평",
            "법정동주소":"인천시 부평구 갈산동 363",
            "도로명주소":"인천시 부평구 갈월서로 46",
            "세대수":30,
            "입주년차":"--",
            "용적률점수":0,
            "건폐율점수":0,
            "세대당주차수":"--",
            "난방방식":"--",
            "공급면적":100,
            "전용률":80,
            "욕실수":"--",
            "현관타입":"--",
            "주거총점":18.0,
            "지역구공급총점":0.0,
            "역세권":80,
            "30분내 이동가능 거점":0,
            "1시간내 이동가능 거점":40,
            "교통총점":48.0,
            "백화점":0,
            "아울렛몰":0,
            "대형마트":100,
            "은행":0,
            "병원":30,
            "종합병원":100,
            "공원":100,
            "혐오시설":0,
            "인프라총점":41.0,
            "초등학군":83.11,
            "중학군":42.98,
            "학군총점":51.006,
            "인구수":57.89,
            "인구증감":-13.43,
            "인구총점":36.494,
            "일자리":18.4,
            "소득수준":62.21,
            "일자리총점":31.543,
            "가치 총점":40.3509,
            "매매실거래년":20211114.0,
            "매매실거래가":68000.0,
            "전세실거래년":20210829.0,
            "전세실거래가":29400.0,
            "전세가율":49.16,
            "장기전세가율평균":72.96,
            "전세가율거품지수":23.8,
            "검색코드":2243,
            "세대수":390.0,
            "준공년월":"1992-06-20",
            "준공년차":31.0,
            "가까운역이름":"부평구청",
            "가까운역거리":493.46,
            "역세권여부":"역세권",
            "30분이내주요거점역":0,
            "1시간이내주요거점역":4,
            "3km이내백화점수":0,
            "5km이내아울렛몰수":0,
            "1km이내대형먀트수":2,
            "500m이내은행수":1,
            "500m이내병원수":5,
            "5km이내대형병원수":10,
            "500m이내공원수":11,
            "3km이내혐오시설수":0,
            "초등학교학업성취도":83.11,
            "중학교학업성취도":70.1,
            "용적률":249,
            "건폐율":0,
            "Y":37.511385,
            "X":126.724613,
            "rank":79.0,
            "area_info":"38평(126.91), 44평(147.29), 53평(176.56)",
            "last_sales":"2021-11-14,68000.0,44평(147.29)"
        },
        {
            "index":77,
            "아파트명":"백영",
            "투자타입":"일반",
            "전용면적(m2)":"75.39",
            "전용면적(평)":"22평",
            "법정동주소":"인천시 부평구 부개동 120-46",
            "도로명주소":"인천시 부평구 수변로 115",
            "세대수":0,
            "입주년차":20,
            "용적률점수":"--",
            "건폐율점수":"--",
            "세대당주차수":0,
            "난방방식":30,
            "공급면적":"--",
            "전용률":"--",
            "욕실수":50,
            "현관타입":100,
            "주거총점":22.0,
            "지역구공급총점":0.0,
            "역세권":50,
            "30분내 이동가능 거점":0,
            "1시간내 이동가능 거점":30,
            "교통총점":31.0,
            "백화점":100,
            "아울렛몰":0,
            "대형마트":0,
            "은행":0,
            "병원":30,
            "종합병원":100,
            "공원":100,
            "혐오시설":0,
            "인프라총점":56.0,
            "초등학군":94.22,
            "중학군":44.7,
            "학군총점":54.604,
            "인구수":57.89,
            "인구증감":-13.43,
            "인구총점":36.494,
            "일자리":18.4,
            "소득수준":62.21,
            "일자리총점":31.543,
            "가치 총점":40.2406,
            "매매실거래년":20211218.0,
            "매매실거래가":32400.0,
            "전세실거래년":20211013.0,
            "전세실거래가":23000.0,
            "전세가율":70.99,
            "장기전세가율평균":72.96,
            "전세가율거품지수":1.97,
            "검색코드":8264,
            "세대수":128.0,
            "준공년월":"1999-02-27",
            "준공년차":24.0,
            "가까운역이름":"부개",
            "가까운역거리":910.86,
            "역세권여부":"준역세권",
            "30분이내주요거점역":0,
            "1시간이내주요거점역":3,
            "3km이내백화점수":1,
            "5km이내아울렛몰수":0,
            "1km이내대형먀트수":0,
            "500m이내은행수":0,
            "500m이내병원수":9,
            "5km이내대형병원수":10,
            "500m이내공원수":5,
            "3km이내혐오시설수":0,
            "초등학교학업성취도":94.22,
            "중학교학업성취도":71.5,
            "용적률":340,
            "건폐율":22,
            "Y":37.496594,
            "X":126.741726,
            "rank":80.0,
            "area_info":"22평(75.39), 30평(100.2)",
            "last_sales":"2021-12-18,32400.0,22평(75.39)"
        },
        {
            "index":648,
            "아파트명":"미가로",
            "투자타입":"일반",
            "전용면적(m2)":"79.33",
            "전용면적(평)":"23평",
            "법정동주소":"인천시 부평구 청천동 199-24",
            "도로명주소":"인천시 부평구 길주로 491",
            "세대수":0,
            "입주년차":40,
            "용적률점수":"--",
            "건폐율점수":"--",
            "세대당주차수":30,
            "난방방식":30,
            "공급면적":"--",
            "전용률":"--",
            "욕실수":100,
            "현관타입":100,
            "주거총점":35.5,
            "지역구공급총점":0.0,
            "역세권":80,
            "30분내 이동가능 거점":0,
            "1시간내 이동가능 거점":50,
            "교통총점":50.0,
            "백화점":0,
            "아울렛몰":0,
            "대형마트":0,
            "은행":0,
            "병원":30,
            "종합병원":100,
            "공원":80,
            "혐오시설":0,
            "인프라총점":25.4,
            "초등학군":86.82,
            "중학군":42.98,
            "학군총점":51.748,
            "인구수":57.89,
            "인구증감":-13.43,
            "인구총점":36.494,
            "일자리":18.4,
            "소득수준":62.21,
            "일자리총점":31.543,
            "가치 총점":39.9822,
            "매매실거래년":20210630.0,
            "매매실거래가":40000.0,
            "전세실거래년":20211211.0,
            "전세실거래가":29000.0,
            "전세가율":103.57,
            "장기전세가율평균":72.96,
            "전세가율거품지수":-30.61,
            "검색코드":17788,
            "세대수":170.0,
            "준공년월":"2006-11-15",
            "준공년차":17.0,
            "가까운역이름":"부평구청",
            "가까운역거리":314.29,
            "역세권여부":"역세권",
            "30분이내주요거점역":0,
            "1시간이내주요거점역":5,
            "3km이내백화점수":0,
            "5km이내아울렛몰수":0,
            "1km이내대형먀트수":0,
            "500m이내은행수":1,
            "500m이내병원수":6,
            "5km이내대형병원수":10,
            "500m이내공원수":1,
            "3km이내혐오시설수":0,
            "초등학교학업성취도":86.82,
            "중학교학업성취도":70.1,
            "용적률":320,
            "건폐율":31,
            "Y":37.50832,
            "X":126.716985,
            "rank":81.0,
            "area_info":"23평(79.33), 31평(105.33), 32평(107.88)",
            "last_sales":"2021-06-30,40000.0,32평(107.88)"
        },
        {
            "index":170,
            "아파트명":"대준블루온(도시형)",
            "투자타입":"일반",
            "전용면적(m2)":"25.83",
            "전용면적(평)":"7평",
            "법정동주소":"인천시 부평구 부평동 568-1",
            "도로명주소":"인천시 부평구 대정로 83",
            "세대수":0,
            "입주년차":60,
            "용적률점수":"--",
            "건폐율점수":"--",
            "세대당주차수":0,
            "난방방식":30,
            "공급면적":"--",
            "전용률":"--",
            "욕실수":50,
            "현관타입":50,
            "주거총점":25.0,
            "지역구공급총점":0.0,
            "역세권":50,
            "30분내 이동가능 거점":0,
            "1시간내 이동가능 거점":50,
            "교통총점":35.0,
            "백화점":0,
            "아울렛몰":0,
            "대형마트":80,
            "은행":20,
            "병원":100,
            "종합병원":100,
            "공원":80,
            "혐오시설":0,
            "인프라총점":46.4,
            "초등학군":86.94,
            "중학군":50.44,
            "학군총점":57.74,
            "인구수":57.89,
            "인구증감":-13.43,
            "인구총점":36.494,
            "일자리":18.4,
            "소득수준":62.21,
            "일자리총점":31.543,
            "가치 총점":39.831,
            "매매실거래년":20220103.0,
            "매매실거래가":8300.0,
            "전세실거래년":20211014.0,
            "전세실거래가":10000.0,
            "전세가율":127.39,
            "장기전세가율평균":72.96,
            "전세가율거품지수":-54.43,
            "검색코드":106273,
            "세대수":144.0,
            "준공년월":"2012-09-07",
            "준공년차":11.0,
            "가까운역이름":"부평",
            "가까운역거리":503.82,
            "역세권여부":"준역세권",
            "30분이내주요거점역":0,
            "1시간이내주요거점역":5,
            "3km이내백화점수":0,
            "5km이내아울렛몰수":0,
            "1km이내대형먀트수":1,
            "500m이내은행수":2,
            "500m이내병원수":65,
            "5km이내대형병원수":10,
            "500m이내공원수":1,
            "3km이내혐오시설수":0,
            "초등학교학업성취도":86.94,
            "중학교학업성취도":82.0,
            "용적률":765,
            "건폐율":71,
            "Y":37.492885,
            "X":126.728591,
            "rank":82.0,
            "area_info":"7평(25.83), 8평(27.39), 8평(27.7), 8평(28.7), 8평(28.3), 9평(32.15), 10평(34.28), 10평(34.11), 10평(34.09), 10평(35.93), 11평(37.94), 11평(37.16), 11평(38.1)",
            "last_sales":"2022-01-03,8300.0,11평(37.94)"
        },
        {
            "index":616,
            "아파트명":"다임메가타운",
            "투자타입":"일반",
            "전용면적(m2)":"38.03",
            "전용면적(평)":"11평",
            "법정동주소":"인천시 부평구 일신동 12-21",
            "도로명주소":"인천시 부평구 일신로39번길 44-5",
            "세대수":0,
            "입주년차":20,
            "용적률점수":"--",
            "건폐율점수":"--",
            "세대당주차수":0,
            "난방방식":30,
            "공급면적":"--",
            "전용률":"--",
            "욕실수":50,
            "현관타입":100,
            "주거총점":22.0,
            "지역구공급총점":0.0,
            "역세권":50,
            "30분내 이동가능 거점":0,
            "1시간내 이동가능 거점":40,
            "교통총점":33.0,
            "백화점":100,
            "아울렛몰":0,
            "대형마트":0,
            "은행":0,
            "병원":10,
            "종합병원":100,
            "공원":0,
            "혐오시설":0,
            "인프라총점":51.0,
            "초등학군":80.4,
            "중학군":50.44,
            "학군총점":56.432,
            "인구수":57.89,
            "인구증감":-13.43,
            "인구총점":36.494,
            "일자리":18.4,
            "소득수준":62.21,
            "일자리총점":31.543,
            "가치 총점":39.7148,
            "매매실거래년":"18000101",
            "매매실거래가":null,
            "전세실거래년":null,
            "전세실거래가":null,
            "전세가율":null,
            "장기전세가율평균":72.96,
            "전세가율거품지수":null,
            "검색코드":100863,
            "세대수":211.0,
            "준공년월":"2003-08-08",
            "준공년차":20.0,
            "가까운역이름":"송내",
            "가까운역거리":910.7,
            "역세권여부":"준역세권",
            "30분이내주요거점역":0,
            "1시간이내주요거점역":4,
            "3km이내백화점수":1,
            "5km이내아울렛몰수":0,
            "1km이내대형먀트수":0,
            "500m이내은행수":1,
            "500m이내병원수":2,
            "5km이내대형병원수":9,
            "500m이내공원수":0,
            "3km이내혐오시설수":0,
            "초등학교학업성취도":80.4,
            "중학교학업성취도":82.0,
            "용적률":0,
            "건폐율":0,
            "Y":37.480613,
            "X":126.748279,
            "rank":83.0,
            "area_info":"11평(38.03), 12평(40.42), 15평(52.41), 18평(59.56), 19평(63.89), 19평(64.78), 19평(64.62), 19평(64.1), 19평(65.21), 19평(65.57), 19평(65.41), 20평(66.91), 20평(66.94), 20평(66.14)",
            "last_sales":"1800-01-01,nan,11평(38.03)"
        },
        {
            "index":409,
            "아파트명":"우성1,2,3차",
            "투자타입":"재건축",
            "전용면적(m2)":"50.5",
            "전용면적(평)":"15평",
            "법정동주소":"인천시 부평구 산곡동 294-35",
            "도로명주소":"인천시 부평구 부영로 165",
            "세대수":100,
            "입주년차":"--",
            "용적률점수":0,
            "건폐율점수":100,
            "세대당주차수":"--",
            "난방방식":"--",
            "공급면적":50,
            "전용률":80,
            "욕실수":"--",
            "현관타입":"--",
            "주거총점":56.5,
            "지역구공급총점":0.0,
            "역세권":50,
            "30분내 이동가능 거점":0,
            "1시간내 이동가능 거점":50,
            "교통총점":35.0,
            "백화점":0,
            "아울렛몰":0,
            "대형마트":0,
            "은행":0,
            "병원":60,
            "종합병원":100,
            "공원":0,
            "혐오시설":0,
            "인프라총점":26.0,
            "초등학군":88.14,
            "중학군":46.3,
            "학군총점":54.668,
            "인구수":57.89,
            "인구증감":-13.43,
            "인구총점":36.494,
            "일자리":18.4,
            "소득수준":62.21,
            "일자리총점":31.543,
            "가치 총점":39.5502,
            "매매실거래년":20211208.0,
            "매매실거래가":36800.0,
            "전세실거래년":20211209.0,
            "전세실거래가":18000.0,
            "전세가율":75.95,
            "장기전세가율평균":72.96,
            "전세가율거품지수":-2.99,
            "검색코드":2343,
            "세대수":1980.0,
            "준공년월":"1989-08-28",
            "준공년차":34.0,
            "가까운역이름":"부평시장",
            "가까운역거리":707.25,
            "역세권여부":"준역세권",
            "30분이내주요거점역":0,
            "1시간이내주요거점역":5,
            "3km이내백화점수":0,
            "5km이내아울렛몰수":0,
            "1km이내대형먀트수":0,
            "500m이내은행수":1,
            "500m이내병원수":19,
            "5km이내대형병원수":10,
            "500m이내공원수":0,
            "3km이내혐오시설수":0,
            "초등학교학업성취도":88.14,
            "중학교학업성취도":74.7,
            "용적률":222,
            "건폐율":17,
            "Y":37.500945,
            "X":126.714906,
            "rank":84.0,
            "area_info":"15평(50.5), 20평(68.31), 26평(88.87), 27평(89.81), 30평(101.44), 30평(101.71), 38평(127.6), 47평(156.77)",
            "last_sales":"2021-12-08,36800.0,27평(89.81)"
        },
        {
            "index":302,
            "아파트명":"경남1차",
            "투자타입":"재건축",
            "전용면적(m2)":"72.63",
            "전용면적(평)":"21평",
            "법정동주소":"인천시 부평구 산곡동 142-3",
            "도로명주소":"인천시 부평구 안남로222번길 27",
            "세대수":80,
            "입주년차":"--",
            "용적률점수":80,
            "건폐율점수":100,
            "세대당주차수":"--",
            "난방방식":"--",
            "공급면적":50,
            "전용률":80,
            "욕실수":"--",
            "현관타입":"--",
            "주거총점":82.5,
            "지역구공급총점":0.0,
            "역세권":0,
            "30분내 이동가능 거점":0,
            "1시간내 이동가능 거점":40,
            "교통총점":8.0,
            "백화점":0,
            "아울렛몰":0,
            "대형마트":80,
            "은행":0,
            "병원":60,
            "종합병원":100,
            "공원":80,
            "혐오시설":0,
            "인프라총점":40.4,
            "초등학군":84.88,
            "중학군":46.3,
            "학군총점":54.016,
            "인구수":57.89,
            "인구증감":-13.43,
            "인구총점":36.494,
            "일자리":18.4,
            "소득수준":62.21,
            "일자리총점":31.543,
            "가치 총점":39.5224,
            "매매실거래년":20210917.0,
            "매매실거래가":54600.0,
            "전세실거래년":20211211.0,
            "전세실거래가":25000.0,
            "전세가율":96.15,
            "장기전세가율평균":72.96,
            "전세가율거품지수":-23.19,
            "검색코드":2334,
            "세대수":810.0,
            "준공년월":"1990-12-22",
            "준공년차":33.0,
            "가까운역이름":"부평구청",
            "가까운역거리":1076.83,
            "역세권여부":"비역세권",
            "30분이내주요거점역":0,
            "1시간이내주요거점역":4,
            "3km이내백화점수":0,
            "5km이내아울렛몰수":0,
            "1km이내대형먀트수":1,
            "500m이내은행수":0,
            "500m이내병원수":27,
            "5km이내대형병원수":10,
            "500m이내공원수":1,
            "3km이내혐오시설수":0,
            "초등학교학업성취도":84.88,
            "중학교학업성취도":74.7,
            "용적률":170,
            "건폐율":11,
            "Y":37.503102,
            "X":126.710277,
            "rank":85.0,
            "area_info":"21평(72.63), 27평(91.51), 30평(102.43), 43평(145.24)",
            "last_sales":"2021-09-17,54600.0,43평(145.24)"
        },
        {
            "index":10,
            "아파트명":"대동1차",
            "투자타입":"재건축",
            "전용면적(m2)":"127.41",
            "전용면적(평)":"38평",
            "법정동주소":"인천시 부평구 갈산동 361-4",
            "도로명주소":"인천시 부평구 주부토로 193",
            "세대수":50,
            "입주년차":"--",
            "용적률점수":0,
            "건폐율점수":80,
            "세대당주차수":"--",
            "난방방식":"--",
            "공급면적":100,
            "전용률":80,
            "욕실수":"--",
            "현관타입":"--",
            "주거총점":40.0,
            "지역구공급총점":0.0,
            "역세권":50,
            "30분내 이동가능 거점":0,
            "1시간내 이동가능 거점":40,
            "교통총점":33.0,
            "백화점":0,
            "아울렛몰":0,
            "대형마트":100,
            "은행":0,
            "병원":30,
            "종합병원":100,
            "공원":100,
            "혐오시설":0,
            "인프라총점":41.0,
            "초등학군":83.11,
            "중학군":42.98,
            "학군총점":51.006,
            "인구수":57.89,
            "인구증감":-13.43,
            "인구총점":36.494,
            "일자리":18.4,
            "소득수준":62.21,
            "일자리총점":31.543,
            "가치 총점":39.5009,
            "매매실거래년":20210825.0,
            "매매실거래가":45000.0,
            "전세실거래년":20211014.0,
            "전세실거래가":39500.0,
            "전세가율":83.16,
            "장기전세가율평균":72.96,
            "전세가율거품지수":-10.2,
            "검색코드":3403,
            "세대수":420.0,
            "준공년월":"1992-11-27",
            "준공년차":31.0,
            "가까운역이름":"갈산",
            "가까운역거리":600.28,
            "역세권여부":"준역세권",
            "30분이내주요거점역":0,
            "1시간이내주요거점역":4,
            "3km이내백화점수":0,
            "5km이내아울렛몰수":0,
            "1km이내대형먀트수":2,
            "500m이내은행수":1,
            "500m이내병원수":8,
            "5km이내대형병원수":10,
            "500m이내공원수":9,
            "3km이내혐오시설수":0,
            "초등학교학업성취도":83.11,
            "중학교학업성취도":70.1,
            "용적률":253,
            "건폐율":22,
            "Y":37.512559,
            "X":126.724842,
            "rank":86.0,
            "area_info":"38평(127.41), 45평(149.08), 49평(164.55)",
            "last_sales":"2021-08-25,45000.0,49평(164.55)"
        },
        {
            "index":605,
            "아파트명":"주공뜨란채",
            "투자타입":"일반",
            "전용면적(m2)":"65.69",
            "전용면적(평)":"19평",
            "법정동주소":"인천시 부평구 십정동 608-4",
            "도로명주소":"인천시 부평구 이규보로 79",
            "세대수":90,
            "입주년차":40,
            "용적률점수":"--",
            "건폐율점수":"--",
            "세대당주차수":0,
            "난방방식":30,
            "공급면적":"--",
            "전용률":"--",
            "욕실수":50,
            "현관타입":100,
            "주거총점":57.5,
            "지역구공급총점":0.0,
            "역세권":50,
            "30분내 이동가능 거점":0,
            "1시간내 이동가능 거점":40,
            "교통총점":33.0,
            "백화점":0,
            "아울렛몰":0,
            "대형마트":0,
            "은행":0,
            "병원":10,
            "종합병원":100,
            "공원":100,
            "혐오시설":0,
            "인프라총점":24.0,
            "초등학군":84.96,
            "중학군":55.68,
            "학군총점":61.536,
            "인구수":57.89,
            "인구증감":-13.43,
            "인구총점":36.494,
            "일자리":18.4,
            "소득수준":62.21,
            "일자리총점":31.543,
            "가치 총점":39.4804,
            "매매실거래년":20211113.0,
            "매매실거래가":39000.0,
            "전세실거래년":20211116.0,
            "전세실거래가":20000.0,
            "전세가율":67.8,
            "장기전세가율평균":72.96,
            "전세가율거품지수":5.16,
            "검색코드":11325,
            "세대수":920.0,
            "준공년월":"2005-07-20",
            "준공년차":18.0,
            "가까운역이름":"백운",
            "가까운역거리":621.11,
            "역세권여부":"준역세권",
            "30분이내주요거점역":0,
            "1시간이내주요거점역":4,
            "3km이내백화점수":0,
            "5km이내아울렛몰수":0,
            "1km이내대형먀트수":0,
            "500m이내은행수":0,
            "500m이내병원수":2,
            "5km이내대형병원수":8,
            "500m이내공원수":2,
            "3km이내혐오시설수":0,
            "초등학교학업성취도":84.96,
            "중학교학업성취도":90.0,
            "용적률":226,
            "건폐율":17,
            "Y":37.479852,
            "X":126.702559,
            "rank":87.0,
            "area_info":"19평(65.69), 19평(65.99), 19평(65.58), 24평(79.54), 33평(109.28), 32평(109.09), 33평(109.26)",
            "last_sales":"2021-11-13,39000.0,24평(79.54)"
        },
        {
            "index":564,
            "아파트명":"한국",
            "투자타입":"재건축",
            "전용면적(m2)":"64.53",
            "전용면적(평)":"19평",
            "법정동주소":"인천시 부평구 삼산동 254",
            "도로명주소":"인천시 부평구 평천로 395",
            "세대수":0,
            "입주년차":"--",
            "용적률점수":80,
            "건폐율점수":80,
            "세대당주차수":"--",
            "난방방식":"--",
            "공급면적":50,
            "전용률":60,
            "욕실수":"--",
            "현관타입":"--",
            "주거총점":53.5,
            "지역구공급총점":0.0,
            "역세권":0,
            "30분내 이동가능 거점":0,
            "1시간내 이동가능 거점":20,
            "교통총점":4.0,
            "백화점":100,
            "아울렛몰":0,
            "대형마트":0,
            "은행":20,
            "병원":60,
            "종합병원":100,
            "공원":100,
            "혐오시설":0,
            "인프라총점":61.0,
            "초등학군":88.27,
            "중학군":52.46,
            "학군총점":59.622,
            "인구수":57.89,
            "인구증감":-13.43,
            "인구총점":36.494,
            "일자리":18.4,
            "소득수준":62.21,
            "일자리총점":31.543,
            "가치 총점":39.3433,
            "매매실거래년":20211210.0,
            "매매실거래가":19000.0,
            "전세실거래년":20211102.0,
            "전세실거래가":9000.0,
            "전세가율":43.06,
            "장기전세가율평균":72.96,
            "전세가율거품지수":29.9,
            "검색코드":2353,
            "세대수":174.0,
            "준공년월":"1989-08-07",
            "준공년차":34.0,
            "가까운역이름":"갈산",
            "가까운역거리":1150.48,
            "역세권여부":"비역세권",
            "30분이내주요거점역":0,
            "1시간이내주요거점역":2,
            "3km이내백화점수":1,
            "5km이내아울렛몰수":0,
            "1km이내대형먀트수":0,
            "500m이내은행수":2,
            "500m이내병원수":11,
            "5km이내대형병원수":7,
            "500m이내공원수":2,
            "3km이내혐오시설수":0,
            "초등학교학업성취도":88.27,
            "중학교학업성취도":84.9,
            "용적률":157,
            "건폐율":28,
            "Y":37.518042,
            "X":126.734522,
            "rank":88.0,
            "area_info":"19평(64.53), 20평(67.92)",
            "last_sales":"2021-12-10,19000.0,20평(67.92)"
        },
        {
            "index":542,
            "아파트명":"서해그랑블",
            "투자타입":"일반",
            "전용면적(m2)":"114.2",
            "전용면적(평)":"34평",
            "법정동주소":"인천시 부평구 삼산동 513",
            "도로명주소":"인천시 부평구 영성동로18번길 20",
            "세대수":50,
            "입주년차":60,
            "용적률점수":"--",
            "건폐율점수":"--",
            "세대당주차수":60,
            "난방방식":100,
            "공급면적":"--",
            "전용률":"--",
            "욕실수":100,
            "현관타입":100,
            "주거총점":68.5,
            "지역구공급총점":0.0,
            "역세권":0,
            "30분내 이동가능 거점":0,
            "1시간내 이동가능 거점":20,
            "교통총점":4.0,
            "백화점":100,
            "아울렛몰":0,
            "대형마트":0,
            "은행":0,
            "병원":0,
            "종합병원":100,
            "공원":100,
            "혐오시설":0,
            "인프라총점":53.0,
            "초등학군":84.24,
            "중학군":48.08,
            "학군총점":55.312,
            "인구수":57.89,
            "인구증감":-13.43,
            "인구총점":36.494,
            "일자리":18.4,
            "소득수준":62.21,
            "일자리총점":31.543,
            "가치 총점":39.2968,
            "매매실거래년":20211208.0,
            "매매실거래가":72000.0,
            "전세실거래년":20211211.0,
            "전세실거래가":34650.0,
            "전세가율":48.12,
            "장기전세가율평균":72.96,
            "전세가율거품지수":24.84,
            "검색코드":102376,
            "세대수":454.0,
            "준공년월":"2011-07-21",
            "준공년차":12.0,
            "가까운역이름":"삼산체육관",
            "가까운역거리":1353.25,
            "역세권여부":"비역세권",
            "30분이내주요거점역":0,
            "1시간이내주요거점역":2,
            "3km이내백화점수":2,
            "5km이내아울렛몰수":0,
            "1km이내대형먀트수":0,
            "500m이내은행수":0,
            "500m이내병원수":1,
            "5km이내대형병원수":8,
            "500m이내공원수":6,
            "3km이내혐오시설수":0,
            "초등학교학업성취도":84.24,
            "중학교학업성취도":78.4,
            "용적률":219,
            "건폐율":12,
            "Y":37.517742,
            "X":126.747751,
            "rank":89.0,
            "area_info":"34평(114.2), 34평(115.57)",
            "last_sales":"2021-12-08,72000.0,34평(114.2)"
        },
        {
            "index":65,
            "아파트명":"동원",
            "투자타입":"재건축",
            "전용면적(m2)":"73.28",
            "전용면적(평)":"22평",
            "법정동주소":"인천시 부평구 부개동 446",
            "도로명주소":"인천시 부평구 동수로128번길 26",
            "세대수":0,
            "입주년차":"--",
            "용적률점수":80,
            "건폐율점수":80,
            "세대당주차수":"--",
            "난방방식":"--",
            "공급면적":50,
            "전용률":60,
            "욕실수":"--",
            "현관타입":"--",
            "주거총점":53.5,
            "지역구공급총점":0.0,
            "역세권":50,
            "30분내 이동가능 거점":0,
            "1시간내 이동가능 거점":60,
            "교통총점":37.0,
            "백화점":0,
            "아울렛몰":0,
            "대형마트":0,
            "은행":0,
            "병원":30,
            "종합병원":100,
            "공원":100,
            "혐오시설":0,
            "인프라총점":26.0,
            "초등학군":86.09,
            "중학군":43.86,
            "학군총점":52.306,
            "인구수":57.89,
            "인구증감":-13.43,
            "인구총점":36.494,
            "일자리":18.4,
            "소득수준":62.21,
            "일자리총점":31.543,
            "가치 총점":39.2959,
            "매매실거래년":20211028.0,
            "매매실거래가":16700.0,
            "전세실거래년":20181220.0,
            "전세실거래가":11000.0,
            "전세가율":65.87,
            "장기전세가율평균":72.96,
            "전세가율거품지수":7.09,
            "검색코드":11779,
            "세대수":192.0,
            "준공년월":"1991-02-28",
            "준공년차":32.0,
            "가까운역이름":"부개",
            "가까운역거리":818.73,
            "역세권여부":"준역세권",
            "30분이내주요거점역":0,
            "1시간이내주요거점역":6,
            "3km이내백화점수":0,
            "5km이내아울렛몰수":0,
            "1km이내대형먀트수":0,
            "500m이내은행수":1,
            "500m이내병원수":5,
            "5km이내대형병원수":8,
            "500m이내공원수":2,
            "3km이내혐오시설수":0,
            "초등학교학업성취도":86.09,
            "중학교학업성취도":72.7,
            "용적률":169,
            "건폐율":28,
            "Y":37.484019,
            "X":126.733649,
            "rank":90.0,
            "area_info":"22평(73.28), 23평(76.57), 27평(91.94), 28평(92.94), 33평(111.43)",
            "last_sales":"2021-10-28,16700.0,22평(73.28)"
        },
        {
            "index":598,
            "아파트명":"서희스타힐스부평센트럴",
            "투자타입":"일반",
            "전용면적(m2)":"80.74",
            "전용면적(평)":"24평",
            "법정동주소":"인천시 부평구 십정동 629",
            "도로명주소":"인천시 부평구 상정로 41",
            "세대수":50,
            "입주년차":100,
            "용적률점수":"--",
            "건폐율점수":"--",
            "세대당주차수":30,
            "난방방식":30,
            "공급면적":"--",
            "전용률":"--",
            "욕실수":100,
            "현관타입":100,
            "주거총점":65.0,
            "지역구공급총점":0.0,
            "역세권":50,
            "30분내 이동가능 거점":0,
            "1시간내 이동가능 거점":40,
            "교통총점":33.0,
            "백화점":0,
            "아울렛몰":0,
            "대형마트":0,
            "은행":0,
            "병원":10,
            "종합병원":100,
            "공원":100,
            "혐오시설":0,
            "인프라총점":24.0,
            "초등학군":90.0,
            "중학군":40.06,
            "학군총점":50.048,
            "인구수":57.89,
            "인구증감":-13.43,
            "인구총점":36.494,
            "일자리":18.4,
            "소득수준":62.21,
            "일자리총점":31.543,
            "가치 총점":39.2572,
            "매매실거래년":20210430.0,
            "매매실거래가":44300.0,
            "전세실거래년":null,
            "전세실거래가":null,
            "전세가율":null,
            "장기전세가율평균":72.96,
            "전세가율거품지수":null,
            "검색코드":123490,
            "세대수":571.0,
            "준공년월":"2021-05-01",
            "준공년차":2.0,
            "가까운역이름":"동암",
            "가까운역거리":840.72,
            "역세권여부":"준역세권",
            "30분이내주요거점역":0,
            "1시간이내주요거점역":4,
            "3km이내백화점수":0,
            "5km이내아울렛몰수":0,
            "1km이내대형먀트수":0,
            "500m이내은행수":0,
            "500m이내병원수":2,
            "5km이내대형병원수":9,
            "500m이내공원수":2,
            "3km이내혐오시설수":0,
            "초등학교학업성취도":90.0,
            "중학교학업성취도":65.9,
            "용적률":249,
            "건폐율":19,
            "Y":37.47862,
            "X":126.700036,
            "rank":91.0,
            "area_info":"24평(80.74), 24평(82.51), 27평(89.39)",
            "last_sales":"2021-04-30,44300.0,27평(89.39)"
        },
        {
            "index":287,
            "아파트명":"창보",
            "투자타입":"일반",
            "전용면적(m2)":"85.83",
            "전용면적(평)":"25평",
            "법정동주소":"인천시 부평구 부평동 70-78",
            "도로명주소":"인천시 부평구 부영로166번길 16",
            "세대수":0,
            "입주년차":20,
            "용적률점수":"--",
            "건폐율점수":"--",
            "세대당주차수":0,
            "난방방식":30,
            "공급면적":"--",
            "전용률":"--",
            "욕실수":50,
            "현관타입":10,
            "주거총점":13.0,
            "지역구공급총점":0.0,
            "역세권":80,
            "30분내 이동가능 거점":0,
            "1시간내 이동가능 거점":50,
            "교통총점":50.0,
            "백화점":0,
            "아울렛몰":0,
            "대형마트":0,
            "은행":70,
            "병원":60,
            "종합병원":100,
            "공원":0,
            "혐오시설":0,
            "인프라총점":33.0,
            "초등학군":88.14,
            "중학군":54.08,
            "학군총점":60.892,
            "인구수":57.89,
            "인구증감":-13.43,
            "인구총점":36.494,
            "일자리":18.4,
            "소득수준":62.21,
            "일자리총점":31.543,
            "가치 총점":39.1338,
            "매매실거래년":20211101.0,
            "매매실거래가":31500.0,
            "전세실거래년":20220105.0,
            "전세실거래가":26000.0,
            "전세가율":82.54,
            "장기전세가율평균":72.96,
            "전세가율거품지수":-9.58,
            "검색코드":9337,
            "세대수":202.0,
            "준공년월":"1999-10-30",
            "준공년차":24.0,
            "가까운역이름":"부평시장",
            "가까운역거리":459.59,
            "역세권여부":"역세권",
            "30분이내주요거점역":0,
            "1시간이내주요거점역":5,
            "3km이내백화점수":0,
            "5km이내아울렛몰수":0,
            "1km이내대형먀트수":0,
            "500m이내은행수":3,
            "500m이내병원수":27,
            "5km이내대형병원수":10,
            "500m이내공원수":0,
            "3km이내혐오시설수":0,
            "초등학교학업성취도":88.14,
            "중학교학업성취도":86.2,
            "용적률":0,
            "건폐율":0,
            "Y":37.49956,
            "X":126.71725,
            "rank":92.0,
            "area_info":"25평(85.83), 26평(86.14), 33평(110.7)",
            "last_sales":"2021-11-01,31500.0,25평(85.83)"
        },
        {
            "index":321,
            "아파트명":"금호이수마운트밸리",
            "투자타입":"일반",
            "전용면적(m2)":"87.81",
            "전용면적(평)":"26평",
            "법정동주소":"인천시 부평구 산곡동 507",
            "도로명주소":"인천시 부평구 원적로 344",
            "세대수":90,
            "입주년차":40,
            "용적률점수":"--",
            "건폐율점수":"--",
            "세대당주차수":30,
            "난방방식":100,
            "공급면적":"--",
            "전용률":"--",
            "욕실수":100,
            "현관타입":100,
            "주거총점":74.0,
            "지역구공급총점":0.0,
            "역세권":0,
            "30분내 이동가능 거점":0,
            "1시간내 이동가능 거점":40,
            "교통총점":8.0,
            "백화점":0,
            "아울렛몰":0,
            "대형마트":80,
            "은행":20,
            "병원":80,
            "종합병원":100,
            "공원":80,
            "혐오시설":0,
            "인프라총점":44.4,
            "초등학군":87.67,
            "중학군":46.3,
            "학군총점":54.574,
            "인구수":57.89,
            "인구증감":-13.43,
            "인구총점":36.494,
            "일자리":18.4,
            "소득수준":62.21,
            "일자리총점":31.543,
            "가치 총점":39.1061,
            "매매실거래년":20211015.0,
            "매매실거래가":58800.0,
            "전세실거래년":20210827.0,
            "전세실거래가":28300.0,
            "전세가율":48.13,
            "장기전세가율평균":72.96,
            "전세가율거품지수":24.83,
            "검색코드":22839,
            "세대수":1365.0,
            "준공년월":"2007-11-23",
            "준공년차":16.0,
            "가까운역이름":"부평구청",
            "가까운역거리":1482.97,
            "역세권여부":"비역세권",
            "30분이내주요거점역":0,
            "1시간이내주요거점역":4,
            "3km이내백화점수":0,
            "5km이내아울렛몰수":0,
            "1km이내대형먀트수":1,
            "500m이내은행수":2,
            "500m이내병원수":33,
            "5km이내대형병원수":8,
            "500m이내공원수":1,
            "3km이내혐오시설수":0,
            "초등학교학업성취도":87.67,
            "중학교학업성취도":74.7,
            "용적률":340,
            "건폐율":23,
            "Y":37.503834,
            "X":126.704723,
            "rank":93.0,
            "area_info":"26평(87.81), 34평(114.9), 44평(146.59), 50평(167.43)",
            "last_sales":"2021-10-15,58800.0,26평(87.81)"
        },
        {
            "index":675,
            "아파트명":"쌍용",
            "투자타입":"재건축",
            "전용면적(m2)":"69.7",
            "전용면적(평)":"21평",
            "법정동주소":"인천시 부평구 청천동 259",
            "도로명주소":"인천시 부평구 길주로494번길 12",
            "세대수":50,
            "입주년차":"--",
            "용적률점수":0,
            "건폐율점수":100,
            "세대당주차수":"--",
            "난방방식":"--",
            "공급면적":50,
            "전용률":80,
            "욕실수":"--",
            "현관타입":"--",
            "주거총점":41.5,
            "지역구공급총점":0.0,
            "역세권":80,
            "30분내 이동가능 거점":0,
            "1시간내 이동가능 거점":30,
            "교통총점":46.0,
            "백화점":0,
            "아울렛몰":0,
            "대형마트":0,
            "은행":0,
            "병원":30,
            "종합병원":100,
            "공원":0,
            "혐오시설":0,
            "인프라총점":23.0,
            "초등학군":86.82,
            "중학군":42.98,
            "학군총점":51.748,
            "인구수":57.89,
            "인구증감":-13.43,
            "인구총점":36.494,
            "일자리":18.4,
            "소득수준":62.21,
            "일자리총점":31.543,
            "가치 총점":39.0622,
            "매매실거래년":20211006.0,
            "매매실거래가":42500.0,
            "전세실거래년":20211210.0,
            "전세실거래가":19635.0,
            "전세가율":62.33,
            "장기전세가율평균":72.96,
            "전세가율거품지수":10.63,
            "검색코드":2454,
            "세대수":510.0,
            "준공년월":"1990-09-22",
            "준공년차":33.0,
            "가까운역이름":"부평구청",
            "가까운역거리":423.29,
            "역세권여부":"역세권",
            "30분이내주요거점역":0,
            "1시간이내주요거점역":3,
            "3km이내백화점수":0,
            "5km이내아울렛몰수":0,
            "1km이내대형먀트수":0,
            "500m이내은행수":0,
            "500m이내병원수":9,
            "5km이내대형병원수":10,
            "500m이내공원수":0,
            "3km이내혐오시설수":0,
            "초등학교학업성취도":86.82,
            "중학교학업성취도":70.1,
            "용적률":239,
            "건폐율":18,
            "Y":37.50721,
            "X":126.715964,
            "rank":94.0,
            "area_info":"21평(69.7), 27평(89.6), 30평(100.48)",
            "last_sales":"2021-10-06,42500.0,30평(100.48)"
        },
        {
            "index":588,
            "아파트명":"동암신동아",
            "투자타입":"일반",
            "전용면적(m2)":"82.34",
            "전용면적(평)":"24평",
            "법정동주소":"인천시 부평구 십정동 607",
            "도로명주소":"인천시 부평구 아트센터로 118",
            "세대수":100,
            "입주년차":20,
            "용적률점수":"--",
            "건폐율점수":"--",
            "세대당주차수":30,
            "난방방식":30,
            "공급면적":"--",
            "전용률":"--",
            "욕실수":50,
            "현관타입":100,
            "주거총점":61.5,
            "지역구공급총점":0.0,
            "역세권":50,
            "30분내 이동가능 거점":0,
            "1시간내 이동가능 거점":60,
            "교통총점":37.0,
            "백화점":0,
            "아울렛몰":0,
            "대형마트":0,
            "은행":0,
            "병원":10,
            "종합병원":100,
            "공원":100,
            "혐오시설":0,
            "인프라총점":24.0,
            "초등학군":84.96,
            "중학군":31.96,
            "학군총점":42.56,
            "인구수":57.89,
            "인구증감":-13.43,
            "인구총점":36.494,
            "일자리":18.4,
            "소득수준":62.21,
            "일자리총점":31.543,
            "가치 총점":38.834,
            "매매실거래년":20211218.0,
            "매매실거래가":34000.0,
            "전세실거래년":20211224.0,
            "전세실거래가":27500.0,
            "전세가율":80.88,
            "장기전세가율평균":72.96,
            "전세가율거품지수":-7.92,
            "검색코드":8334,
            "세대수":1690.0,
            "준공년월":"2000-09-09",
            "준공년차":23.0,
            "가까운역이름":"부평삼거리",
            "가까운역거리":527.31,
            "역세권여부":"준역세권",
            "30분이내주요거점역":0,
            "1시간이내주요거점역":6,
            "3km이내백화점수":0,
            "5km이내아울렛몰수":0,
            "1km이내대형먀트수":0,
            "500m이내은행수":0,
            "500m이내병원수":2,
            "5km이내대형병원수":8,
            "500m이내공원수":5,
            "3km이내혐오시설수":0,
            "초등학교학업성취도":84.96,
            "중학교학업성취도":52.4,
            "용적률":316,
            "건폐율":23,
            "Y":37.477276,
            "X":126.704254,
            "rank":95.0,
            "area_info":"24평(82.34), 33평(110.32), 49평(162.23)",
            "last_sales":"2021-12-18,34000.0,24평(82.34)"
        },
        {
            "index":167,
            "아파트명":"대림",
            "투자타입":"재건축",
            "전용면적(m2)":"68.88",
            "전용면적(평)":"20평",
            "법정동주소":"인천시 부평구 부평동 64-20",
            "도로명주소":"인천시 부평구 부영로 196",
            "세대수":90,
            "입주년차":"--",
            "용적률점수":0,
            "건폐율점수":100,
            "세대당주차수":"--",
            "난방방식":"--",
            "공급면적":50,
            "전용률":60,
            "욕실수":"--",
            "현관타입":"--",
            "주거총점":52.5,
            "지역구공급총점":0.0,
            "역세권":50,
            "30분내 이동가능 거점":0,
            "1시간내 이동가능 거점":50,
            "교통총점":35.0,
            "백화점":0,
            "아울렛몰":0,
            "대형마트":0,
            "은행":0,
            "병원":60,
            "종합병원":100,
            "공원":0,
            "혐오시설":0,
            "인프라총점":26.0,
            "초등학군":88.14,
            "중학군":46.3,
            "학군총점":54.668,
            "인구수":57.89,
            "인구증감":-13.43,
            "인구총점":36.494,
            "일자리":18.4,
            "소득수준":62.21,
            "일자리총점":31.543,
            "가치 총점":38.7502,
            "매매실거래년":20211106.0,
            "매매실거래가":50500.0,
            "전세실거래년":20220104.0,
            "전세실거래가":32700.0,
            "전세가율":82.58,
            "장기전세가율평균":72.96,
            "전세가율거품지수":-9.62,
            "검색코드":2329,
            "세대수":1470.0,
            "준공년월":"1989-12-07",
            "준공년차":34.0,
            "가까운역이름":"부평시장",
            "가까운역거리":621.96,
            "역세권여부":"준역세권",
            "30분이내주요거점역":0,
            "1시간이내주요거점역":5,
            "3km이내백화점수":0,
            "5km이내아울렛몰수":0,
            "1km이내대형먀트수":0,
            "500m이내은행수":0,
            "500m이내병원수":23,
            "5km이내대형병원수":9,
            "500m이내공원수":0,
            "3km이내혐오시설수":0,
            "초등학교학업성취도":88.14,
            "중학교학업성취도":74.7,
            "용적률":226,
            "건폐율":16,
            "Y":37.502523,
            "X":126.717503,
            "rank":96.0,
            "area_info":"20평(68.88), 27평(92.37), 30평(101.84)",
            "last_sales":"2021-11-06,50500.0,30평(101.84)"
        },
        {
            "index":554,
            "아파트명":"정광",
            "투자타입":"재건축",
            "전용면적(m2)":"57.04",
            "전용면적(평)":"17평",
            "법정동주소":"인천시 부평구 삼산동 205",
            "도로명주소":"인천시 부평구 후정동로 17",
            "세대수":0,
            "입주년차":"--",
            "용적률점수":80,
            "건폐율점수":80,
            "세대당주차수":"--",
            "난방방식":"--",
            "공급면적":50,
            "전용률":60,
            "욕실수":"--",
            "현관타입":"--",
            "주거총점":53.5,
            "지역구공급총점":0.0,
            "역세권":0,
            "30분내 이동가능 거점":0,
            "1시간내 이동가능 거점":20,
            "교통총점":4.0,
            "백화점":100,
            "아울렛몰":0,
            "대형마트":0,
            "은행":20,
            "병원":60,
            "종합병원":100,
            "공원":100,
            "혐오시설":0,
            "인프라총점":61.0,
            "초등학군":84.61,
            "중학군":48.08,
            "학군총점":55.386,
            "인구수":57.89,
            "인구증감":-13.43,
            "인구총점":36.494,
            "일자리":18.4,
            "소득수준":62.21,
            "일자리총점":31.543,
            "가치 총점":38.7079,
            "매매실거래년":20210910.0,
            "매매실거래가":9000.0,
            "전세실거래년":20220104.0,
            "전세실거래가":11000.0,
            "전세가율":122.22,
            "장기전세가율평균":72.96,
            "전세가율거품지수":-49.26,
            "검색코드":9251,
            "세대수":240.0,
            "준공년월":"1989-05-16",
            "준공년차":34.0,
            "가까운역이름":"갈산",
            "가까운역거리":1434.52,
            "역세권여부":"비역세권",
            "30분이내주요거점역":0,
            "1시간이내주요거점역":2,
            "3km이내백화점수":1,
            "5km이내아울렛몰수":0,
            "1km이내대형먀트수":0,
            "500m이내은행수":2,
            "500m이내병원수":13,
            "5km이내대형병원수":7,
            "500m이내공원수":4,
            "3km이내혐오시설수":0,
            "초등학교학업성취도":84.61,
            "중학교학업성취도":78.4,
            "용적률":172,
            "건폐율":29,
            "Y":37.51923,
            "X":126.73759,
            "rank":97.0,
            "area_info":"17평(57.04), 19평(63.9), 20평(67.15), 24평(81.17)",
            "last_sales":"2021-09-10,9000.0,17평(57.04)"
        },
        {
            "index":551,
            "아파트명":"인천삼산벽산블루밍",
            "투자타입":"일반",
            "전용면적(m2)":"76.02",
            "전용면적(평)":"22평",
            "법정동주소":"인천시 부평구 삼산동 170-1",
            "도로명주소":"인천시 부평구 후정동로 12",
            "세대수":50,
            "입주년차":40,
            "용적률점수":"--",
            "건폐율점수":"--",
            "세대당주차수":30,
            "난방방식":30,
            "공급면적":"--",
            "전용률":"--",
            "욕실수":100,
            "현관타입":100,
            "주거총점":53.0,
            "지역구공급총점":0.0,
            "역세권":0,
            "30분내 이동가능 거점":0,
            "1시간내 이동가능 거점":20,
            "교통총점":4.0,
            "백화점":100,
            "아울렛몰":0,
            "대형마트":0,
            "은행":20,
            "병원":60,
            "종합병원":100,
            "공원":100,
            "혐오시설":0,
            "인프라총점":61.0,
            "초등학군":84.61,
            "중학군":48.08,
            "학군총점":55.386,
            "인구수":57.89,
            "인구증감":-13.43,
            "인구총점":36.494,
            "일자리":18.4,
            "소득수준":62.21,
            "일자리총점":31.543,
            "가치 총점":38.6079,
            "매매실거래년":20211018.0,
            "매매실거래가":53500.0,
            "전세실거래년":20211230.0,
            "전세실거래가":26250.0,
            "전세가율":64.18,
            "장기전세가율평균":72.96,
            "전세가율거품지수":8.78,
            "검색코드":17787,
            "세대수":412.0,
            "준공년월":"2005-12-22",
            "준공년차":18.0,
            "가까운역이름":"삼산체육관",
            "가까운역거리":1398.44,
            "역세권여부":"비역세권",
            "30분이내주요거점역":0,
            "1시간이내주요거점역":2,
            "3km이내백화점수":1,
            "5km이내아울렛몰수":0,
            "1km이내대형먀트수":0,
            "500m이내은행수":2,
            "500m이내병원수":18,
            "5km이내대형병원수":8,
            "500m이내공원수":3,
            "3km이내혐오시설수":0,
            "초등학교학업성취도":84.61,
            "중학교학업성취도":78.4,
            "용적률":249,
            "건폐율":22,
            "Y":37.518624,
            "X":126.738369,
            "rank":98.0,
            "area_info":"22평(76.02), 32평(107.16), 32평(107.49)",
            "last_sales":"2021-10-18,53500.0,32평(107.16)"
        },
        {
            "index":496,
            "아파트명":"동남",
            "투자타입":"재건축",
            "전용면적(m2)":"65.1",
            "전용면적(평)":"19평",
            "법정동주소":"인천시 부평구 삼산동 206-2",
            "도로명주소":"인천시 부평구 후정동로25번길 3-10",
            "세대수":0,
            "입주년차":"--",
            "용적률점수":80,
            "건폐율점수":80,
            "세대당주차수":"--",
            "난방방식":"--",
            "공급면적":50,
            "전용률":60,
            "욕실수":"--",
            "현관타입":"--",
            "주거총점":53.5,
            "지역구공급총점":0.0,
            "역세권":0,
            "30분내 이동가능 거점":0,
            "1시간내 이동가능 거점":10,
            "교통총점":2.0,
            "백화점":100,
            "아울렛몰":0,
            "대형마트":0,
            "은행":20,
            "병원":60,
            "종합병원":100,
            "공원":100,
            "혐오시설":0,
            "인프라총점":61.0,
            "초등학군":84.61,
            "중학군":52.46,
            "학군총점":58.89,
            "인구수":57.89,
            "인구증감":-13.43,
            "인구총점":36.494,
            "일자리":18.4,
            "소득수준":62.21,
            "일자리총점":31.543,
            "가치 총점":38.5335,
            "매매실거래년":20210424.0,
            "매매실거래가":14000.0,
            "전세실거래년":20160816.0,
            "전세실거래가":5000.0,
            "전세가율":45.05,
            "장기전세가율평균":72.96,
            "전세가율거품지수":27.91,
            "검색코드":9730,
            "세대수":138.0,
            "준공년월":"1989-12-07",
            "준공년차":34.0,
            "가까운역이름":"갈산",
            "가까운역거리":1359.67,
            "역세권여부":"비역세권",
            "30분이내주요거점역":0,
            "1시간이내주요거점역":1,
            "3km이내백화점수":1,
            "5km이내아울렛몰수":0,
            "1km이내대형먀트수":0,
            "500m이내은행수":2,
            "500m이내병원수":10,
            "5km이내대형병원수":6,
            "500m이내공원수":3,
            "3km이내혐오시설수":0,
            "초등학교학업성취도":84.61,
            "중학교학업성취도":84.9,
            "용적률":178,
            "건폐율":29,
            "Y":37.51971,
            "X":126.73662,
            "rank":99.0,
            "area_info":"19평(65.1), 23평(76.64), 23평(76.39), 24평(80.78), 27평(90.02)",
            "last_sales":"2021-04-24,14000.0,23평(76.39)"
        },
        {
            "index":504,
            "아파트명":"삼보",
            "투자타입":"재건축",
            "전용면적(m2)":"72.65",
            "전용면적(평)":"21평",
            "법정동주소":"인천시 부평구 삼산동 56-3",
            "도로명주소":"인천시 부평구 후정동로47번길 4",
            "세대수":50,
            "입주년차":"--",
            "용적률점수":0,
            "건폐율점수":80,
            "세대당주차수":"--",
            "난방방식":"--",
            "공급면적":50,
            "전용률":60,
            "욕실수":"--",
            "현관타입":"--",
            "주거총점":36.5,
            "지역구공급총점":0.0,
            "역세권":0,
            "30분내 이동가능 거점":0,
            "1시간내 이동가능 거점":20,
            "교통총점":4.0,
            "백화점":100,
            "아울렛몰":0,
            "대형마트":80,
            "은행":0,
            "병원":60,
            "종합병원":100,
            "공원":100,
            "혐오시설":0,
            "인프라총점":71.0,
            "초등학군":84.61,
            "중학군":48.08,
            "학군총점":55.386,
            "인구수":57.89,
            "인구증감":-13.43,
            "인구총점":36.494,
            "일자리":18.4,
            "소득수준":62.21,
            "일자리총점":31.543,
            "가치 총점":38.3079,
            "매매실거래년":20211222.0,
            "매매실거래가":17500.0,
            "전세실거래년":20210525.0,
            "전세실거래가":15500.0,
            "전세가율":88.57,
            "장기전세가율평균":72.96,
            "전세가율거품지수":-15.61,
            "검색코드":2352,
            "세대수":630.0,
            "준공년월":"1990-11-20",
            "준공년차":33.0,
            "가까운역이름":"갈산",
            "가까운역거리":1502.25,
            "역세권여부":"비역세권",
            "30분이내주요거점역":0,
            "1시간이내주요거점역":2,
            "3km이내백화점수":1,
            "5km이내아울렛몰수":0,
            "1km이내대형먀트수":1,
            "500m이내은행수":0,
            "500m이내병원수":10,
            "5km이내대형병원수":6,
            "500m이내공원수":3,
            "3km이내혐오시설수":0,
            "초등학교학업성취도":84.61,
            "중학교학업성취도":78.4,
            "용적률":296,
            "건폐율":20,
            "Y":37.522226,
            "X":126.737359,
            "rank":100.0,
            "area_info":"21평(72.65), 23평(76.22), 25평(82.67), 27평(90.37), 30평(100.57)",
            "last_sales":"2021-12-22,17500.0,21평(72.65)"
        },
        {
            "index":570,
            "아파트명":"광명",
            "투자타입":"재건축",
            "전용면적(m2)":"57.98",
            "전용면적(평)":"17평",
            "법정동주소":"인천시 부평구 십정동 432",
            "도로명주소":"인천시 부평구 하정로15번길 50",
            "세대수":0,
            "입주년차":"--",
            "용적률점수":80,
            "건폐율점수":80,
            "세대당주차수":"--",
            "난방방식":"--",
            "공급면적":50,
            "전용률":60,
            "욕실수":"--",
            "현관타입":"--",
            "주거총점":53.5,
            "지역구공급총점":0.0,
            "역세권":50,
            "30분내 이동가능 거점":0,
            "1시간내 이동가능 거점":60,
            "교통총점":37.0,
            "백화점":0,
            "아울렛몰":0,
            "대형마트":0,
            "은행":0,
            "병원":30,
            "종합병원":100,
            "공원":100,
            "혐오시설":0,
            "인프라총점":26.0,
            "초등학군":83.8,
            "중학군":31.96,
            "학군총점":42.328,
            "인구수":57.89,
            "인구증감":-13.43,
            "인구총점":36.494,
            "일자리":18.4,
            "소득수준":62.21,
            "일자리총점":31.543,
            "가치 총점":37.7992,
            "매매실거래년":20211021.0,
            "매매실거래가":27300.0,
            "전세실거래년":20201012.0,
            "전세실거래가":6000.0,
            "전세가율":20.0,
            "장기전세가율평균":72.96,
            "전세가율거품지수":52.96,
            "검색코드":8336,
            "세대수":100.0,
            "준공년월":"1987-12-24",
            "준공년차":36.0,
            "가까운역이름":"동암",
            "가까운역거리":607.61,
            "역세권여부":"준역세권",
            "30분이내주요거점역":0,
            "1시간이내주요거점역":6,
            "3km이내백화점수":0,
            "5km이내아울렛몰수":0,
            "1km이내대형먀트수":0,
            "500m이내은행수":0,
            "500m이내병원수":9,
            "5km이내대형병원수":9,
            "500m이내공원수":4,
            "3km이내혐오시설수":0,
            "초등학교학업성취도":83.8,
            "중학교학업성취도":52.4,
            "용적률":150,
            "건폐율":27,
            "Y":37.47683,
            "X":126.70204,
            "rank":101.0,
            "area_info":"17평(57.98), 18평(59.75)",
            "last_sales":"2021-10-21,27300.0,18평(59.75)"
        },
        {
            "index":524,
            "아파트명":"삼산주공미래타운5단지",
            "투자타입":"일반",
            "전용면적(m2)":"107.98",
            "전용면적(평)":"32평",
            "법정동주소":"인천시 부평구 삼산동 393-4",
            "도로명주소":"인천시 부평구 영성중로 16",
            "세대수":50,
            "입주년차":20,
            "용적률점수":"--",
            "건폐율점수":"--",
            "세대당주차수":30,
            "난방방식":100,
            "공급면적":"--",
            "전용률":"--",
            "욕실수":100,
            "현관타입":100,
            "주거총점":56.0,
            "지역구공급총점":0.0,
            "역세권":0,
            "30분내 이동가능 거점":0,
            "1시간내 이동가능 거점":30,
            "교통총점":6.0,
            "백화점":100,
            "아울렛몰":0,
            "대형마트":0,
            "은행":0,
            "병원":10,
            "종합병원":100,
            "공원":100,
            "혐오시설":0,
            "인프라총점":54.0,
            "초등학군":84.24,
            "중학군":48.08,
            "학군총점":55.312,
            "인구수":57.89,
            "인구증감":-13.43,
            "인구총점":36.494,
            "일자리":18.4,
            "소득수준":62.21,
            "일자리총점":31.543,
            "가치 총점":37.7968,
            "매매실거래년":20211125.0,
            "매매실거래가":52800.0,
            "전세실거래년":20211101.0,
            "전세실거래가":29900.0,
            "전세가율":56.63,
            "장기전세가율평균":72.96,
            "전세가율거품지수":16.33,
            "검색코드":8375,
            "세대수":620.0,
            "준공년월":"2000-05-16",
            "준공년차":23.0,
            "가까운역이름":"삼산체육관",
            "가까운역거리":1278.87,
            "역세권여부":"비역세권",
            "30분이내주요거점역":0,
            "1시간이내주요거점역":3,
            "3km이내백화점수":1,
            "5km이내아울렛몰수":0,
            "1km이내대형먀트수":0,
            "500m이내은행수":0,
            "500m이내병원수":2,
            "5km이내대형병원수":8,
            "500m이내공원수":8,
            "3km이내혐오시설수":0,
            "초등학교학업성취도":84.24,
            "중학교학업성취도":78.4,
            "용적률":0,
            "건폐율":0,
            "Y":37.517575,
            "X":126.745638,
            "rank":102.0,
            "area_info":"32평(107.98), 32평(107.09), 35평(118.65)",
            "last_sales":"2021-11-25,52800.0,32평(107.98)"
        },
        {
            "index":630,
            "아파트명":"일신주공",
            "투자타입":"일반",
            "전용면적(m2)":"55.08",
            "전용면적(평)":"16평",
            "법정동주소":"인천시 부평구 일신동 410",
            "도로명주소":"인천시 부평구 항동로75번길 11",
            "세대수":90,
            "입주년차":0,
            "용적률점수":"--",
            "건폐율점수":"--",
            "세대당주차수":0,
            "난방방식":30,
            "공급면적":"--",
            "전용률":"--",
            "욕실수":50,
            "현관타입":10,
            "주거총점":40.5,
            "지역구공급총점":0.0,
            "역세권":50,
            "30분내 이동가능 거점":0,
            "1시간내 이동가능 거점":50,
            "교통총점":35.0,
            "백화점":0,
            "아울렛몰":0,
            "대형마트":0,
            "은행":0,
            "병원":60,
            "종합병원":100,
            "공원":100,
            "혐오시설":0,
            "인프라총점":29.0,
            "초등학군":87.1,
            "중학군":50.44,
            "학군총점":57.772,
            "인구수":57.89,
            "인구증감":-13.43,
            "인구총점":36.494,
            "일자리":18.4,
            "소득수준":62.21,
            "일자리총점":31.543,
            "가치 총점":37.7158,
            "매매실거래년":20211220.0,
            "매매실거래가":31650.0,
            "전세실거래년":20211129.0,
            "전세실거래가":15000.0,
            "전세가율":83.33,
            "장기전세가율평균":72.96,
            "전세가율거품지수":-10.37,
            "검색코드":2424,
            "세대수":967.0,
            "준공년월":"1995-11-20",
            "준공년차":28.0,
            "가까운역이름":"부개",
            "가까운역거리":629.7,
            "역세권여부":"준역세권",
            "30분이내주요거점역":0,
            "1시간이내주요거점역":5,
            "3km이내백화점수":0,
            "5km이내아울렛몰수":0,
            "1km이내대형먀트수":0,
            "500m이내은행수":1,
            "500m이내병원수":17,
            "5km이내대형병원수":9,
            "500m이내공원수":2,
            "3km이내혐오시설수":0,
            "초등학교학업성취도":87.1,
            "중학교학업성취도":82.0,
            "용적률":208,
            "건폐율":15,
            "Y":37.482776,
            "X":126.740476,
            "rank":103.0,
            "area_info":"16평(55.08), 24평(80.57), 25평(84.2), 26평(87.09)",
            "last_sales":"2021-12-20,31650.0,25평(84.2)"
        },
        {
            "index":13,
            "아파트명":"대동2차",
            "투자타입":"일반",
            "전용면적(m2)":"63.17",
            "전용면적(평)":"19평",
            "법정동주소":"인천시 부평구 갈산동 361-3",
            "도로명주소":"인천시 부평구 주부토로 201",
            "세대수":50,
            "입주년차":0,
            "용적률점수":"--",
            "건폐율점수":"--",
            "세대당주차수":0,
            "난방방식":30,
            "공급면적":"--",
            "전용률":"--",
            "욕실수":50,
            "현관타입":10,
            "주거총점":26.5,
            "지역구공급총점":0.0,
            "역세권":50,
            "30분내 이동가능 거점":0,
            "1시간내 이동가능 거점":40,
            "교통총점":33.0,
            "백화점":0,
            "아울렛몰":0,
            "대형마트":100,
            "은행":0,
            "병원":60,
            "종합병원":100,
            "공원":100,
            "혐오시설":0,
            "인프라총점":44.0,
            "초등학군":83.09,
            "중학군":42.98,
            "학군총점":51.002,
            "인구수":57.89,
            "인구증감":-13.43,
            "인구총점":36.494,
            "일자리":18.4,
            "소득수준":62.21,
            "일자리총점":31.543,
            "가치 총점":37.7003,
            "매매실거래년":20211106.0,
            "매매실거래가":31000.0,
            "전세실거래년":20220110.0,
            "전세실거래가":20000.0,
            "전세가율":64.52,
            "장기전세가율평균":72.96,
            "전세가율거품지수":8.44,
            "검색코드":3404,
            "세대수":623.0,
            "준공년월":"1993-05-07",
            "준공년차":30.0,
            "가까운역이름":"갈산",
            "가까운역거리":516.95,
            "역세권여부":"준역세권",
            "30분이내주요거점역":0,
            "1시간이내주요거점역":4,
            "3km이내백화점수":0,
            "5km이내아울렛몰수":0,
            "1km이내대형먀트수":2,
            "500m이내은행수":1,
            "500m이내병원수":10,
            "5km이내대형병원수":10,
            "500m이내공원수":5,
            "3km이내혐오시설수":0,
            "초등학교학업성취도":83.09,
            "중학교학업성취도":70.1,
            "용적률":242,
            "건폐율":17,
            "Y":37.513451,
            "X":126.72486,
            "rank":104.0,
            "area_info":"19평(63.17), 24평(81.87), 31평(104.33)",
            "last_sales":"2021-11-06,31000.0,19평(63.17)"
        },
        {
            "index":151,
            "아파트명":"한국",
            "투자타입":"재건축",
            "전용면적(m2)":"88.74",
            "전용면적(평)":"26평",
            "법정동주소":"인천시 부평구 부개동 442-3",
            "도로명주소":"인천시 부평구 동수로120번길 11",
            "세대수":50,
            "입주년차":"--",
            "용적률점수":0,
            "건폐율점수":40,
            "세대당주차수":"--",
            "난방방식":"--",
            "공급면적":70,
            "전용률":80,
            "욕실수":"--",
            "현관타입":"--",
            "주거총점":30.5,
            "지역구공급총점":0.0,
            "역세권":50,
            "30분내 이동가능 거점":0,
            "1시간내 이동가능 거점":60,
            "교통총점":37.0,
            "백화점":0,
            "아울렛몰":0,
            "대형마트":80,
            "은행":0,
            "병원":10,
            "종합병원":100,
            "공원":100,
            "혐오시설":0,
            "인프라총점":36.0,
            "초등학군":86.09,
            "중학군":43.86,
            "학군총점":52.306,
            "인구수":57.89,
            "인구증감":-13.43,
            "인구총점":36.494,
            "일자리":18.4,
            "소득수준":62.21,
            "일자리총점":31.543,
            "가치 총점":37.6959,
            "매매실거래년":20211210.0,
            "매매실거래가":42500.0,
            "전세실거래년":20200318.0,
            "전세실거래가":17000.0,
            "전세가율":50.0,
            "장기전세가율평균":72.96,
            "전세가율거품지수":22.96,
            "검색코드":2517,
            "세대수":580.0,
            "준공년월":"1992-07-13",
            "준공년차":31.0,
            "가까운역이름":"부평",
            "가까운역거리":882.22,
            "역세권여부":"준역세권",
            "30분이내주요거점역":0,
            "1시간이내주요거점역":6,
            "3km이내백화점수":0,
            "5km이내아울렛몰수":0,
            "1km이내대형먀트수":1,
            "500m이내은행수":0,
            "500m이내병원수":4,
            "5km이내대형병원수":8,
            "500m이내공원수":2,
            "3km이내혐오시설수":0,
            "초등학교학업성취도":86.09,
            "중학교학업성취도":72.7,
            "용적률":328,
            "건폐율":35,
            "Y":37.483901,
            "X":126.731898,
            "rank":105.0,
            "area_info":"26평(88.74), 30평(100.32), 30평(101.59), 42평(139.52)",
            "last_sales":"2021-12-10,42500.0,30평(101.59)"
        },
        {
            "index":301,
            "아파트명":"헤리움노블레스(도시형)",
            "투자타입":"일반",
            "전용면적(m2)":"26.59",
            "전용면적(평)":"8평",
            "법정동주소":"인천시 부평구 부평동 431-15",
            "도로명주소":"인천시 부평구 부평대로 132",
            "세대수":0,
            "입주년차":80,
            "용적률점수":"--",
            "건폐율점수":"--",
            "세대당주차수":0,
            "난방방식":30,
            "공급면적":"--",
            "전용률":"--",
            "욕실수":50,
            "현관타입":10,
            "주거총점":25.0,
            "지역구공급총점":0.0,
            "역세권":50,
            "30분내 이동가능 거점":0,
            "1시간내 이동가능 거점":50,
            "교통총점":35.0,
            "백화점":0,
            "아울렛몰":0,
            "대형마트":80,
            "은행":0,
            "병원":60,
            "종합병원":100,
            "공원":100,
            "혐오시설":0,
            "인프라총점":41.0,
            "초등학군":88.14,
            "중학군":43.72,
            "학군총점":52.604,
            "인구수":57.89,
            "인구증감":-13.43,
            "인구총점":36.494,
            "일자리":18.4,
            "소득수준":62.21,
            "일자리총점":31.543,
            "가치 총점":37.4406,
            "매매실거래년":20220110.0,
            "매매실거래가":12500.0,
            "전세실거래년":20211231.0,
            "전세실거래가":8500.0,
            "전세가율":68.0,
            "장기전세가율평균":72.96,
            "전세가율거품지수":4.96,
            "검색코드":106060,
            "세대수":187.0,
            "준공년월":"2014-05-13",
            "준공년차":9.0,
            "가까운역이름":"부평시장",
            "가까운역거리":543.44,
            "역세권여부":"준역세권",
            "30분이내주요거점역":0,
            "1시간이내주요거점역":5,
            "3km이내백화점수":0,
            "5km이내아울렛몰수":0,
            "1km이내대형먀트수":1,
            "500m이내은행수":1,
            "500m이내병원수":19,
            "5km이내대형병원수":9,
            "500m이내공원수":2,
            "3km이내혐오시설수":0,
            "초등학교학업성취도":88.14,
            "중학교학업성취도":71.0,
            "용적률":698,
            "건폐율":73,
            "Y":37.503265,
            "X":126.721957,
            "rank":106.0,
            "area_info":"8평(26.59)",
            "last_sales":"2022-01-10,12500.0,8평(26.59)"
        },
        {
            "index":373,
            "아파트명":"산곡푸르지오",
            "투자타입":"일반",
            "전용면적(m2)":"78.47",
            "전용면적(평)":"23평",
            "법정동주소":"인천시 부평구 산곡동 510",
            "도로명주소":"인천시 부평구 안남로 269",
            "세대수":80,
            "입주년차":60,
            "용적률점수":"--",
            "건폐율점수":"--",
            "세대당주차수":30,
            "난방방식":100,
            "공급면적":"--",
            "전용률":"--",
            "욕실수":100,
            "현관타입":100,
            "주거총점":74.5,
            "지역구공급총점":0.0,
            "역세권":0,
            "30분내 이동가능 거점":0,
            "1시간내 이동가능 거점":40,
            "교통총점":8.0,
            "백화점":0,
            "아울렛몰":0,
            "대형마트":80,
            "은행":0,
            "병원":60,
            "종합병원":100,
            "공원":0,
            "혐오시설":0,
            "인프라총점":38.0,
            "초등학군":89.22,
            "중학군":44.08,
            "학군총점":53.108,
            "인구수":57.89,
            "인구증감":-13.43,
            "인구총점":36.494,
            "일자리":18.4,
            "소득수준":62.21,
            "일자리총점":31.543,
            "가치 총점":37.0662,
            "매매실거래년":20211124.0,
            "매매실거래가":102000.0,
            "전세실거래년":20220113.0,
            "전세실거래가":31500.0,
            "전세가율":54.4,
            "장기전세가율평균":72.96,
            "전세가율거품지수":18.56,
            "검색코드":100515,
            "세대수":765.0,
            "준공년월":"2011-10-25",
            "준공년차":12.0,
            "가까운역이름":"부평구청",
            "가까운역거리":1200.59,
            "역세권여부":"비역세권",
            "30분이내주요거점역":0,
            "1시간이내주요거점역":4,
            "3km이내백화점수":0,
            "5km이내아울렛몰수":0,
            "1km이내대형먀트수":1,
            "500m이내은행수":1,
            "500m이내병원수":26,
            "5km이내대형병원수":8,
            "500m이내공원수":0,
            "3km이내혐오시설수":0,
            "초등학교학업성취도":89.22,
            "중학교학업성취도":72.8,
            "용적률":249,
            "건폐율":17,
            "Y":37.507499,
            "X":126.706978,
            "rank":107.0,
            "area_info":"23평(78.47), 23평(79.08), 33평(109.28), 33평(110.37), 33평(110.39), 43평(142.53)",
            "last_sales":"2021-11-24,102000.0,43평(142.53)"
        },
        {
            "index":604,
            "아파트명":"정원",
            "투자타입":"재건축",
            "전용면적(m2)":"50.48",
            "전용면적(평)":"15평",
            "법정동주소":"인천시 부평구 십정동 188-2",
            "도로명주소":"인천시 부평구 상정로 19",
            "세대수":0,
            "입주년차":"--",
            "용적률점수":80,
            "건폐율점수":80,
            "세대당주차수":"--",
            "난방방식":"--",
            "공급면적":50,
            "전용률":60,
            "욕실수":"--",
            "현관타입":"--",
            "주거총점":53.5,
            "지역구공급총점":0.0,
            "역세권":50,
            "30분내 이동가능 거점":0,
            "1시간내 이동가능 거점":40,
            "교통총점":33.0,
            "백화점":0,
            "아울렛몰":0,
            "대형마트":0,
            "은행":0,
            "병원":10,
            "종합병원":100,
            "공원":100,
            "혐오시설":0,
            "인프라총점":24.0,
            "초등학군":90.0,
            "중학군":40.06,
            "학군총점":50.048,
            "인구수":57.89,
            "인구증감":-13.43,
            "인구총점":36.494,
            "일자리":18.4,
            "소득수준":62.21,
            "일자리총점":31.543,
            "가치 총점":36.9572,
            "매매실거래년":20211113.0,
            "매매실거래가":9900.0,
            "전세실거래년":20211223.0,
            "전세실거래가":5500.0,
            "전세가율":55.56,
            "장기전세가율평균":72.96,
            "전세가율거품지수":17.4,
            "검색코드":8339,
            "세대수":138.0,
            "준공년월":"1987-10-26",
            "준공년차":36.0,
            "가까운역이름":"백운",
            "가까운역거리":693.2,
            "역세권여부":"준역세권",
            "30분이내주요거점역":0,
            "1시간이내주요거점역":4,
            "3km이내백화점수":0,
            "5km이내아울렛몰수":0,
            "1km이내대형먀트수":0,
            "500m이내은행수":0,
            "500m이내병원수":2,
            "5km이내대형병원수":9,
            "500m이내공원수":2,
            "3km이내혐오시설수":0,
            "초등학교학업성취도":90.0,
            "중학교학업성취도":65.9,
            "용적률":156,
            "건폐율":29,
            "Y":37.48035,
            "X":126.70105,
            "rank":108.0,
            "area_info":"15평(50.48)",
            "last_sales":"2021-11-13,9900.0,15평(50.48)"
        },
        {
            "index":516,
            "아파트명":"삼산주공미래타운3단지",
            "투자타입":"일반",
            "전용면적(m2)":"72.69",
            "전용면적(평)":"21평",
            "법정동주소":"인천시 부평구 삼산동 390-6",
            "도로명주소":"인천시 부평구 부평북로 463",
            "세대수":90,
            "입주년차":20,
            "용적률점수":"--",
            "건폐율점수":"--",
            "세대당주차수":30,
            "난방방식":100,
            "공급면적":"--",
            "전용률":"--",
            "욕실수":50,
            "현관타입":10,
            "주거총점":56.0,
            "지역구공급총점":0.0,
            "역세권":0,
            "30분내 이동가능 거점":0,
            "1시간내 이동가능 거점":10,
            "교통총점":2.0,
            "백화점":100,
            "아울렛몰":0,
            "대형마트":0,
            "은행":0,
            "병원":30,
            "종합병원":100,
            "공원":100,
            "혐오시설":0,
            "인프라총점":56.0,
            "초등학군":82.21,
            "중학군":44.78,
            "학군총점":52.266,
            "인구수":57.89,
            "인구증감":-13.43,
            "인구총점":36.494,
            "일자리":18.4,
            "소득수준":62.21,
            "일자리총점":31.543,
            "가치 총점":36.5399,
            "매매실거래년":20210928.0,
            "매매실거래가":37200.0,
            "전세실거래년":20210424.0,
            "전세실거래가":19000.0,
            "전세가율":86.36,
            "장기전세가율평균":72.96,
            "전세가율거품지수":-13.4,
            "검색코드":9252,
            "세대수":946.0,
            "준공년월":"2000-07-06",
            "준공년차":23.0,
            "가까운역이름":"삼산체육관",
            "가까운역거리":1851.7,
            "역세권여부":"비역세권",
            "30분이내주요거점역":0,
            "1시간이내주요거점역":1,
            "3km이내백화점수":1,
            "5km이내아울렛몰수":0,
            "1km이내대형먀트수":0,
            "500m이내은행수":0,
            "500m이내병원수":8,
            "5km이내대형병원수":7,
            "500m이내공원수":8,
            "3km이내혐오시설수":0,
            "초등학교학업성취도":82.21,
            "중학교학업성취도":73.9,
            "용적률":0,
            "건폐율":0,
            "Y":37.52287,
            "X":126.745346,
            "rank":109.0,
            "area_info":"21평(72.69), 24평(80.62), 24평(81.42), 25평(83.14)",
            "last_sales":"2021-09-28,37200.0,25평(83.14)"
        },
        {
            "index":35,
            "아파트명":"태화(416)",
            "투자타입":"일반",
            "전용면적(m2)":"78.64",
            "전용면적(평)":"23평",
            "법정동주소":"인천시 부평구 갈산동 416",
            "도로명주소":"인천시 부평구 부평북로 313",
            "세대수":50,
            "입주년차":0,
            "용적률점수":"--",
            "건폐율점수":"--",
            "세대당주차수":0,
            "난방방식":30,
            "공급면적":"--",
            "전용률":"--",
            "욕실수":50,
            "현관타입":100,
            "주거총점":35.5,
            "지역구공급총점":0.0,
            "역세권":50,
            "30분내 이동가능 거점":0,
            "1시간내 이동가능 거점":30,
            "교통총점":31.0,
            "백화점":0,
            "아울렛몰":0,
            "대형마트":80,
            "은행":0,
            "병원":0,
            "종합병원":100,
            "공원":0,
            "혐오시설":0,
            "인프라총점":32.0,
            "초등학군":88.44,
            "중학군":52.46,
            "학군총점":59.656,
            "인구수":57.89,
            "인구증감":-13.43,
            "인구총점":36.494,
            "일자리":18.4,
            "소득수준":62.21,
            "일자리총점":31.543,
            "가치 총점":36.4984,
            "매매실거래년":20211022.0,
            "매매실거래가":25800.0,
            "전세실거래년":20211009.0,
            "전세실거래가":16000.0,
            "전세가율":62.02,
            "장기전세가율평균":72.96,
            "전세가율거품지수":10.94,
            "검색코드":18470,
            "세대수":410.0,
            "준공년월":"1994-09-08",
            "준공년차":29.0,
            "가까운역이름":"갈산",
            "가까운역거리":904.39,
            "역세권여부":"준역세권",
            "30분이내주요거점역":0,
            "1시간이내주요거점역":3,
            "3km이내백화점수":0,
            "5km이내아울렛몰수":0,
            "1km이내대형먀트수":1,
            "500m이내은행수":0,
            "500m이내병원수":0,
            "5km이내대형병원수":7,
            "500m이내공원수":0,
            "3km이내혐오시설수":0,
            "초등학교학업성취도":88.44,
            "중학교학업성취도":84.9,
            "용적률":247,
            "건폐율":24,
            "Y":37.523292,
            "X":126.728404,
            "rank":110.0,
            "area_info":"23평(78.64), 31평(103.9)",
            "last_sales":"2021-10-22,25800.0,23평(78.64)"
        },
        {
            "index":440,
            "아파트명":"한양2단지",
            "투자타입":"재건축",
            "전용면적(m2)":"61.62",
            "전용면적(평)":"18평",
            "법정동주소":"인천시 부평구 산곡동 182",
            "도로명주소":"인천시 부평구 마장로 287",
            "세대수":80,
            "입주년차":"--",
            "용적률점수":100,
            "건폐율점수":0,
            "세대당주차수":"--",
            "난방방식":"--",
            "공급면적":50,
            "전용률":80,
            "욕실수":"--",
            "현관타입":"--",
            "주거총점":70.5,
            "지역구공급총점":0.0,
            "역세권":0,
            "30분내 이동가능 거점":0,
            "1시간내 이동가능 거점":30,
            "교통총점":6.0,
            "백화점":0,
            "아울렛몰":0,
            "대형마트":80,
            "은행":20,
            "병원":60,
            "종합병원":100,
            "공원":0,
            "혐오시설":0,
            "인프라총점":40.0,
            "초등학군":87.67,
            "중학군":45.66,
            "학군총점":54.062,
            "인구수":57.89,
            "인구증감":-13.43,
            "인구총점":36.494,
            "일자리":18.4,
            "소득수준":62.21,
            "일자리총점":31.543,
            "가치 총점":36.3093,
            "매매실거래년":20211210.0,
            "매매실거래가":56000.0,
            "전세실거래년":20210925.0,
            "전세실거래가":10000.0,
            "전세가율":20.96,
            "장기전세가율평균":72.96,
            "전세가율거품지수":52.0,
            "검색코드":13577,
            "세대수":720.0,
            "준공년월":"1984-11-15",
            "준공년차":39.0,
            "가까운역이름":"부평구청",
            "가까운역거리":1723.42,
            "역세권여부":"비역세권",
            "30분이내주요거점역":0,
            "1시간이내주요거점역":3,
            "3km이내백화점수":0,
            "5km이내아울렛몰수":0,
            "1km이내대형먀트수":1,
            "500m이내은행수":2,
            "500m이내병원수":25,
            "5km이내대형병원수":9,
            "500m이내공원수":0,
            "3km이내혐오시설수":0,
            "초등학교학업성취도":87.67,
            "중학교학업성취도":73.7,
            "용적률":109,
            "건폐율":0,
            "Y":37.503659,
            "X":126.701921,
            "rank":111.0,
            "area_info":"18평(61.62), 22평(73.17), 22평(73.17), 23평(77.03), 24평(79.45), 25평(84.14), 25평(84.15), 25평(84.28), 25평(84.15), 25평(84.28), 30평(101.33), 30평(101.21), 30평(101.23), 30평(101.33), 30평(101.23), 30평(101.33), 37평(123.31)",
            "last_sales":"2021-12-10,56000.0,25평(84.14)"
        },
        {
            "index":20,
            "아파트명":"두산",
            "투자타입":"재건축",
            "전용면적(m2)":"120.25",
            "전용면적(평)":"36평",
            "법정동주소":"인천시 부평구 갈산동 368",
            "도로명주소":"인천시 부평구 갈월동로 45",
            "세대수":50,
            "입주년차":"--",
            "용적률점수":0,
            "건폐율점수":0,
            "세대당주차수":"--",
            "난방방식":"--",
            "공급면적":100,
            "전용률":80,
            "욕실수":"--",
            "현관타입":"--",
            "주거총점":24.0,
            "지역구공급총점":0.0,
            "역세권":50,
            "30분내 이동가능 거점":0,
            "1시간내 이동가능 거점":40,
            "교통총점":33.0,
            "백화점":0,
            "아울렛몰":0,
            "대형마트":100,
            "은행":0,
            "병원":30,
            "종합병원":100,
            "공원":100,
            "혐오시설":0,
            "인프라총점":41.0,
            "초등학군":83.09,
            "중학군":42.98,
            "학군총점":51.002,
            "인구수":57.89,
            "인구증감":-13.43,
            "인구총점":36.494,
            "일자리":18.4,
            "소득수준":62.21,
            "일자리총점":31.543,
            "가치 총점":36.3003,
            "매매실거래년":20211222.0,
            "매매실거래가":59100.0,
            "전세실거래년":20210904.0,
            "전세실거래가":35000.0,
            "전세가율":59.22,
            "장기전세가율평균":72.96,
            "전세가율거품지수":13.74,
            "검색코드":2245,
            "세대수":574.0,
            "준공년월":"1992-11-19",
            "준공년차":31.0,
            "가까운역이름":"굴포천",
            "가까운역거리":555.87,
            "역세권여부":"준역세권",
            "30분이내주요거점역":0,
            "1시간이내주요거점역":4,
            "3km이내백화점수":0,
            "5km이내아울렛몰수":0,
            "1km이내대형먀트수":2,
            "500m이내은행수":1,
            "500m이내병원수":9,
            "5km이내대형병원수":8,
            "500m이내공원수":9,
            "3km이내혐오시설수":0,
            "초등학교학업성취도":83.09,
            "중학교학업성취도":70.1,
            "용적률":248,
            "건폐율":0,
            "Y":37.51117,
            "X":126.72781,
            "rank":112.0,
            "area_info":"36평(120.25), 48평(158.69)",
            "last_sales":"2021-12-22,59100.0,36평(120.25)"
        },
        {
            "index":476,
            "아파트명":"현대2차(311-126)",
            "투자타입":"재건축",
            "전용면적(m2)":"54.83",
            "전용면적(평)":"16평",
            "법정동주소":"인천시 부평구 산곡동 311-126",
            "도로명주소":"인천시 부평구 안남로 91",
            "세대수":90,
            "입주년차":"--",
            "용적률점수":80,
            "건폐율점수":80,
            "세대당주차수":"--",
            "난방방식":"--",
            "공급면적":50,
            "전용률":60,
            "욕실수":"--",
            "현관타입":"--",
            "주거총점":80.5,
            "지역구공급총점":0.0,
            "역세권":0,
            "30분내 이동가능 거점":0,
            "1시간내 이동가능 거점":10,
            "교통총점":2.0,
            "백화점":0,
            "아울렛몰":0,
            "대형마트":80,
            "은행":0,
            "병원":30,
            "종합병원":100,
            "공원":0,
            "혐오시설":0,
            "인프라총점":35.0,
            "초등학군":88.19,
            "중학군":52.92,
            "학군총점":59.974,
            "인구수":57.89,
            "인구증감":-13.43,
            "인구총점":36.494,
            "일자리":18.4,
            "소득수준":62.21,
            "일자리총점":31.543,
            "가치 총점":36.2961,
            "매매실거래년":20211218.0,
            "매매실거래가":27000.0,
            "전세실거래년":20211210.0,
            "전세실거래가":17000.0,
            "전세가율":62.96,
            "장기전세가율평균":72.96,
            "전세가율거품지수":10.0,
            "검색코드":2347,
            "세대수":1496.0,
            "준공년월":"1987-05-21",
            "준공년차":36.0,
            "가까운역이름":"백운",
            "가까운역거리":1061.38,
            "역세권여부":"비역세권",
            "30분이내주요거점역":0,
            "1시간이내주요거점역":1,
            "3km이내백화점수":0,
            "5km이내아울렛몰수":0,
            "1km이내대형먀트수":1,
            "500m이내은행수":1,
            "500m이내병원수":7,
            "5km이내대형병원수":10,
            "500m이내공원수":0,
            "3km이내혐오시설수":0,
            "초등학교학업성취도":88.19,
            "중학교학업성취도":85.2,
            "용적률":157,
            "건폐율":23,
            "Y":37.493209,
            "X":126.707779,
            "rank":113.0,
            "area_info":"16평(54.83), 20평(69.15), 25평(83.0), 27평(89.84), 27평(90.0), 31평(102.98), 31평(102.98), 31평(104.7)",
            "last_sales":"2021-12-18,27000.0,16평(54.83)"
        },
        {
            "index":520,
            "아파트명":"삼산주공미래타운4단지",
            "투자타입":"일반",
            "전용면적(m2)":"68.6",
            "전용면적(평)":"20평",
            "법정동주소":"인천시 부평구 삼산동 389-8",
            "도로명주소":"인천시 부평구 영성중로 57",
            "세대수":90,
            "입주년차":20,
            "용적률점수":"--",
            "건폐율점수":"--",
            "세대당주차수":0,
            "난방방식":100,
            "공급면적":"--",
            "전용률":"--",
            "욕실수":50,
            "현관타입":10,
            "주거총점":51.5,
            "지역구공급총점":0.0,
            "역세권":0,
            "30분내 이동가능 거점":0,
            "1시간내 이동가능 거점":10,
            "교통총점":2.0,
            "백화점":100,
            "아울렛몰":0,
            "대형마트":0,
            "은행":0,
            "병원":30,
            "종합병원":100,
            "공원":100,
            "혐오시설":0,
            "인프라총점":56.0,
            "초등학군":84.24,
            "중학군":48.08,
            "학군총점":55.312,
            "인구수":57.89,
            "인구증감":-13.43,
            "인구총점":36.494,
            "일자리":18.4,
            "소득수준":62.21,
            "일자리총점":31.543,
            "가치 총점":36.0968,
            "매매실거래년":20211204.0,
            "매매실거래가":29800.0,
            "전세실거래년":20211213.0,
            "전세실거래가":18370.0,
            "전세가율":61.64,
            "장기전세가율평균":72.96,
            "전세가율거품지수":11.32,
            "검색코드":9254,
            "세대수":968.0,
            "준공년월":"2000-09-20",
            "준공년차":23.0,
            "가까운역이름":"삼산체육관",
            "가까운역거리":1612.34,
            "역세권여부":"비역세권",
            "30분이내주요거점역":0,
            "1시간이내주요거점역":1,
            "3km이내백화점수":1,
            "5km이내아울렛몰수":0,
            "1km이내대형먀트수":0,
            "500m이내은행수":0,
            "500m이내병원수":8,
            "5km이내대형병원수":8,
            "500m이내공원수":10,
            "3km이내혐오시설수":0,
            "초등학교학업성취도":84.24,
            "중학교학업성취도":78.4,
            "용적률":231,
            "건폐율":16,
            "Y":37.520797,
            "X":126.744442,
            "rank":114.0,
            "area_info":"20평(68.6), 24평(82.19), 24평(82.19), 24평(82.19)",
            "last_sales":"2021-12-04,29800.0,20평(68.6)"
        },
        {
            "index":568,
            "아파트명":"현대",
            "투자타입":"일반",
            "전용면적(m2)":"79.44",
            "전용면적(평)":"24평",
            "법정동주소":"인천시 부평구 삼산동 40-1",
            "도로명주소":"인천시 부평구 부평북로 407",
            "세대수":30,
            "입주년차":0,
            "용적률점수":"--",
            "건폐율점수":"--",
            "세대당주차수":0,
            "난방방식":30,
            "공급면적":"--",
            "전용률":"--",
            "욕실수":50,
            "현관타입":100,
            "주거총점":28.5,
            "지역구공급총점":0.0,
            "역세권":0,
            "30분내 이동가능 거점":0,
            "1시간내 이동가능 거점":10,
            "교통총점":2.0,
            "백화점":100,
            "아울렛몰":0,
            "대형마트":80,
            "은행":0,
            "병원":60,
            "종합병원":100,
            "공원":100,
            "혐오시설":0,
            "인프라총점":71.0,
            "초등학군":84.61,
            "중학군":48.08,
            "학군총점":55.386,
            "인구수":57.89,
            "인구증감":-13.43,
            "인구총점":36.494,
            "일자리":18.4,
            "소득수준":62.21,
            "일자리총점":31.543,
            "가치 총점":36.0079,
            "매매실거래년":20211227.0,
            "매매실거래가":29300.0,
            "전세실거래년":20210630.0,
            "전세실거래가":21000.0,
            "전세가율":71.67,
            "장기전세가율평균":72.96,
            "전세가율거품지수":1.29,
            "검색코드":9250,
            "세대수":330.0,
            "준공년월":"1995-05-17",
            "준공년차":28.0,
            "가까운역이름":"작전",
            "가까운역거리":1696.74,
            "역세권여부":"비역세권",
            "30분이내주요거점역":0,
            "1시간이내주요거점역":1,
            "3km이내백화점수":1,
            "5km이내아울렛몰수":0,
            "1km이내대형먀트수":1,
            "500m이내은행수":0,
            "500m이내병원수":12,
            "5km이내대형병원수":6,
            "500m이내공원수":7,
            "3km이내혐오시설수":0,
            "초등학교학업성취도":84.61,
            "중학교학업성취도":78.4,
            "용적률":328,
            "건폐율":18,
            "Y":37.523086,
            "X":126.739403,
            "rank":115.0,
            "area_info":"24평(79.44), 32평(106.77)",
            "last_sales":"2021-12-27,29300.0,24평(79.44)"
        },
        {
            "index":651,
            "아파트명":"미도6차",
            "투자타입":"재건축",
            "전용면적(m2)":"59.49",
            "전용면적(평)":"17평",
            "법정동주소":"인천시 부평구 청천동 236-5",
            "도로명주소":"인천시 부평구 길주로494번길 50",
            "세대수":0,
            "입주년차":"--",
            "용적률점수":60,
            "건폐율점수":60,
            "세대당주차수":"--",
            "난방방식":"--",
            "공급면적":50,
            "전용률":60,
            "욕실수":"--",
            "현관타입":"--",
            "주거총점":41.5,
            "지역구공급총점":0.0,
            "역세권":50,
            "30분내 이동가능 거점":0,
            "1시간내 이동가능 거점":40,
            "교통총점":33.0,
            "백화점":0,
            "아울렛몰":0,
            "대형마트":0,
            "은행":0,
            "병원":60,
            "종합병원":100,
            "공원":0,
            "혐오시설":0,
            "인프라총점":26.0,
            "초등학군":88.14,
            "중학군":46.3,
            "학군총점":54.668,
            "인구수":57.89,
            "인구증감":-13.43,
            "인구총점":36.494,
            "일자리":18.4,
            "소득수준":62.21,
            "일자리총점":31.543,
            "가치 총점":35.8502,
            "매매실거래년":20211111.0,
            "매매실거래가":26800.0,
            "전세실거래년":20211230.0,
            "전세실거래가":16000.0,
            "전세가율":59.7,
            "장기전세가율평균":72.96,
            "전세가율거품지수":13.26,
            "검색코드":2451,
            "세대수":222.0,
            "준공년월":"1988-02-02",
            "준공년차":35.0,
            "가까운역이름":"부평구청",
            "가까운역거리":511.09,
            "역세권여부":"준역세권",
            "30분이내주요거점역":0,
            "1시간이내주요거점역":4,
            "3km이내백화점수":0,
            "5km이내아울렛몰수":0,
            "1km이내대형먀트수":0,
            "500m이내은행수":0,
            "500m이내병원수":14,
            "5km이내대형병원수":9,
            "500m이내공원수":0,
            "3km이내혐오시설수":0,
            "초등학교학업성취도":88.14,
            "중학교학업성취도":74.7,
            "용적률":192,
            "건폐율":32,
            "Y":37.505427,
            "X":126.716062,
            "rank":116.0,
            "area_info":"17평(59.49), 20평(66.98), 22평(74.7), 22평(75.69)",
            "last_sales":"2021-11-11,26800.0,17평(59.49)"
        },
        {
            "index":404,
            "아파트명":"수암",
            "투자타입":"재건축",
            "전용면적(m2)":"57.0",
            "전용면적(평)":"17평",
            "법정동주소":"인천시 부평구 산곡동 43-1",
            "도로명주소":"인천시 부평구 마장로361번길 10",
            "세대수":0,
            "입주년차":"--",
            "용적률점수":100,
            "건폐율점수":80,
            "세대당주차수":"--",
            "난방방식":"--",
            "공급면적":50,
            "전용률":60,
            "욕실수":"--",
            "현관타입":"--",
            "주거총점":61.5,
            "지역구공급총점":0.0,
            "역세권":0,
            "30분내 이동가능 거점":0,
            "1시간내 이동가능 거점":40,
            "교통총점":8.0,
            "백화점":0,
            "아울렛몰":0,
            "대형마트":80,
            "은행":20,
            "병원":60,
            "종합병원":100,
            "공원":80,
            "혐오시설":0,
            "인프라총점":42.4,
            "초등학군":88.68,
            "중학군":44.08,
            "학군총점":53.0,
            "인구수":57.89,
            "인구증감":-13.43,
            "인구총점":36.494,
            "일자리":18.4,
            "소득수준":62.21,
            "일자리총점":31.543,
            "가치 총점":35.77,
            "매매실거래년":20211012.0,
            "매매실거래가":59500.0,
            "전세실거래년":20200624.0,
            "전세실거래가":10000.0,
            "전세가율":16.81,
            "장기전세가율평균":72.96,
            "전세가율거품지수":56.15,
            "검색코드":10035,
            "세대수":170.0,
            "준공년월":"1988-10-18",
            "준공년차":35.0,
            "가까운역이름":"부평구청",
            "가까운역거리":1595.49,
            "역세권여부":"비역세권",
            "30분이내주요거점역":0,
            "1시간이내주요거점역":4,
            "3km이내백화점수":0,
            "5km이내아울렛몰수":0,
            "1km이내대형먀트수":1,
            "500m이내은행수":2,
            "500m이내병원수":19,
            "5km이내대형병원수":8,
            "500m이내공원수":1,
            "3km이내혐오시설수":0,
            "초등학교학업성취도":88.68,
            "중학교학업성취도":72.8,
            "용적률":131,
            "건폐율":26,
            "Y":37.5103,
            "X":126.70263,
            "rank":117.0,
            "area_info":"17평(57.0), 18평(60.21), 20평(67.2)",
            "last_sales":"2021-10-12,59500.0,17평(57.0)"
        },
        {
            "index":0,
            "아파트명":"갈산대성유니드",
            "투자타입":"일반",
            "전용면적(m2)":"78.17",
            "전용면적(평)":"23평",
            "법정동주소":"인천시 부평구 갈산동 454",
            "도로명주소":"인천시 부평구 새갈로 57",
            "세대수":0,
            "입주년차":40,
            "용적률점수":"--",
            "건폐율점수":"--",
            "세대당주차수":30,
            "난방방식":30,
            "공급면적":"--",
            "전용률":"--",
            "욕실수":50,
            "현관타입":100,
            "주거총점":30.5,
            "지역구공급총점":0.0,
            "역세권":50,
            "30분내 이동가능 거점":0,
            "1시간내 이동가능 거점":30,
            "교통총점":31.0,
            "백화점":0,
            "아울렛몰":0,
            "대형마트":80,
            "은행":0,
            "병원":0,
            "종합병원":100,
            "공원":0,
            "혐오시설":0,
            "인프라총점":32.0,
            "초등학군":88.44,
            "중학군":52.46,
            "학군총점":59.656,
            "인구수":57.89,
            "인구증감":-13.43,
            "인구총점":36.494,
            "일자리":18.4,
            "소득수준":62.21,
            "일자리총점":31.543,
            "가치 총점":35.4984,
            "매매실거래년":20211104.0,
            "매매실거래가":37000.0,
            "전세실거래년":20210509.0,
            "전세실거래가":18000.0,
            "전세가율":65.45,
            "장기전세가율평균":72.96,
            "전세가율거품지수":7.51,
            "검색코드":22213,
            "세대수":247.0,
            "준공년월":"2007-04-10",
            "준공년차":16.0,
            "가까운역이름":"갈산",
            "가까운역거리":974.2,
            "역세권여부":"준역세권",
            "30분이내주요거점역":0,
            "1시간이내주요거점역":3,
            "3km이내백화점수":0,
            "5km이내아울렛몰수":0,
            "1km이내대형먀트수":1,
            "500m이내은행수":0,
            "500m이내병원수":0,
            "5km이내대형병원수":7,
            "500m이내공원수":0,
            "3km이내혐오시설수":0,
            "초등학교학업성취도":88.44,
            "중학교학업성취도":84.9,
            "용적률":248,
            "건폐율":18,
            "Y":37.522271,
            "X":126.730582,
            "rank":118.0,
            "area_info":"23평(78.17), 33평(109.68)",
            "last_sales":"2021-11-04,37000.0,33평(109.68)"
        },
        {
            "index":509,
            "아파트명":"삼산임광그대가",
            "투자타입":"일반",
            "전용면적(m2)":"108.66",
            "전용면적(평)":"32평",
            "법정동주소":"인천시 부평구 삼산동 500",
            "도로명주소":"인천시 부평구 영성서로 10",
            "세대수":30,
            "입주년차":40,
            "용적률점수":"--",
            "건폐율점수":"--",
            "세대당주차수":30,
            "난방방식":30,
            "공급면적":"--",
            "전용률":"--",
            "욕실수":100,
            "현관타입":100,
            "주거총점":46.0,
            "지역구공급총점":0.0,
            "역세권":0,
            "30분내 이동가능 거점":0,
            "1시간내 이동가능 거점":10,
            "교통총점":2.0,
            "백화점":100,
            "아울렛몰":0,
            "대형마트":0,
            "은행":0,
            "병원":30,
            "종합병원":100,
            "공원":100,
            "혐오시설":0,
            "인프라총점":56.0,
            "초등학군":84.24,
            "중학군":48.08,
            "학군총점":55.312,
            "인구수":57.89,
            "인구증감":-13.43,
            "인구총점":36.494,
            "일자리":18.4,
            "소득수준":62.21,
            "일자리총점":31.543,
            "가치 총점":34.9968,
            "매매실거래년":20211119.0,
            "매매실거래가":60000.0,
            "전세실거래년":20211219.0,
            "전세실거래가":38000.0,
            "전세가율":63.33,
            "장기전세가율평균":72.96,
            "전세가율거품지수":9.63,
            "검색코드":25928,
            "세대수":393.0,
            "준공년월":"2008-11-28",
            "준공년차":15.0,
            "가까운역이름":"삼산체육관",
            "가까운역거리":1420.78,
            "역세권여부":"비역세권",
            "30분이내주요거점역":0,
            "1시간이내주요거점역":1,
            "3km이내백화점수":1,
            "5km이내아울렛몰수":0,
            "1km이내대형먀트수":0,
            "500m이내은행수":0,
            "500m이내병원수":9,
            "5km이내대형병원수":8,
            "500m이내공원수":9,
            "3km이내혐오시설수":0,
            "초등학교학업성취도":84.24,
            "중학교학업성취도":78.4,
            "용적률":242,
            "건폐율":24,
            "Y":37.519058,
            "X":126.744448,
            "rank":119.0,
            "area_info":"32평(108.66), 32평(108.66)",
            "last_sales":"2021-11-19,60000.0,32평(108.66)"
        },
        {
            "index":343,
            "아파트명":"동원(82-116)",
            "투자타입":"재건축",
            "전용면적(m2)":"53.55",
            "전용면적(평)":"16평",
            "법정동주소":"인천시 부평구 산곡동 82-116",
            "도로명주소":"인천시 부평구 원적로287번길 35",
            "세대수":0,
            "입주년차":"--",
            "용적률점수":100,
            "건폐율점수":80,
            "세대당주차수":"--",
            "난방방식":"--",
            "공급면적":50,
            "전용률":80,
            "욕실수":"--",
            "현관타입":"--",
            "주거총점":62.5,
            "지역구공급총점":0.0,
            "역세권":0,
            "30분내 이동가능 거점":0,
            "1시간내 이동가능 거점":30,
            "교통총점":6.0,
            "백화점":0,
            "아울렛몰":0,
            "대형마트":80,
            "은행":20,
            "병원":60,
            "종합병원":100,
            "공원":0,
            "혐오시설":0,
            "인프라총점":40.0,
            "초등학군":93.91,
            "중학군":45.66,
            "학군총점":55.31,
            "인구수":57.89,
            "인구증감":-13.43,
            "인구총점":36.494,
            "일자리":18.4,
            "소득수준":62.21,
            "일자리총점":31.543,
            "가치 총점":34.8965,
            "매매실거래년":20211127.0,
            "매매실거래가":29000.0,
            "전세실거래년":null,
            "전세실거래가":null,
            "전세가율":null,
            "장기전세가율평균":72.96,
            "전세가율거품지수":null,
            "검색코드":16678,
            "세대수":150.0,
            "준공년월":"1990-01-31",
            "준공년차":33.0,
            "가까운역이름":"석남",
            "가까운역거리":1952.33,
            "역세권여부":"비역세권",
            "30분이내주요거점역":0,
            "1시간이내주요거점역":3,
            "3km이내백화점수":0,
            "5km이내아울렛몰수":0,
            "1km이내대형먀트수":1,
            "500m이내은행수":2,
            "500m이내병원수":15,
            "5km이내대형병원수":8,
            "500m이내공원수":0,
            "3km이내혐오시설수":0,
            "초등학교학업성취도":93.91,
            "중학교학업성취도":73.7,
            "용적률":138,
            "건폐율":24,
            "Y":37.506521,
            "X":126.698332,
            "rank":120.0,
            "area_info":"16평(53.55), 16평(55.53), 18평(60.71), 19평(62.84), 26평(88.66)",
            "last_sales":"2021-11-27,29000.0,26평(88.66)"
        },
        {
            "index":383,
            "아파트명":"산곡한화2단지",
            "투자타입":"일반",
            "전용면적(m2)":"80.78",
            "전용면적(평)":"24평",
            "법정동주소":"인천시 부평구 산곡동 124-23",
            "도로명주소":"인천시 부평구 원적로 361",
            "세대수":90,
            "입주년차":20,
            "용적률점수":"--",
            "건폐율점수":"--",
            "세대당주차수":30,
            "난방방식":30,
            "공급면적":"--",
            "전용률":"--",
            "욕실수":50,
            "현관타입":100,
            "주거총점":58.0,
            "지역구공급총점":0.0,
            "역세권":0,
            "30분내 이동가능 거점":0,
            "1시간내 이동가능 거점":40,
            "교통총점":8.0,
            "백화점":0,
            "아울렛몰":0,
            "대형마트":80,
            "은행":20,
            "병원":60,
            "종합병원":100,
            "공원":0,
            "혐오시설":0,
            "인프라총점":40.0,
            "초등학군":89.22,
            "중학군":45.66,
            "학군총점":54.372,
            "인구수":57.89,
            "인구증감":-13.43,
            "인구총점":36.494,
            "일자리":18.4,
            "소득수준":62.21,
            "일자리총점":31.543,
            "가치 총점":34.5558,
            "매매실거래년":20211213.0,
            "매매실거래가":58000.0,
            "전세실거래년":20220108.0,
            "전세실거래가":22000.0,
            "전세가율":47.31,
            "장기전세가율평균":72.96,
            "전세가율거품지수":25.65,
            "검색코드":7997,
            "세대수":1280.0,
            "준공년월":"1999-11-02",
            "준공년차":24.0,
            "가까운역이름":"부평구청",
            "가까운역거리":1374.66,
            "역세권여부":"비역세권",
            "30분이내주요거점역":0,
            "1시간이내주요거점역":4,
            "3km이내백화점수":0,
            "5km이내아울렛몰수":0,
            "1km이내대형먀트수":1,
            "500m이내은행수":2,
            "500m이내병원수":29,
            "5km이내대형병원수":8,
            "500m이내공원수":0,
            "3km이내혐오시설수":0,
            "초등학교학업성취도":89.22,
            "중학교학업성취도":73.7,
            "용적률":0,
            "건폐율":0,
            "Y":37.505445,
            "X":126.705396,
            "rank":121.0,
            "area_info":"24평(80.78), 32평(108.21), 33평(110.35), 38평(127.19), 49평(164.88)",
            "last_sales":"2021-12-13,58000.0,33평(110.35)"
        },
        {
            "index":428,
            "아파트명":"진흥",
            "투자타입":"재건축",
            "전용면적(m2)":"48.49",
            "전용면적(평)":"14평",
            "법정동주소":"인천시 부평구 산곡동 38-26",
            "도로명주소":"인천시 부평구 산청로 40",
            "세대수":0,
            "입주년차":"--",
            "용적률점수":80,
            "건폐율점수":80,
            "세대당주차수":"--",
            "난방방식":"--",
            "공급면적":50,
            "전용률":80,
            "욕실수":"--",
            "현관타입":"--",
            "주거총점":54.5,
            "지역구공급총점":0.0,
            "역세권":0,
            "30분내 이동가능 거점":0,
            "1시간내 이동가능 거점":40,
            "교통총점":8.0,
            "백화점":0,
            "아울렛몰":0,
            "대형마트":80,
            "은행":0,
            "병원":60,
            "종합병원":100,
            "공원":80,
            "혐오시설":0,
            "인프라총점":40.4,
            "초등학군":88.68,
            "중학군":44.08,
            "학군총점":53.0,
            "인구수":57.89,
            "인구증감":-13.43,
            "인구총점":36.494,
            "일자리":18.4,
            "소득수준":62.21,
            "일자리총점":31.543,
            "가치 총점":33.77,
            "매매실거래년":20211109.0,
            "매매실거래가":19750.0,
            "전세실거래년":20210930.0,
            "전세실거래가":12000.0,
            "전세가율":60.76,
            "장기전세가율평균":72.96,
            "전세가율거품지수":12.2,
            "검색코드":10034,
            "세대수":234.0,
            "준공년월":"1988-05-14",
            "준공년차":35.0,
            "가까운역이름":"부평구청",
            "가까운역거리":1679.69,
            "역세권여부":"비역세권",
            "30분이내주요거점역":0,
            "1시간이내주요거점역":4,
            "3km이내백화점수":0,
            "5km이내아울렛몰수":0,
            "1km이내대형먀트수":1,
            "500m이내은행수":1,
            "500m이내병원수":10,
            "5km이내대형병원수":8,
            "500m이내공원수":1,
            "3km이내혐오시설수":0,
            "초등학교학업성취도":88.68,
            "중학교학업성취도":72.8,
            "용적률":174,
            "건폐율":29,
            "Y":37.51252,
            "X":126.70225,
            "rank":122.0,
            "area_info":"14평(48.49), 17평(56.31), 23평(77.41), 25평(83.28)",
            "last_sales":"2021-11-09,19750.0,14평(48.49)"
        },
        {
            "index":357,
            "아파트명":"부평산곡한신1차",
            "투자타입":"재건축",
            "전용면적(m2)":"58.19",
            "전용면적(평)":"17평",
            "법정동주소":"인천시 부평구 산곡동 137-3",
            "도로명주소":"인천시 부평구 원적로416번길 20",
            "세대수":0,
            "입주년차":"--",
            "용적률점수":0,
            "건폐율점수":0,
            "세대당주차수":"--",
            "난방방식":"--",
            "공급면적":50,
            "전용률":60,
            "욕실수":"--",
            "현관타입":"--",
            "주거총점":5.5,
            "지역구공급총점":0.0,
            "역세권":50,
            "30분내 이동가능 거점":0,
            "1시간내 이동가능 거점":50,
            "교통총점":35.0,
            "백화점":0,
            "아울렛몰":0,
            "대형마트":80,
            "은행":0,
            "병원":60,
            "종합병원":100,
            "공원":80,
            "혐오시설":0,
            "인프라총점":40.4,
            "초등학군":84.88,
            "중학군":46.3,
            "학군총점":54.016,
            "인구수":57.89,
            "인구증감":-13.43,
            "인구총점":36.494,
            "일자리":18.4,
            "소득수준":62.21,
            "일자리총점":31.543,
            "가치 총점":33.5724,
            "매매실거래년":20210820.0,
            "매매실거래가":21800.0,
            "전세실거래년":20220113.0,
            "전세실거래가":18000.0,
            "전세가율":82.57,
            "장기전세가율평균":72.96,
            "전세가율거품지수":-9.61,
            "검색코드":2346,
            "세대수":234.0,
            "준공년월":"1985-07-10",
            "준공년차":38.0,
            "가까운역이름":"부평구청",
            "가까운역거리":969.15,
            "역세권여부":"준역세권",
            "30분이내주요거점역":0,
            "1시간이내주요거점역":5,
            "3km이내백화점수":0,
            "5km이내아울렛몰수":0,
            "1km이내대형먀트수":1,
            "500m이내은행수":0,
            "500m이내병원수":28,
            "5km이내대형병원수":9,
            "500m이내공원수":1,
            "3km이내혐오시설수":0,
            "초등학교학업성취도":84.88,
            "중학교학업성취도":74.7,
            "용적률":220,
            "건폐율":0,
            "Y":37.50294,
            "X":126.71192,
            "rank":123.0,
            "area_info":"17평(58.19), 27평(90.65), 31평(103.6)",
            "last_sales":"2021-08-20,21800.0,17평(58.19)"
        },
        {
            "index":341,
            "아파트명":"동남",
            "투자타입":"재건축",
            "전용면적(m2)":"57.12",
            "전용면적(평)":"17평",
            "법정동주소":"인천시 부평구 산곡동 38-36",
            "도로명주소":"인천시 부평구 산청로 32",
            "세대수":0,
            "입주년차":"--",
            "용적률점수":80,
            "건폐율점수":80,
            "세대당주차수":"--",
            "난방방식":"--",
            "공급면적":50,
            "전용률":60,
            "욕실수":"--",
            "현관타입":"--",
            "주거총점":53.5,
            "지역구공급총점":0.0,
            "역세권":0,
            "30분내 이동가능 거점":0,
            "1시간내 이동가능 거점":40,
            "교통총점":8.0,
            "백화점":0,
            "아울렛몰":0,
            "대형마트":80,
            "은행":0,
            "병원":60,
            "종합병원":100,
            "공원":80,
            "혐오시설":0,
            "인프라총점":40.4,
            "초등학군":88.68,
            "중학군":44.08,
            "학군총점":53.0,
            "인구수":57.89,
            "인구증감":-13.43,
            "인구총점":36.494,
            "일자리":18.4,
            "소득수준":62.21,
            "일자리총점":31.543,
            "가치 총점":33.57,
            "매매실거래년":20210926.0,
            "매매실거래가":25000.0,
            "전세실거래년":20210721.0,
            "전세실거래가":7000.0,
            "전세가율":32.56,
            "장기전세가율평균":72.96,
            "전세가율거품지수":40.4,
            "검색코드":11095,
            "세대수":126.0,
            "준공년월":"1988-05-19",
            "준공년차":35.0,
            "가까운역이름":"부평구청",
            "가까운역거리":1670.71,
            "역세권여부":"비역세권",
            "30분이내주요거점역":0,
            "1시간이내주요거점역":4,
            "3km이내백화점수":0,
            "5km이내아울렛몰수":0,
            "1km이내대형먀트수":1,
            "500m이내은행수":1,
            "500m이내병원수":14,
            "5km이내대형병원수":8,
            "500m이내공원수":1,
            "3km이내혐오시설수":0,
            "초등학교학업성취도":88.68,
            "중학교학업성취도":72.8,
            "용적률":178,
            "건폐율":29,
            "Y":37.51181,
            "X":126.70212,
            "rank":124.0,
            "area_info":"17평(57.12), 21평(72.6)",
            "last_sales":"2021-09-26,25000.0,21평(72.6)"
        },
        {
            "index":417,
            "아파트명":"우성4차",
            "투자타입":"재건축",
            "전용면적(m2)":"101.58",
            "전용면적(평)":"30평",
            "법정동주소":"인천시 부평구 산곡동 306-3",
            "도로명주소":"인천시 부평구 안남로123번길 46",
            "세대수":50,
            "입주년차":"--",
            "용적률점수":60,
            "건폐율점수":100,
            "세대당주차수":"--",
            "난방방식":"--",
            "공급면적":90,
            "전용률":80,
            "욕실수":"--",
            "현관타입":"--",
            "주거총점":67.5,
            "지역구공급총점":0.0,
            "역세권":0,
            "30분내 이동가능 거점":0,
            "1시간내 이동가능 거점":10,
            "교통총점":2.0,
            "백화점":0,
            "아울렛몰":0,
            "대형마트":80,
            "은행":0,
            "병원":10,
            "종합병원":100,
            "공원":0,
            "혐오시설":0,
            "인프라총점":33.0,
            "초등학군":88.19,
            "중학군":52.92,
            "학군총점":59.974,
            "인구수":57.89,
            "인구증감":-13.43,
            "인구총점":36.494,
            "일자리":18.4,
            "소득수준":62.21,
            "일자리총점":31.543,
            "가치 총점":33.0961,
            "매매실거래년":20211201.0,
            "매매실거래가":54500.0,
            "전세실거래년":20211004.0,
            "전세실거래가":30000.0,
            "전세가율":69.77,
            "장기전세가율평균":72.96,
            "전세가율거품지수":3.19,
            "검색코드":9334,
            "세대수":494.0,
            "준공년월":"1991-01-19",
            "준공년차":32.0,
            "가까운역이름":"부평시장",
            "가까운역거리":1309.98,
            "역세권여부":"비역세권",
            "30분이내주요거점역":0,
            "1시간이내주요거점역":1,
            "3km이내백화점수":0,
            "5km이내아울렛몰수":0,
            "1km이내대형먀트수":1,
            "500m이내은행수":0,
            "500m이내병원수":3,
            "5km이내대형병원수":11,
            "500m이내공원수":0,
            "3km이내혐오시설수":0,
            "초등학교학업성취도":88.19,
            "중학교학업성취도":85.2,
            "용적률":194,
            "건폐율":15,
            "Y":37.49548,
            "X":126.707853,
            "rank":125.0,
            "area_info":"30평(101.58), 38평(128.08), 47평(157.53)",
            "last_sales":"2021-12-01,54500.0,38평(128.08)"
        },
        {
            "index":379,
            "아파트명":"산곡한화1단지",
            "투자타입":"일반",
            "전용면적(m2)":"80.8",
            "전용면적(평)":"24평",
            "법정동주소":"인천시 부평구 산곡동 124-23",
            "도로명주소":"인천시 부평구 원적로 361",
            "세대수":80,
            "입주년차":0,
            "용적률점수":"--",
            "건폐율점수":"--",
            "세대당주차수":30,
            "난방방식":30,
            "공급면적":"--",
            "전용률":"--",
            "욕실수":50,
            "현관타입":100,
            "주거총점":50.5,
            "지역구공급총점":0.0,
            "역세권":0,
            "30분내 이동가능 거점":0,
            "1시간내 이동가능 거점":30,
            "교통총점":6.0,
            "백화점":0,
            "아울렛몰":0,
            "대형마트":80,
            "은행":0,
            "병원":80,
            "종합병원":100,
            "공원":80,
            "혐오시설":0,
            "인프라총점":42.4,
            "초등학군":84.88,
            "중학군":46.3,
            "학군총점":54.016,
            "인구수":57.89,
            "인구증감":-13.43,
            "인구총점":36.494,
            "일자리":18.4,
            "소득수준":62.21,
            "일자리총점":31.543,
            "가치 총점":33.0224,
            "매매실거래년":20211224.0,
            "매매실거래가":45500.0,
            "전세실거래년":20211130.0,
            "전세실거래가":19500.0,
            "전세가율":42.86,
            "장기전세가율평균":72.96,
            "전세가율거품지수":30.1,
            "검색코드":7996,
            "세대수":744.0,
            "준공년월":"1997-03-11",
            "준공년차":26.0,
            "가까운역이름":"부평구청",
            "가까운역거리":1175.85,
            "역세권여부":"비역세권",
            "30분이내주요거점역":0,
            "1시간이내주요거점역":3,
            "3km이내백화점수":0,
            "5km이내아울렛몰수":0,
            "1km이내대형먀트수":1,
            "500m이내은행수":1,
            "500m이내병원수":31,
            "5km이내대형병원수":9,
            "500m이내공원수":1,
            "3km이내혐오시설수":0,
            "초등학교학업성취도":84.88,
            "중학교학업성취도":74.7,
            "용적률":266,
            "건폐율":21,
            "Y":37.504798,
            "X":126.707986,
            "rank":126.0,
            "area_info":"24평(80.8), 24평(80.56), 33평(109.1), 38평(127.09)",
            "last_sales":"2021-12-24,45500.0,24평(80.8)"
        },
        {
            "index":436,
            "아파트명":"한신휴",
            "투자타입":"일반",
            "전용면적(m2)":"88.03",
            "전용면적(평)":"26평",
            "법정동주소":"인천시 부평구 산곡동 222",
            "도로명주소":"인천시 부평구 마장로220번길 13",
            "세대수":80,
            "입주년차":20,
            "용적률점수":"--",
            "건폐율점수":"--",
            "세대당주차수":30,
            "난방방식":30,
            "공급면적":"--",
            "전용률":"--",
            "욕실수":100,
            "현관타입":100,
            "주거총점":59.5,
            "지역구공급총점":0.0,
            "역세권":0,
            "30분내 이동가능 거점":0,
            "1시간내 이동가능 거점":10,
            "교통총점":2.0,
            "백화점":0,
            "아울렛몰":0,
            "대형마트":80,
            "은행":0,
            "병원":30,
            "종합병원":100,
            "공원":80,
            "혐오시설":0,
            "인프라총점":37.4,
            "초등학군":88.11,
            "중학군":52.92,
            "학군총점":59.958,
            "인구수":57.89,
            "인구증감":-13.43,
            "인구총점":36.494,
            "일자리":18.4,
            "소득수준":62.21,
            "일자리총점":31.543,
            "가치 총점":32.8137,
            "매매실거래년":20220116.0,
            "매매실거래가":48000.0,
            "전세실거래년":20210917.0,
            "전세실거래가":28000.0,
            "전세가율":71.07,
            "장기전세가율평균":72.96,
            "전세가율거품지수":1.89,
            "검색코드":14832,
            "세대수":703.0,
            "준공년월":"2003-01-25",
            "준공년차":20.0,
            "가까운역이름":"부평시장",
            "가까운역거리":1667.95,
            "역세권여부":"비역세권",
            "30분이내주요거점역":0,
            "1시간이내주요거점역":1,
            "3km이내백화점수":0,
            "5km이내아울렛몰수":0,
            "1km이내대형먀트수":1,
            "500m이내은행수":0,
            "500m이내병원수":5,
            "5km이내대형병원수":8,
            "500m이내공원수":1,
            "3km이내혐오시설수":0,
            "초등학교학업성취도":88.11,
            "중학교학업성취도":85.2,
            "용적률":364,
            "건폐율":22,
            "Y":37.49894,
            "X":126.70335,
            "rank":127.0,
            "area_info":"26평(88.03), 34평(115.61), 34평(115.51), 49평(164.47)",
            "last_sales":"2022-01-16,48000.0,34평(115.61)"
        },
        {
            "index":425,
            "아파트명":"재원",
            "투자타입":"재건축",
            "전용면적(m2)":"67.97",
            "전용면적(평)":"20평",
            "법정동주소":"인천시 부평구 산곡동 180-329",
            "도로명주소":"인천시 부평구 원적로 276",
            "세대수":0,
            "입주년차":"--",
            "용적률점수":100,
            "건폐율점수":80,
            "세대당주차수":"--",
            "난방방식":"--",
            "공급면적":50,
            "전용률":60,
            "욕실수":"--",
            "현관타입":"--",
            "주거총점":61.5,
            "지역구공급총점":0.0,
            "역세권":0,
            "30분내 이동가능 거점":0,
            "1시간내 이동가능 거점":30,
            "교통총점":6.0,
            "백화점":0,
            "아울렛몰":0,
            "대형마트":80,
            "은행":0,
            "병원":30,
            "종합병원":100,
            "공원":0,
            "혐오시설":0,
            "인프라총점":35.0,
            "초등학군":80.33,
            "중학군":45.66,
            "학군총점":52.594,
            "인구수":57.89,
            "인구증감":-13.43,
            "인구총점":36.494,
            "일자리":18.4,
            "소득수준":62.21,
            "일자리총점":31.543,
            "가치 총점":32.7891,
            "매매실거래년":20211125.0,
            "매매실거래가":35000.0,
            "전세실거래년":20211223.0,
            "전세실거래가":10000.0,
            "전세가율":34.48,
            "장기전세가율평균":72.96,
            "전세가율거품지수":38.48,
            "검색코드":10163,
            "세대수":210.0,
            "준공년월":"1984-12-24",
            "준공년차":39.0,
            "가까운역이름":"석남",
            "가까운역거리":1872.27,
            "역세권여부":"비역세권",
            "30분이내주요거점역":0,
            "1시간이내주요거점역":3,
            "3km이내백화점수":0,
            "5km이내아울렛몰수":0,
            "1km이내대형먀트수":1,
            "500m이내은행수":1,
            "500m이내병원수":7,
            "5km이내대형병원수":9,
            "500m이내공원수":0,
            "3km이내혐오시설수":0,
            "초등학교학업성취도":80.33,
            "중학교학업성취도":73.7,
            "용적률":127,
            "건폐율":26,
            "Y":37.503336,
            "X":126.69712,
            "rank":128.0,
            "area_info":"20평(67.97), 25평(84.27), 25평(85.43)",
            "last_sales":"2021-11-25,35000.0,25평(85.43)"
        },
        {
            "index":513,
            "아파트명":"삼산주공미래타운2단지",
            "투자타입":"일반",
            "전용면적(m2)":"59.83",
            "전용면적(평)":"18평",
            "법정동주소":"인천시 부평구 삼산동 388-7",
            "도로명주소":"인천시 부평구 부평북로 432",
            "세대수":50,
            "입주년차":20,
            "용적률점수":"--",
            "건폐율점수":"--",
            "세대당주차수":0,
            "난방방식":30,
            "공급면적":"--",
            "전용률":"--",
            "욕실수":50,
            "현관타입":10,
            "주거총점":30.5,
            "지역구공급총점":0.0,
            "역세권":0,
            "30분내 이동가능 거점":0,
            "1시간내 이동가능 거점":10,
            "교통총점":2.0,
            "백화점":100,
            "아울렛몰":0,
            "대형마트":0,
            "은행":0,
            "병원":60,
            "종합병원":100,
            "공원":100,
            "혐오시설":0,
            "인프라총점":59.0,
            "초등학군":82.21,
            "중학군":48.08,
            "학군총점":54.906,
            "인구수":57.89,
            "인구증감":-13.43,
            "인구총점":36.494,
            "일자리":18.4,
            "소득수준":62.21,
            "일자리총점":31.543,
            "가치 총점":32.7359,
            "매매실거래년":20211225.0,
            "매매실거래가":30800.0,
            "전세실거래년":20220107.0,
            "전세실거래가":16275.0,
            "전세가율":77.5,
            "장기전세가율평균":72.96,
            "전세가율거품지수":-4.54,
            "검색코드":11107,
            "세대수":684.0,
            "준공년월":"2000-08-12",
            "준공년차":23.0,
            "가까운역이름":"삼산체육관",
            "가까운역거리":1647.02,
            "역세권여부":"비역세권",
            "30분이내주요거점역":0,
            "1시간이내주요거점역":1,
            "3km이내백화점수":1,
            "5km이내아울렛몰수":0,
            "1km이내대형먀트수":0,
            "500m이내은행수":0,
            "500m이내병원수":13,
            "5km이내대형병원수":7,
            "500m이내공원수":9,
            "3km이내혐오시설수":0,
            "초등학교학업성취도":82.21,
            "중학교학업성취도":78.4,
            "용적률":226,
            "건폐율":15,
            "Y":37.521223,
            "X":126.742127,
            "rank":129.0,
            "area_info":"18평(59.83), 18평(60.88), 22평(73.07)",
            "last_sales":"2021-12-25,30800.0,22평(73.07)"
        },
        {
            "index":685,
            "아파트명":"청천",
            "투자타입":"재건축",
            "전용면적(m2)":"51.14",
            "전용면적(평)":"15평",
            "법정동주소":"인천시 부평구 청천동 16-8",
            "도로명주소":"인천시 부평구 청중로51번길 3",
            "세대수":0,
            "입주년차":"--",
            "용적률점수":100,
            "건폐율점수":80,
            "세대당주차수":"--",
            "난방방식":"--",
            "공급면적":50,
            "전용률":100,
            "욕실수":"--",
            "현관타입":"--",
            "주거총점":63.5,
            "지역구공급총점":0.0,
            "역세권":0,
            "30분내 이동가능 거점":0,
            "1시간내 이동가능 거점":40,
            "교통총점":8.0,
            "백화점":0,
            "아울렛몰":0,
            "대형마트":0,
            "은행":20,
            "병원":60,
            "종합병원":100,
            "공원":80,
            "혐오시설":0,
            "인프라총점":30.4,
            "초등학군":93.43,
            "중학군":44.08,
            "학군총점":53.95,
            "인구수":57.89,
            "인구증감":-13.43,
            "인구총점":36.494,
            "일자리":18.4,
            "소득수준":62.21,
            "일자리총점":31.543,
            "가치 총점":32.7125,
            "매매실거래년":20210826.0,
            "매매실거래가":17000.0,
            "전세실거래년":20170321.0,
            "전세실거래가":7500.0,
            "전세가율":41.67,
            "장기전세가율평균":72.96,
            "전세가율거품지수":31.29,
            "검색코드":10559,
            "세대수":130.0,
            "준공년월":"1978-11-24",
            "준공년차":45.0,
            "가까운역이름":"갈산",
            "가까운역거리":1642.21,
            "역세권여부":"비역세권",
            "30분이내주요거점역":0,
            "1시간이내주요거점역":4,
            "3km이내백화점수":0,
            "5km이내아울렛몰수":0,
            "1km이내대형먀트수":0,
            "500m이내은행수":2,
            "500m이내병원수":11,
            "5km이내대형병원수":7,
            "500m이내공원수":1,
            "3km이내혐오시설수":0,
            "초등학교학업성취도":93.43,
            "중학교학업성취도":72.8,
            "용적률":114,
            "건폐율":23,
            "Y":37.51788,
            "X":126.70291,
            "rank":130.0,
            "area_info":"15평(51.14), 15평(51.14), 20평(67.9)",
            "last_sales":"2021-08-26,17000.0,15평(51.14)"
        },
        {
            "index":643,
            "아파트명":"동양",
            "투자타입":"재건축",
            "전용면적(m2)":"49.85",
            "전용면적(평)":"15평",
            "법정동주소":"인천시 부평구 청천동 397",
            "도로명주소":"인천시 부평구 안남로417번길 35",
            "세대수":0,
            "입주년차":"--",
            "용적률점수":100,
            "건폐율점수":80,
            "세대당주차수":"--",
            "난방방식":"--",
            "공급면적":50,
            "전용률":80,
            "욕실수":"--",
            "현관타입":"--",
            "주거총점":62.5,
            "지역구공급총점":0.0,
            "역세권":0,
            "30분내 이동가능 거점":0,
            "1시간내 이동가능 거점":40,
            "교통총점":8.0,
            "백화점":0,
            "아울렛몰":0,
            "대형마트":0,
            "은행":70,
            "병원":30,
            "종합병원":100,
            "공원":0,
            "혐오시설":0,
            "인프라총점":30.0,
            "초등학군":90.76,
            "중학군":47.28,
            "학군총점":55.976,
            "인구수":57.89,
            "인구증감":-13.43,
            "인구총점":36.494,
            "일자리":18.4,
            "소득수준":62.21,
            "일자리총점":31.543,
            "가치 총점":32.6964,
            "매매실거래년":20211130.0,
            "매매실거래가":14500.0,
            "전세실거래년":20211026.0,
            "전세실거래가":9800.0,
            "전세가율":67.59,
            "장기전세가율평균":72.96,
            "전세가율거품지수":5.37,
            "검색코드":10241,
            "세대수":200.0,
            "준공년월":"1982-12-16",
            "준공년차":41.0,
            "가까운역이름":"갈산",
            "가까운역거리":1215.88,
            "역세권여부":"비역세권",
            "30분이내주요거점역":0,
            "1시간이내주요거점역":4,
            "3km이내백화점수":0,
            "5km이내아울렛몰수":0,
            "1km이내대형먀트수":0,
            "500m이내은행수":3,
            "500m이내병원수":9,
            "5km이내대형병원수":7,
            "500m이내공원수":0,
            "3km이내혐오시설수":0,
            "초등학교학업성취도":90.76,
            "중학교학업성취도":77.2,
            "용적률":115,
            "건폐율":23,
            "Y":37.52,
            "X":126.708165,
            "rank":131.0,
            "area_info":"15평(49.85), 16평(55.8), 17평(59.41)",
            "last_sales":"2021-11-30,14500.0,15평(49.85)"
        },
        {
            "index":368,
            "아파트명":"부평아이파크",
            "투자타입":"일반",
            "전용면적(m2)":"94.56",
            "전용면적(평)":"28평",
            "법정동주소":"인천시 부평구 산곡동 91-2",
            "도로명주소":"인천시 부평구 길주로364번길 9",
            "세대수":0,
            "입주년차":100,
            "용적률점수":"--",
            "건폐율점수":"--",
            "세대당주차수":30,
            "난방방식":30,
            "공급면적":"--",
            "전용률":"--",
            "욕실수":100,
            "현관타입":100,
            "주거총점":47.5,
            "지역구공급총점":0.0,
            "역세권":0,
            "30분내 이동가능 거점":0,
            "1시간내 이동가능 거점":50,
            "교통총점":10.0,
            "백화점":0,
            "아울렛몰":0,
            "대형마트":80,
            "은행":0,
            "병원":60,
            "종합병원":100,
            "공원":0,
            "혐오시설":0,
            "인프라총점":38.0,
            "초등학군":93.91,
            "중학군":44.08,
            "학군총점":54.046,
            "인구수":57.89,
            "인구증감":-13.43,
            "인구총점":36.494,
            "일자리":18.4,
            "소득수준":62.21,
            "일자리총점":31.543,
            "가치 총점":32.5069,
            "매매실거래년":20210612.0,
            "매매실거래가":60000.0,
            "전세실거래년":20210729.0,
            "전세실거래가":49000.0,
            "전세가율":81.67,
            "장기전세가율평균":72.96,
            "전세가율거품지수":-8.71,
            "검색코드":119010,
            "세대수":256.0,
            "준공년월":"2020-10-01",
            "준공년차":3.0,
            "가까운역이름":"부평구청",
            "가까운역거리":1566.47,
            "역세권여부":"비역세권",
            "30분이내주요거점역":0,
            "1시간이내주요거점역":5,
            "3km이내백화점수":0,
            "5km이내아울렛몰수":0,
            "1km이내대형먀트수":1,
            "500m이내은행수":1,
            "500m이내병원수":17,
            "5km이내대형병원수":8,
            "500m이내공원수":0,
            "3km이내혐오시설수":0,
            "초등학교학업성취도":93.91,
            "중학교학업성취도":72.8,
            "용적률":0,
            "건폐율":0,
            "Y":37.508338,
            "X":126.702789,
            "rank":132.0,
            "area_info":"28평(94.56), 28평(94.26), 28평(95.26), 34평(113.7), 34평(115.29)",
            "last_sales":"2021-06-12,60000.0,28평(94.56)"
        },
        {
            "index":290,
            "아파트명":"한국",
            "투자타입":"일반",
            "전용면적(m2)":"80.43",
            "전용면적(평)":"24평",
            "법정동주소":"인천시 부평구 부평동 65-124",
            "도로명주소":"인천시 부평구 부영로166번길 12",
            "세대수":0,
            "입주년차":0,
            "용적률점수":"--",
            "건폐율점수":"--",
            "세대당주차수":30,
            "난방방식":30,
            "공급면적":"--",
            "전용률":"--",
            "욕실수":50,
            "현관타입":10,
            "주거총점":13.5,
            "지역구공급총점":0.0,
            "역세권":50,
            "30분내 이동가능 거점":0,
            "1시간내 이동가능 거점":50,
            "교통총점":35.0,
            "백화점":0,
            "아울렛몰":0,
            "대형마트":0,
            "은행":20,
            "병원":60,
            "종합병원":100,
            "공원":0,
            "혐오시설":0,
            "인프라총점":28.0,
            "초등학군":88.14,
            "중학군":54.08,
            "학군총점":60.892,
            "인구수":57.89,
            "인구증감":-13.43,
            "인구총점":36.494,
            "일자리":18.4,
            "소득수준":62.21,
            "일자리총점":31.543,
            "가치 총점":32.4838,
            "매매실거래년":20210915.0,
            "매매실거래가":45000.0,
            "전세실거래년":20211030.0,
            "전세실거래가":20000.0,
            "전세가율":80.0,
            "장기전세가율평균":72.96,
            "전세가율거품지수":-7.04,
            "검색코드":9339,
            "세대수":180.0,
            "준공년월":"1998-12-30",
            "준공년차":25.0,
            "가까운역이름":"부평시장",
            "가까운역거리":513.4,
            "역세권여부":"준역세권",
            "30분이내주요거점역":0,
            "1시간이내주요거점역":5,
            "3km이내백화점수":0,
            "5km이내아울렛몰수":0,
            "1km이내대형먀트수":0,
            "500m이내은행수":2,
            "500m이내병원수":26,
            "5km이내대형병원수":10,
            "500m이내공원수":0,
            "3km이내혐오시설수":0,
            "초등학교학업성취도":88.14,
            "중학교학업성취도":86.2,
            "용적률":369,
            "건폐율":29,
            "Y":37.49954,
            "X":126.71661,
            "rank":133.0,
            "area_info":"24평(80.43), 30평(101.79), 44평(146.47)",
            "last_sales":"2021-09-15,45000.0,30평(101.79)"
        },
        {
            "index":501,
            "아파트명":"부평삼산엠코타운",
            "투자타입":"일반",
            "전용면적(m2)":"84.21",
            "전용면적(평)":"25평",
            "법정동주소":"인천시 부평구 삼산동 494",
            "도로명주소":"인천시 부평구 후정로 7",
            "세대수":80,
            "입주년차":40,
            "용적률점수":"--",
            "건폐율점수":"--",
            "세대당주차수":60,
            "난방방식":30,
            "공급면적":"--",
            "전용률":"--",
            "욕실수":100,
            "현관타입":100,
            "주거총점":68.0,
            "지역구공급총점":0.0,
            "역세권":0,
            "30분내 이동가능 거점":0,
            "1시간내 이동가능 거점":10,
            "교통총점":2.0,
            "백화점":0,
            "아울렛몰":0,
            "대형마트":0,
            "은행":20,
            "병원":60,
            "종합병원":100,
            "공원":80,
            "혐오시설":0,
            "인프라총점":30.4,
            "초등학군":88.44,
            "중학군":52.46,
            "학군총점":59.656,
            "인구수":57.89,
            "인구증감":-13.43,
            "인구총점":36.494,
            "일자리":18.4,
            "소득수준":62.21,
            "일자리총점":31.543,
            "가치 총점":32.3684,
            "매매실거래년":20210823.0,
            "매매실거래가":68500.0,
            "전세실거래년":20210827.0,
            "전세실거래가":33000.0,
            "전세가율":69.04,
            "장기전세가율평균":72.96,
            "전세가율거품지수":3.92,
            "검색코드":22652,
            "세대수":708.0,
            "준공년월":"2007-08-14",
            "준공년차":16.0,
            "가까운역이름":"갈산",
            "가까운역거리":1206.55,
            "역세권여부":"비역세권",
            "30분이내주요거점역":0,
            "1시간이내주요거점역":1,
            "3km이내백화점수":0,
            "5km이내아울렛몰수":0,
            "1km이내대형먀트수":0,
            "500m이내은행수":2,
            "500m이내병원수":10,
            "5km이내대형병원수":6,
            "500m이내공원수":1,
            "3km이내혐오시설수":0,
            "초등학교학업성취도":88.44,
            "중학교학업성취도":84.9,
            "용적률":226,
            "건폐율":17,
            "Y":37.521318,
            "X":126.734206,
            "rank":134.0,
            "area_info":"25평(84.21), 33평(111.97), 46평(152.59)",
            "last_sales":"2021-08-23,68500.0,46평(152.59)"
        },
        {
            "index":612,
            "아파트명":"한국",
            "투자타입":"일반",
            "전용면적(m2)":"79.05",
            "전용면적(평)":"23평",
            "법정동주소":"인천시 부평구 십정동 186-7",
            "도로명주소":"인천시 부평구 이규보로95번길 24",
            "세대수":0,
            "입주년차":0,
            "용적률점수":"--",
            "건폐율점수":"--",
            "세대당주차수":0,
            "난방방식":30,
            "공급면적":"--",
            "전용률":"--",
            "욕실수":50,
            "현관타입":100,
            "주거총점":18.0,
            "지역구공급총점":0.0,
            "역세권":50,
            "30분내 이동가능 거점":0,
            "1시간내 이동가능 거점":50,
            "교통총점":35.0,
            "백화점":0,
            "아울렛몰":0,
            "대형마트":0,
            "은행":0,
            "병원":10,
            "종합병원":100,
            "공원":80,
            "혐오시설":0,
            "인프라총점":23.4,
            "초등학군":84.96,
            "중학군":55.68,
            "학군총점":61.536,
            "인구수":57.89,
            "인구증감":-13.43,
            "인구총점":36.494,
            "일자리":18.4,
            "소득수준":62.21,
            "일자리총점":31.543,
            "가치 총점":32.1004,
            "매매실거래년":20210917.0,
            "매매실거래가":31000.0,
            "전세실거래년":20210821.0,
            "전세실거래가":21000.0,
            "전세가율":91.3,
            "장기전세가율평균":72.96,
            "전세가율거품지수":-18.34,
            "검색코드":8335,
            "세대수":194.0,
            "준공년월":"1998-01-06",
            "준공년차":25.0,
            "가까운역이름":"백운",
            "가까운역거리":503.03,
            "역세권여부":"준역세권",
            "30분이내주요거점역":0,
            "1시간이내주요거점역":5,
            "3km이내백화점수":0,
            "5km이내아울렛몰수":0,
            "1km이내대형먀트수":0,
            "500m이내은행수":0,
            "500m이내병원수":2,
            "5km이내대형병원수":8,
            "500m이내공원수":1,
            "3km이내혐오시설수":0,
            "초등학교학업성취도":84.96,
            "중학교학업성취도":90.0,
            "용적률":307,
            "건폐율":26,
            "Y":37.48112,
            "X":126.70299,
            "rank":135.0,
            "area_info":"23평(79.05), 26평(86.49), 27평(89.66), 29평(95.87)",
            "last_sales":"2021-09-17,31000.0,27평(89.66)"
        },
        {
            "index":668,
            "아파트명":"성웅산호타운",
            "투자타입":"일반",
            "전용면적(m2)":"35.67",
            "전용면적(평)":"10평",
            "법정동주소":"인천시 부평구 청천동 236-56",
            "도로명주소":"인천시 부평구 부평대로165번길 106",
            "세대수":0,
            "입주년차":0,
            "용적률점수":"--",
            "건폐율점수":"--",
            "세대당주차수":0,
            "난방방식":30,
            "공급면적":"--",
            "전용률":"--",
            "욕실수":50,
            "현관타입":100,
            "주거총점":18.0,
            "지역구공급총점":0.0,
            "역세권":50,
            "30분내 이동가능 거점":0,
            "1시간내 이동가능 거점":50,
            "교통총점":35.0,
            "백화점":0,
            "아울렛몰":0,
            "대형마트":0,
            "은행":0,
            "병원":60,
            "종합병원":100,
            "공원":0,
            "혐오시설":0,
            "인프라총점":26.0,
            "초등학군":88.14,
            "중학군":46.3,
            "학군총점":54.668,
            "인구수":57.89,
            "인구증감":-13.43,
            "인구총점":36.494,
            "일자리":18.4,
            "소득수준":62.21,
            "일자리총점":31.543,
            "가치 총점":31.8502,
            "매매실거래년":"18000101",
            "매매실거래가":null,
            "전세실거래년":null,
            "전세실거래가":null,
            "전세가율":null,
            "장기전세가율평균":72.96,
            "전세가율거품지수":null,
            "검색코드":14841,
            "세대수":218.0,
            "준공년월":"1994-11-02",
            "준공년차":29.0,
            "가까운역이름":"부평구청",
            "가까운역거리":588.19,
            "역세권여부":"준역세권",
            "30분이내주요거점역":0,
            "1시간이내주요거점역":5,
            "3km이내백화점수":0,
            "5km이내아울렛몰수":0,
            "1km이내대형먀트수":0,
            "500m이내은행수":0,
            "500m이내병원수":16,
            "5km이내대형병원수":9,
            "500m이내공원수":0,
            "3km이내혐오시설수":0,
            "초등학교학업성취도":88.14,
            "중학교학업성취도":74.7,
            "용적률":0,
            "건폐율":0,
            "Y":37.504152,
            "X":126.716468,
            "rank":136.0,
            "area_info":"10평(35.67), 12평(42.66), 12평(42.09), 13평(46.04), 14평(46.59), 16평(54.04), 17평(58.24)",
            "last_sales":"1800-01-01,nan,10평(35.67)"
        },
        {
            "index":592,
            "아파트명":"부평금호어울림",
            "투자타입":"일반",
            "전용면적(m2)":"113.09",
            "전용면적(평)":"34평",
            "법정동주소":"인천시 부평구 십정동 609",
            "도로명주소":"인천시 부평구 경원대로1110번길 20",
            "세대수":0,
            "입주년차":40,
            "용적률점수":"--",
            "건폐율점수":"--",
            "세대당주차수":30,
            "난방방식":30,
            "공급면적":"--",
            "전용률":"--",
            "욕실수":100,
            "현관타입":100,
            "주거총점":35.5,
            "지역구공급총점":0.0,
            "역세권":50,
            "30분내 이동가능 거점":0,
            "1시간내 이동가능 거점":20,
            "교통총점":29.0,
            "백화점":0,
            "아울렛몰":0,
            "대형마트":0,
            "은행":0,
            "병원":0,
            "종합병원":100,
            "공원":100,
            "혐오시설":0,
            "인프라총점":23.0,
            "초등학군":90.0,
            "중학군":40.06,
            "학군총점":50.048,
            "인구수":57.89,
            "인구증감":-13.43,
            "인구총점":36.494,
            "일자리":18.4,
            "소득수준":62.21,
            "일자리총점":31.543,
            "가치 총점":31.6572,
            "매매실거래년":20210522.0,
            "매매실거래가":44800.0,
            "전세실거래년":20210326.0,
            "전세실거래가":30000.0,
            "전세가율":66.96,
            "장기전세가율평균":72.96,
            "전세가율거품지수":6.0,
            "검색코드":26672,
            "세대수":290.0,
            "준공년월":"2008-06-19",
            "준공년차":15.0,
            "가까운역이름":"동암",
            "가까운역거리":985.91,
            "역세권여부":"준역세권",
            "30분이내주요거점역":0,
            "1시간이내주요거점역":2,
            "3km이내백화점수":0,
            "5km이내아울렛몰수":0,
            "1km이내대형먀트수":0,
            "500m이내은행수":0,
            "500m이내병원수":1,
            "5km이내대형병원수":9,
            "500m이내공원수":2,
            "3km이내혐오시설수":0,
            "초등학교학업성취도":90.0,
            "중학교학업성취도":65.9,
            "용적률":224,
            "건폐율":19,
            "Y":37.479184,
            "X":126.697528,
            "rank":137.0,
            "area_info":"34평(113.09), 43평(145.28)",
            "last_sales":"2021-05-22,44800.0,34평(113.09)"
        },
        {
            "index":688,
            "아파트명":"청천푸르지오",
            "투자타입":"일반",
            "전용면적(m2)":"82.07",
            "전용면적(평)":"24평",
            "법정동주소":"인천시 부평구 청천동 176",
            "도로명주소":"인천시 부평구 세월천로 16",
            "세대수":100,
            "입주년차":0,
            "용적률점수":"--",
            "건폐율점수":"--",
            "세대당주차수":30,
            "난방방식":100,
            "공급면적":"--",
            "전용률":"--",
            "욕실수":50,
            "현관타입":100,
            "주거총점":64.5,
            "지역구공급총점":0.0,
            "역세권":0,
            "30분내 이동가능 거점":0,
            "1시간내 이동가능 거점":40,
            "교통총점":8.0,
            "백화점":0,
            "아울렛몰":0,
            "대형마트":0,
            "은행":0,
            "병원":60,
            "종합병원":100,
            "공원":0,
            "혐오시설":0,
            "인프라총점":26.0,
            "초등학군":90.76,
            "중학군":44.08,
            "학군총점":53.416,
            "인구수":57.89,
            "인구증감":-13.43,
            "인구총점":36.494,
            "일자리":18.4,
            "소득수준":62.21,
            "일자리총점":31.543,
            "가치 총점":31.5124,
            "매매실거래년":20211211.0,
            "매매실거래가":43400.0,
            "전세실거래년":20211220.0,
            "전세실거래가":30000.0,
            "전세가율":69.12,
            "장기전세가율평균":72.96,
            "전세가율거품지수":3.84,
            "검색코드":8724,
            "세대수":2257.0,
            "준공년월":"1998-06-20",
            "준공년차":25.0,
            "가까운역이름":"갈산",
            "가까운역거리":1191.12,
            "역세권여부":"비역세권",
            "30분이내주요거점역":0,
            "1시간이내주요거점역":4,
            "3km이내백화점수":0,
            "5km이내아울렛몰수":0,
            "1km이내대형먀트수":0,
            "500m이내은행수":1,
            "500m이내병원수":17,
            "5km이내대형병원수":7,
            "500m이내공원수":0,
            "3km이내혐오시설수":0,
            "초등학교학업성취도":90.76,
            "중학교학업성취도":72.8,
            "용적률":281,
            "건폐율":18,
            "Y":37.514696,
            "X":126.708404,
            "rank":138.0,
            "area_info":"24평(82.07), 33평(109.33), 33평(111.06), 37평(123.44), 49평(163.86)",
            "last_sales":"2021-12-11,43400.0,24평(82.07)"
        },
        {
            "index":457,
            "아파트명":"한양7차",
            "투자타입":"재건축",
            "전용면적(m2)":"99.11",
            "전용면적(평)":"29평",
            "법정동주소":"인천시 부평구 산곡동 155-1",
            "도로명주소":"인천시 부평구 안남로 231",
            "세대수":30,
            "입주년차":"--",
            "용적률점수":0,
            "건폐율점수":100,
            "세대당주차수":"--",
            "난방방식":"--",
            "공급면적":90,
            "전용률":80,
            "욕실수":"--",
            "현관타입":"--",
            "주거총점":37.5,
            "지역구공급총점":0.0,
            "역세권":0,
            "30분내 이동가능 거점":0,
            "1시간내 이동가능 거점":40,
            "교통총점":8.0,
            "백화점":0,
            "아울렛몰":0,
            "대형마트":80,
            "은행":0,
            "병원":80,
            "종합병원":100,
            "공원":80,
            "혐오시설":0,
            "인프라총점":42.4,
            "초등학군":87.67,
            "중학군":46.3,
            "학군총점":54.574,
            "인구수":57.89,
            "인구증감":-13.43,
            "인구총점":36.494,
            "일자리":18.4,
            "소득수준":62.21,
            "일자리총점":31.543,
            "가치 총점":31.2061,
            "매매실거래년":20211229.0,
            "매매실거래가":38500.0,
            "전세실거래년":null,
            "전세실거래가":null,
            "전세가율":null,
            "장기전세가율평균":72.96,
            "전세가율거품지수":null,
            "검색코드":9170,
            "세대수":320.0,
            "준공년월":"1992-08-28",
            "준공년차":31.0,
            "가까운역이름":"부평구청",
            "가까운역거리":1259.78,
            "역세권여부":"비역세권",
            "30분이내주요거점역":0,
            "1시간이내주요거점역":4,
            "3km이내백화점수":0,
            "5km이내아울렛몰수":0,
            "1km이내대형먀트수":1,
            "500m이내은행수":0,
            "500m이내병원수":31,
            "5km이내대형병원수":9,
            "500m이내공원수":1,
            "3km이내혐오시설수":0,
            "초등학교학업성취도":87.67,
            "중학교학업성취도":74.7,
            "용적률":329,
            "건폐율":19,
            "Y":37.503864,
            "X":126.707426,
            "rank":139.0,
            "area_info":"29평(99.11), 32평(105.86)",
            "last_sales":"2021-12-29,38500.0,32평(105.86)"
        },
        {
            "index":490,
            "아파트명":"광명12차",
            "투자타입":"재건축",
            "전용면적(m2)":"61.08",
            "전용면적(평)":"18평",
            "법정동주소":"인천시 부평구 삼산동 359",
            "도로명주소":"인천시 부평구 후정동로 63",
            "세대수":50,
            "입주년차":"--",
            "용적률점수":60,
            "건폐율점수":60,
            "세대당주차수":"--",
            "난방방식":"--",
            "공급면적":50,
            "전용률":60,
            "욕실수":"--",
            "현관타입":"--",
            "주거총점":56.5,
            "지역구공급총점":0.0,
            "역세권":0,
            "30분내 이동가능 거점":0,
            "1시간내 이동가능 거점":10,
            "교통총점":2.0,
            "백화점":0,
            "아울렛몰":0,
            "대형마트":80,
            "은행":0,
            "병원":10,
            "종합병원":100,
            "공원":100,
            "혐오시설":0,
            "인프라총점":36.0,
            "초등학군":84.61,
            "중학군":48.08,
            "학군총점":55.386,
            "인구수":57.89,
            "인구증감":-13.43,
            "인구총점":36.494,
            "일자리":18.4,
            "소득수준":62.21,
            "일자리총점":31.543,
            "가치 총점":31.1079,
            "매매실거래년":20211115.0,
            "매매실거래가":27000.0,
            "전세실거래년":20211124.0,
            "전세실거래가":11000.0,
            "전세가율":52.38,
            "장기전세가율평균":72.96,
            "전세가율거품지수":20.58,
            "검색코드":25955,
            "세대수":456.0,
            "준공년월":"1990-07-02",
            "준공년차":33.0,
            "가까운역이름":"작전",
            "가까운역거리":1511.84,
            "역세권여부":"비역세권",
            "30분이내주요거점역":0,
            "1시간이내주요거점역":1,
            "3km이내백화점수":0,
            "5km이내아울렛몰수":0,
            "1km이내대형먀트수":1,
            "500m이내은행수":0,
            "500m이내병원수":4,
            "5km이내대형병원수":6,
            "500m이내공원수":3,
            "3km이내혐오시설수":0,
            "초등학교학업성취도":84.61,
            "중학교학업성취도":78.4,
            "용적률":190,
            "건폐율":32,
            "Y":37.523287,
            "X":126.737126,
            "rank":140.0,
            "area_info":"18평(61.08), 22평(73.28), 23평(77.42), 28평(95.35)",
            "last_sales":"2021-11-15,27000.0,22평(73.28)"
        },
        {
            "index":663,
            "아파트명":"부평청천우민늘푸른",
            "투자타입":"일반",
            "전용면적(m2)":"79.52",
            "전용면적(평)":"24평",
            "법정동주소":"인천시 부평구 청천동 453",
            "도로명주소":"인천시 부평구 평천로141번길 11",
            "세대수":30,
            "입주년차":100,
            "용적률점수":"--",
            "건폐율점수":"--",
            "세대당주차수":30,
            "난방방식":30,
            "공급면적":"--",
            "전용률":"--",
            "욕실수":100,
            "현관타입":100,
            "주거총점":58.0,
            "지역구공급총점":0.0,
            "역세권":0,
            "30분내 이동가능 거점":0,
            "1시간내 이동가능 거점":30,
            "교통총점":6.0,
            "백화점":0,
            "아울렛몰":0,
            "대형마트":0,
            "은행":70,
            "병원":30,
            "종합병원":100,
            "공원":0,
            "혐오시설":0,
            "인프라총점":30.0,
            "초등학군":90.76,
            "중학군":47.28,
            "학군총점":55.976,
            "인구수":57.89,
            "인구증감":-13.43,
            "인구총점":36.494,
            "일자리":18.4,
            "소득수준":62.21,
            "일자리총점":31.543,
            "가치 총점":31.0964,
            "매매실거래년":20211230.0,
            "매매실거래가":33500.0,
            "전세실거래년":20210811.0,
            "전세실거래가":25000.0,
            "전세가율":78.12,
            "장기전세가율평균":72.96,
            "전세가율거품지수":-5.16,
            "검색코드":125081,
            "세대수":341.0,
            "준공년월":"2020-08-01",
            "준공년차":3.0,
            "가까운역이름":"갈산",
            "가까운역거리":1332.33,
            "역세권여부":"비역세권",
            "30분이내주요거점역":0,
            "1시간이내주요거점역":3,
            "3km이내백화점수":0,
            "5km이내아울렛몰수":0,
            "1km이내대형먀트수":0,
            "500m이내은행수":3,
            "500m이내병원수":9,
            "5km이내대형병원수":7,
            "500m이내공원수":0,
            "3km이내혐오시설수":0,
            "초등학교학업성취도":90.76,
            "중학교학업성취도":77.2,
            "용적률":266,
            "건폐율":21,
            "Y":37.52067,
            "X":126.707029,
            "rank":141.0,
            "area_info":"24평(79.52), 24평(79.82)",
            "last_sales":"2021-12-30,33500.0,24평(79.82)"
        },
        {
            "index":432,
            "아파트명":"프리상뜨",
            "투자타입":"일반",
            "전용면적(m2)":"75.9",
            "전용면적(평)":"22평",
            "법정동주소":"인천시 부평구 산곡동 233-26",
            "도로명주소":"인천시 부평구 마장로220번길 65",
            "세대수":30,
            "입주년차":40,
            "용적률점수":"--",
            "건폐율점수":"--",
            "세대당주차수":30,
            "난방방식":30,
            "공급면적":"--",
            "전용률":"--",
            "욕실수":100,
            "현관타입":100,
            "주거총점":46.0,
            "지역구공급총점":0.0,
            "역세권":0,
            "30분내 이동가능 거점":0,
            "1시간내 이동가능 거점":10,
            "교통총점":2.0,
            "백화점":0,
            "아울렛몰":0,
            "대형마트":100,
            "은행":0,
            "병원":30,
            "종합병원":100,
            "공원":80,
            "혐오시설":0,
            "인프라총점":40.4,
            "초등학군":88.11,
            "중학군":52.92,
            "학군총점":59.958,
            "인구수":57.89,
            "인구증감":-13.43,
            "인구총점":36.494,
            "일자리":18.4,
            "소득수준":62.21,
            "일자리총점":31.543,
            "가치 총점":31.0137,
            "매매실거래년":20211110.0,
            "매매실거래가":48000.0,
            "전세실거래년":20201014.0,
            "전세실거래가":22000.0,
            "전세가율":79.57,
            "장기전세가율평균":72.96,
            "전세가율거품지수":-6.61,
            "검색코드":9612,
            "세대수":335.0,
            "준공년월":"2004-09-30",
            "준공년차":19.0,
            "가까운역이름":"부평시장",
            "가까운역거리":1410.62,
            "역세권여부":"비역세권",
            "30분이내주요거점역":0,
            "1시간이내주요거점역":1,
            "3km이내백화점수":0,
            "5km이내아울렛몰수":0,
            "1km이내대형먀트수":2,
            "500m이내은행수":0,
            "500m이내병원수":5,
            "5km이내대형병원수":9,
            "500m이내공원수":1,
            "3km이내혐오시설수":0,
            "초등학교학업성취도":88.11,
            "중학교학업성취도":85.2,
            "용적률":340,
            "건폐율":23,
            "Y":37.498067,
            "X":126.706259,
            "rank":142.0,
            "area_info":"22평(75.9), 24평(79.41), 31평(103.04), 31평(104.46)",
            "last_sales":"2021-11-10,48000.0,31평(104.46)"
        },
        {
            "index":306,
            "아파트명":"경남2차",
            "투자타입":"재건축",
            "전용면적(m2)":"72.63",
            "전용면적(평)":"21평",
            "법정동주소":"인천시 부평구 산곡동 274",
            "도로명주소":"인천시 부평구 안남로222번길 30",
            "세대수":50,
            "입주년차":"--",
            "용적률점수":0,
            "건폐율점수":100,
            "세대당주차수":"--",
            "난방방식":"--",
            "공급면적":50,
            "전용률":80,
            "욕실수":"--",
            "현관타입":"--",
            "주거총점":41.5,
            "지역구공급총점":0.0,
            "역세권":0,
            "30분내 이동가능 거점":0,
            "1시간내 이동가능 거점":30,
            "교통총점":6.0,
            "백화점":0,
            "아울렛몰":0,
            "대형마트":80,
            "은행":0,
            "병원":60,
            "종합병원":100,
            "공원":80,
            "혐오시설":0,
            "인프라총점":40.4,
            "초등학군":84.88,
            "중학군":46.3,
            "학군총점":54.016,
            "인구수":57.89,
            "인구증감":-13.43,
            "인구총점":36.494,
            "일자리":18.4,
            "소득수준":62.21,
            "일자리총점":31.543,
            "가치 총점":30.6224,
            "매매실거래년":20210805.0,
            "매매실거래가":54500.0,
            "전세실거래년":20210208.0,
            "전세실거래가":20000.0,
            "전세가율":91.32,
            "장기전세가율평균":72.96,
            "전세가율거품지수":-18.36,
            "검색코드":2335,
            "세대수":690.0,
            "준공년월":"1991-07-12",
            "준공년차":32.0,
            "가까운역이름":"부평시장",
            "가까운역거리":1163.19,
            "역세권여부":"비역세권",
            "30분이내주요거점역":0,
            "1시간이내주요거점역":3,
            "3km이내백화점수":0,
            "5km이내아울렛몰수":0,
            "1km이내대형먀트수":1,
            "500m이내은행수":0,
            "500m이내병원수":20,
            "5km이내대형병원수":9,
            "500m이내공원수":1,
            "3km이내혐오시설수":0,
            "초등학교학업성취도":84.88,
            "중학교학업성취도":74.7,
            "용적률":247,
            "건폐율":19,
            "Y":37.501745,
            "X":126.709758,
            "rank":143.0,
            "area_info":"21평(72.63), 27평(91.52), 30평(102.43), 44평(146.4)",
            "last_sales":"2021-08-05,54500.0,44평(146.4)"
        },
        {
            "index":315,
            "아파트명":"경남4차",
            "투자타입":"일반",
            "전용면적(m2)":"80.44",
            "전용면적(평)":"24평",
            "법정동주소":"인천시 부평구 산곡동 274-5",
            "도로명주소":"인천시 부평구 안남로206번길 18",
            "세대수":80,
            "입주년차":0,
            "용적률점수":"--",
            "건폐율점수":"--",
            "세대당주차수":0,
            "난방방식":100,
            "공급면적":"--",
            "전용률":"--",
            "욕실수":50,
            "현관타입":10,
            "주거총점":44.0,
            "지역구공급총점":0.0,
            "역세권":0,
            "30분내 이동가능 거점":0,
            "1시간내 이동가능 거점":20,
            "교통총점":4.0,
            "백화점":0,
            "아울렛몰":0,
            "대형마트":80,
            "은행":0,
            "병원":60,
            "종합병원":100,
            "공원":80,
            "혐오시설":0,
            "인프라총점":40.4,
            "초등학군":88.11,
            "중학군":46.3,
            "학군총점":54.662,
            "인구수":57.89,
            "인구증감":-13.43,
            "인구총점":36.494,
            "일자리":18.4,
            "소득수준":62.21,
            "일자리총점":31.543,
            "가치 총점":30.5193,
            "매매실거래년":20211218.0,
            "매매실거래가":62000.0,
            "전세실거래년":20220111.0,
            "전세실거래가":27000.0,
            "전세가율":84.38,
            "장기전세가율평균":72.96,
            "전세가율거품지수":-11.42,
            "검색코드":2337,
            "세대수":776.0,
            "준공년월":"1994-05-25",
            "준공년차":29.0,
            "가까운역이름":"부평시장",
            "가까운역거리":1176.75,
            "역세권여부":"비역세권",
            "30분이내주요거점역":0,
            "1시간이내주요거점역":2,
            "3km이내백화점수":0,
            "5km이내아울렛몰수":0,
            "1km이내대형먀트수":1,
            "500m이내은행수":0,
            "500m이내병원수":17,
            "5km이내대형병원수":10,
            "500m이내공원수":1,
            "3km이내혐오시설수":0,
            "초등학교학업성취도":88.11,
            "중학교학업성취도":74.7,
            "용적률":282,
            "건폐율":23,
            "Y":37.50014,
            "X":126.70909,
            "rank":144.0,
            "area_info":"24평(80.44), 32평(106.31), 44평(146.73), 57평(190.91)",
            "last_sales":"2021-12-18,62000.0,57평(190.91)"
        },
        {
            "index":393,
            "아파트명":"삼보",
            "투자타입":"재건축",
            "전용면적(m2)":"72.88",
            "전용면적(평)":"22평",
            "법정동주소":"인천시 부평구 산곡동 180-116",
            "도로명주소":"인천시 부평구 원적로 288",
            "세대수":0,
            "입주년차":"--",
            "용적률점수":80,
            "건폐율점수":60,
            "세대당주차수":"--",
            "난방방식":"--",
            "공급면적":50,
            "전용률":60,
            "욕실수":"--",
            "현관타입":"--",
            "주거총점":49.5,
            "지역구공급총점":0.0,
            "역세권":0,
            "30분내 이동가능 거점":0,
            "1시간내 이동가능 거점":30,
            "교통총점":6.0,
            "백화점":0,
            "아울렛몰":0,
            "대형마트":80,
            "은행":0,
            "병원":30,
            "종합병원":100,
            "공원":0,
            "혐오시설":0,
            "인프라총점":35.0,
            "초등학군":80.33,
            "중학군":45.66,
            "학군총점":52.594,
            "인구수":57.89,
            "인구증감":-13.43,
            "인구총점":36.494,
            "일자리":18.4,
            "소득수준":62.21,
            "일자리총점":31.543,
            "가치 총점":30.3891,
            "매매실거래년":20210810.0,
            "매매실거래가":22000.0,
            "전세실거래년":20211214.0,
            "전세실거래가":10000.0,
            "전세가율":45.45,
            "장기전세가율평균":72.96,
            "전세가율거품지수":27.51,
            "검색코드":11150,
            "세대수":295.0,
            "준공년월":"1985-11-06",
            "준공년차":38.0,
            "가까운역이름":"석남",
            "가까운역거리":1848.25,
            "역세권여부":"비역세권",
            "30분이내주요거점역":0,
            "1시간이내주요거점역":3,
            "3km이내백화점수":0,
            "5km이내아울렛몰수":0,
            "1km이내대형먀트수":1,
            "500m이내은행수":1,
            "500m이내병원수":7,
            "5km이내대형병원수":9,
            "500m이내공원수":0,
            "3km이내혐오시설수":0,
            "초등학교학업성취도":80.33,
            "중학교학업성취도":73.7,
            "용적률":163,
            "건폐율":32,
            "Y":37.504064,
            "X":126.696983,
            "rank":145.0,
            "area_info":"22평(72.88), 22평(72.82), 22평(72.87), 23평(76.38), 23평(76.33), 23평(76.38), 23평(76.5), 24평(79.47), 24평(79.44), 24평(79.41), 25평(83.35)",
            "last_sales":"2021-08-10,22000.0,23평(76.33)"
        },
        {
            "index":572,
            "아파트명":"동보",
            "투자타입":"일반",
            "전용면적(m2)":"37.61",
            "전용면적(평)":"11평",
            "법정동주소":"인천시 부평구 십정동 187-22",
            "도로명주소":"인천시 부평구 상정로 11",
            "세대수":0,
            "입주년차":0,
            "용적률점수":"--",
            "건폐율점수":"--",
            "세대당주차수":0,
            "난방방식":30,
            "공급면적":"--",
            "전용률":"--",
            "욕실수":50,
            "현관타입":10,
            "주거총점":9.0,
            "지역구공급총점":0.0,
            "역세권":50,
            "30분내 이동가능 거점":0,
            "1시간내 이동가능 거점":50,
            "교통총점":35.0,
            "백화점":0,
            "아울렛몰":0,
            "대형마트":0,
            "은행":0,
            "병원":10,
            "종합병원":100,
            "공원":80,
            "혐오시설":0,
            "인프라총점":23.4,
            "초등학군":84.96,
            "중학군":55.68,
            "학군총점":61.536,
            "인구수":57.89,
            "인구증감":-13.43,
            "인구총점":36.494,
            "일자리":18.4,
            "소득수준":62.21,
            "일자리총점":31.543,
            "가치 총점":30.3004,
            "매매실거래년":20211016.0,
            "매매실거래가":9400.0,
            "전세실거래년":20211111.0,
            "전세실거래가":7000.0,
            "전세가율":74.47,
            "장기전세가율평균":72.96,
            "전세가율거품지수":-1.51,
            "검색코드":8340,
            "세대수":207.0,
            "준공년월":"1998-07-22",
            "준공년차":25.0,
            "가까운역이름":"백운",
            "가까운역거리":582.9,
            "역세권여부":"준역세권",
            "30분이내주요거점역":0,
            "1시간이내주요거점역":5,
            "3km이내백화점수":0,
            "5km이내아울렛몰수":0,
            "1km이내대형먀트수":0,
            "500m이내은행수":0,
            "500m이내병원수":2,
            "5km이내대형병원수":9,
            "500m이내공원수":1,
            "3km이내혐오시설수":0,
            "초등학교학업성취도":84.96,
            "중학교학업성취도":90.0,
            "용적률":311,
            "건폐율":21,
            "Y":37.481241,
            "X":126.701846,
            "rank":146.0,
            "area_info":"11평(37.61), 32평(106.71), 51평(171.16)",
            "last_sales":"2021-10-16,9400.0,11평(37.61)"
        },
        {
            "index":43,
            "아파트명":"GS부평자이",
            "투자타입":"일반",
            "전용면적(m2)":"85.64",
            "전용면적(평)":"25평",
            "법정동주소":"인천시 부평구 구산동 360",
            "도로명주소":"인천시 부평구 일신로 120",
            "세대수":80,
            "입주년차":40,
            "용적률점수":"--",
            "건폐율점수":"--",
            "세대당주차수":30,
            "난방방식":30,
            "공급면적":"--",
            "전용률":"--",
            "욕실수":100,
            "현관타입":100,
            "주거총점":63.5,
            "지역구공급총점":0.0,
            "역세권":0,
            "30분내 이동가능 거점":0,
            "1시간내 이동가능 거점":30,
            "교통총점":6.0,
            "백화점":0,
            "아울렛몰":0,
            "대형마트":0,
            "은행":0,
            "병원":0,
            "종합병원":100,
            "공원":100,
            "혐오시설":0,
            "인프라총점":23.0,
            "초등학군":80.4,
            "중학군":50.9,
            "학군총점":56.8,
            "인구수":57.89,
            "인구증감":-13.43,
            "인구총점":36.494,
            "일자리":18.4,
            "소득수준":62.21,
            "일자리총점":31.543,
            "가치 총점":30.22,
            "매매실거래년":20211129.0,
            "매매실거래가":38500.0,
            "전세실거래년":20211220.0,
            "전세실거래가":27000.0,
            "전세가율":70.13,
            "장기전세가율평균":72.96,
            "전세가율거품지수":2.83,
            "검색코드":22104,
            "세대수":719.0,
            "준공년월":"2006-09-27",
            "준공년차":17.0,
            "가까운역이름":"송내",
            "가까운역거리":1230.64,
            "역세권여부":"비역세권",
            "30분이내주요거점역":0,
            "1시간이내주요거점역":3,
            "3km이내백화점수":0,
            "5km이내아울렛몰수":0,
            "1km이내대형먀트수":0,
            "500m이내은행수":0,
            "500m이내병원수":1,
            "5km이내대형병원수":9,
            "500m이내공원수":4,
            "3km이내혐오시설수":0,
            "초등학교학업성취도":80.4,
            "중학교학업성취도":82.5,
            "용적률":165,
            "건폐율":16,
            "Y":37.476948,
            "X":126.749879,
            "rank":147.0,
            "area_info":"25평(85.64), 33평(110.24)",
            "last_sales":"2021-11-29,38500.0,25평(85.64)"
        },
        {
            "index":310,
            "아파트명":"경남3차",
            "투자타입":"재건축",
            "전용면적(m2)":"72.75",
            "전용면적(평)":"22평",
            "법정동주소":"인천시 부평구 산곡동 145",
            "도로명주소":"인천시 부평구 마장로272번길 76",
            "세대수":90,
            "입주년차":"--",
            "용적률점수":0,
            "건폐율점수":0,
            "세대당주차수":"--",
            "난방방식":"--",
            "공급면적":50,
            "전용률":80,
            "욕실수":"--",
            "현관타입":"--",
            "주거총점":33.5,
            "지역구공급총점":0.0,
            "역세권":0,
            "30분내 이동가능 거점":0,
            "1시간내 이동가능 거점":30,
            "교통총점":6.0,
            "백화점":0,
            "아울렛몰":0,
            "대형마트":80,
            "은행":0,
            "병원":60,
            "종합병원":100,
            "공원":80,
            "혐오시설":0,
            "인프라총점":40.4,
            "초등학군":87.67,
            "중학군":46.3,
            "학군총점":54.574,
            "인구수":57.89,
            "인구증감":-13.43,
            "인구총점":36.494,
            "일자리":18.4,
            "소득수준":62.21,
            "일자리총점":31.543,
            "가치 총점":29.1061,
            "매매실거래년":20210730.0,
            "매매실거래가":64000.0,
            "전세실거래년":20211108.0,
            "전세실거래가":24000.0,
            "전세가율":97.96,
            "장기전세가율평균":72.96,
            "전세가율거품지수":-25.0,
            "검색코드":2336,
            "세대수":916.0,
            "준공년월":"1992-11-21",
            "준공년차":31.0,
            "가까운역이름":"부평구청",
            "가까운역거리":1314.3,
            "역세권여부":"비역세권",
            "30분이내주요거점역":0,
            "1시간이내주요거점역":3,
            "3km이내백화점수":0,
            "5km이내아울렛몰수":0,
            "1km이내대형먀트수":1,
            "500m이내은행수":0,
            "500m이내병원수":24,
            "5km이내대형병원수":10,
            "500m이내공원수":1,
            "3km이내혐오시설수":0,
            "초등학교학업성취도":87.67,
            "중학교학업성취도":74.7,
            "용적률":279,
            "건폐율":0,
            "Y":37.502273,
            "X":126.707758,
            "rank":148.0,
            "area_info":"22평(72.75), 26평(89.22), 30평(99.73), 41평(138.73), 54평(179.5)",
            "last_sales":"2021-07-30,64000.0,54평(179.5)"
        },
        {
            "index":680,
            "아파트명":"우림필유",
            "투자타입":"일반",
            "전용면적(m2)":"96.14",
            "전용면적(평)":"29평",
            "법정동주소":"인천시 부평구 청천동 192",
            "도로명주소":"인천시 부평구 세월천로25번길 43",
            "세대수":0,
            "입주년차":40,
            "용적률점수":"--",
            "건폐율점수":"--",
            "세대당주차수":0,
            "난방방식":30,
            "공급면적":"--",
            "전용률":"--",
            "욕실수":100,
            "현관타입":100,
            "주거총점":31.0,
            "지역구공급총점":0.0,
            "역세권":0,
            "30분내 이동가능 거점":0,
            "1시간내 이동가능 거점":40,
            "교통총점":8.0,
            "백화점":0,
            "아울렛몰":0,
            "대형마트":80,
            "은행":20,
            "병원":60,
            "종합병원":100,
            "공원":0,
            "혐오시설":0,
            "인프라총점":40.0,
            "초등학군":88.68,
            "중학군":44.08,
            "학군총점":53.0,
            "인구수":57.89,
            "인구증감":-13.43,
            "인구총점":36.494,
            "일자리":18.4,
            "소득수준":62.21,
            "일자리총점":31.543,
            "가치 총점":28.95,
            "매매실거래년":20210913.0,
            "매매실거래가":45400.0,
            "전세실거래년":20211217.0,
            "전세실거래가":24000.0,
            "전세가율":52.86,
            "장기전세가율평균":72.96,
            "전세가율거품지수":20.1,
            "검색코드":13747,
            "세대수":209.0,
            "준공년월":"2005-09-27",
            "준공년차":18.0,
            "가까운역이름":"부평구청",
            "가까운역거리":1200.28,
            "역세권여부":"비역세권",
            "30분이내주요거점역":0,
            "1시간이내주요거점역":4,
            "3km이내백화점수":0,
            "5km이내아울렛몰수":0,
            "1km이내대형먀트수":1,
            "500m이내은행수":2,
            "500m이내병원수":15,
            "5km이내대형병원수":8,
            "500m이내공원수":0,
            "3km이내혐오시설수":0,
            "초등학교학업성취도":88.68,
            "중학교학업성취도":72.8,
            "용적률":349,
            "건폐율":28,
            "Y":37.510855,
            "X":126.707316,
            "rank":149.0,
            "area_info":"29평(96.14), 32평(106.09)",
            "last_sales":"2021-09-13,45400.0,29평(96.14)"
        },
        {
            "index":334,
            "아파트명":"뉴서울2차",
            "투자타입":"재건축",
            "전용면적(m2)":"64.26",
            "전용면적(평)":"19평",
            "법정동주소":"인천시 부평구 산곡동 264-1",
            "도로명주소":"인천시 부평구 부흥로123번길 36",
            "세대수":50,
            "입주년차":"--",
            "용적률점수":0,
            "건폐율점수":80,
            "세대당주차수":"--",
            "난방방식":"--",
            "공급면적":50,
            "전용률":80,
            "욕실수":"--",
            "현관타입":"--",
            "주거총점":37.5,
            "지역구공급총점":0.0,
            "역세권":0,
            "30분내 이동가능 거점":0,
            "1시간내 이동가능 거점":20,
            "교통총점":4.0,
            "백화점":0,
            "아울렛몰":0,
            "대형마트":80,
            "은행":0,
            "병원":30,
            "종합병원":100,
            "공원":80,
            "혐오시설":0,
            "인프라총점":37.4,
            "초등학군":88.11,
            "중학군":46.3,
            "학군총점":54.662,
            "인구수":57.89,
            "인구증감":-13.43,
            "인구총점":36.494,
            "일자리":18.4,
            "소득수준":62.21,
            "일자리총점":31.543,
            "가치 총점":28.3193,
            "매매실거래년":20210425.0,
            "매매실거래가":38500.0,
            "전세실거래년":20201010.0,
            "전세실거래가":10100.0,
            "전세가율":null,
            "장기전세가율평균":72.96,
            "전세가율거품지수":null,
            "검색코드":2340,
            "세대수":498.0,
            "준공년월":"1991-07-27",
            "준공년차":32.0,
            "가까운역이름":"부평시장",
            "가까운역거리":1408.98,
            "역세권여부":"비역세권",
            "30분이내주요거점역":0,
            "1시간이내주요거점역":2,
            "3km이내백화점수":0,
            "5km이내아울렛몰수":0,
            "1km이내대형먀트수":1,
            "500m이내은행수":0,
            "500m이내병원수":5,
            "5km이내대형병원수":10,
            "500m이내공원수":1,
            "3km이내혐오시설수":0,
            "초등학교학업성취도":88.11,
            "중학교학업성취도":74.7,
            "용적률":311,
            "건폐율":27,
            "Y":37.49936,
            "X":126.70632,
            "rank":150.0,
            "area_info":"19평(64.26), 26평(89.13), 30평(101.79), 30평(102.1), 33평(110.94), 35평(117.79), 45평(150.75)",
            "last_sales":"2021-04-25,38500.0,45평(150.75)"
        },
        {
            "index":349,
            "아파트명":"무지개",
            "투자타입":"재건축",
            "전용면적(m2)":"88.65",
            "전용면적(평)":"26평",
            "법정동주소":"인천시 부평구 산곡동 191-3",
            "도로명주소":"인천시 부평구 마장로264번길 14",
            "세대수":30,
            "입주년차":"--",
            "용적률점수":0,
            "건폐율점수":80,
            "세대당주차수":"--",
            "난방방식":"--",
            "공급면적":70,
            "전용률":80,
            "욕실수":"--",
            "현관타입":"--",
            "주거총점":32.5,
            "지역구공급총점":0.0,
            "역세권":0,
            "30분내 이동가능 거점":0,
            "1시간내 이동가능 거점":20,
            "교통총점":4.0,
            "백화점":0,
            "아울렛몰":0,
            "대형마트":80,
            "은행":0,
            "병원":60,
            "종합병원":100,
            "공원":80,
            "혐오시설":0,
            "인프라총점":40.4,
            "초등학군":87.67,
            "중학군":46.3,
            "학군총점":54.574,
            "인구수":57.89,
            "인구증감":-13.43,
            "인구총점":36.494,
            "일자리":18.4,
            "소득수준":62.21,
            "일자리총점":31.543,
            "가치 총점":28.2061,
            "매매실거래년":20211218.0,
            "매매실거래가":33000.0,
            "전세실거래년":20211125.0,
            "전세실거래가":18900.0,
            "전세가율":57.27,
            "장기전세가율평균":72.96,
            "전세가율거품지수":15.69,
            "검색코드":2342,
            "세대수":330.0,
            "준공년월":"1991-01-19",
            "준공년차":32.0,
            "가까운역이름":"부평시장",
            "가까운역거리":1689.4,
            "역세권여부":"비역세권",
            "30분이내주요거점역":0,
            "1시간이내주요거점역":2,
            "3km이내백화점수":0,
            "5km이내아울렛몰수":0,
            "1km이내대형먀트수":1,
            "500m이내은행수":1,
            "500m이내병원수":11,
            "5km이내대형병원수":9,
            "500m이내공원수":1,
            "3km이내혐오시설수":0,
            "초등학교학업성취도":87.67,
            "중학교학업성취도":74.7,
            "용적률":330,
            "건폐율":24,
            "Y":37.501189,
            "X":126.703423,
            "rank":151.0,
            "area_info":"26평(88.65), 26평(89.25), 30평(100.23)",
            "last_sales":"2021-12-18,33000.0,26평(88.65)"
        },
        {
            "index":362,
            "아파트명":"부평샬레아넬리스",
            "투자타입":"일반",
            "전용면적(m2)":"79.17",
            "전용면적(평)":"23평",
            "법정동주소":"인천시 부평구 산곡동 518",
            "도로명주소":"인천시 부평구 원적로 238",
            "세대수":0,
            "입주년차":100,
            "용적률점수":"--",
            "건폐율점수":"--",
            "세대당주차수":0,
            "난방방식":30,
            "공급면적":"--",
            "전용률":"--",
            "욕실수":100,
            "현관타입":100,
            "주거총점":43.0,
            "지역구공급총점":0.0,
            "역세권":0,
            "30분내 이동가능 거점":0,
            "1시간내 이동가능 거점":20,
            "교통총점":4.0,
            "백화점":0,
            "아울렛몰":0,
            "대형마트":80,
            "은행":0,
            "병원":10,
            "종합병원":100,
            "공원":0,
            "혐오시설":0,
            "인프라총점":33.0,
            "초등학군":80.33,
            "중학군":45.66,
            "학군총점":52.594,
            "인구수":57.89,
            "인구증감":-13.43,
            "인구총점":36.494,
            "일자리":18.4,
            "소득수준":62.21,
            "일자리총점":31.543,
            "가치 총점":27.7891,
            "매매실거래년":20211227.0,
            "매매실거래가":35000.0,
            "전세실거래년":20210825.0,
            "전세실거래가":25200.0,
            "전세가율":63.8,
            "장기전세가율평균":72.96,
            "전세가율거품지수":9.16,
            "검색코드":116660,
            "세대수":266.0,
            "준공년월":"2019-05-08",
            "준공년차":4.0,
            "가까운역이름":"석남",
            "가까운역거리":1486.1,
            "역세권여부":"비역세권",
            "30분이내주요거점역":0,
            "1시간이내주요거점역":2,
            "3km이내백화점수":0,
            "5km이내아울렛몰수":0,
            "1km이내대형먀트수":1,
            "500m이내은행수":0,
            "500m이내병원수":3,
            "5km이내대형병원수":9,
            "500m이내공원수":0,
            "3km이내혐오시설수":0,
            "초등학교학업성취도":80.33,
            "중학교학업성취도":73.7,
            "용적률":229,
            "건폐율":18,
            "Y":37.504139,
            "X":126.69285,
            "rank":152.0,
            "area_info":"23평(79.17), 23평(79.01), 23평(79.19), 33평(110.73), 33평(111.67), 33평(111.11)",
            "last_sales":"2021-12-27,35000.0,23평(79.19)"
        },
        {
            "index":325,
            "아파트명":"뉴서울1차",
            "투자타입":"재건축",
            "전용면적(m2)":"72.99",
            "전용면적(평)":"22평",
            "법정동주소":"인천시 부평구 산곡동 255-1",
            "도로명주소":"인천시 부평구 마장로264번길 33",
            "세대수":50,
            "입주년차":"--",
            "용적률점수":0,
            "건폐율점수":20,
            "세대당주차수":"--",
            "난방방식":"--",
            "공급면적":50,
            "전용률":60,
            "욕실수":"--",
            "현관타입":"--",
            "주거총점":24.5,
            "지역구공급총점":0.0,
            "역세권":0,
            "30분내 이동가능 거점":0,
            "1시간내 이동가능 거점":30,
            "교통총점":6.0,
            "백화점":0,
            "아울렛몰":0,
            "대형마트":80,
            "은행":0,
            "병원":60,
            "종합병원":100,
            "공원":80,
            "혐오시설":0,
            "인프라총점":40.4,
            "초등학군":87.67,
            "중학군":46.3,
            "학군총점":54.574,
            "인구수":57.89,
            "인구증감":-13.43,
            "인구총점":36.494,
            "일자리":18.4,
            "소득수준":62.21,
            "일자리총점":31.543,
            "가치 총점":27.3061,
            "매매실거래년":20210930.0,
            "매매실거래가":39000.0,
            "전세실거래년":20200806.0,
            "전세실거래가":15000.0,
            "전세가율":71.43,
            "장기전세가율평균":72.96,
            "전세가율거품지수":1.53,
            "검색코드":2339,
            "세대수":565.0,
            "준공년월":"1991-01-29",
            "준공년차":32.0,
            "가까운역이름":"부평구청",
            "가까운역거리":1526.46,
            "역세권여부":"비역세권",
            "30분이내주요거점역":0,
            "1시간이내주요거점역":3,
            "3km이내백화점수":0,
            "5km이내아울렛몰수":0,
            "1km이내대형먀트수":1,
            "500m이내은행수":1,
            "500m이내병원수":26,
            "5km이내대형병원수":9,
            "500m이내공원수":1,
            "3km이내혐오시설수":0,
            "초등학교학업성취도":87.67,
            "중학교학업성취도":74.7,
            "용적률":296,
            "건폐율":47,
            "Y":37.501948,
            "X":126.705231,
            "rank":153.0,
            "area_info":"22평(72.99), 25평(84.0), 28평(94.13), 32평(106.86), 32평(107.25), 32평(107.59), 32평(107.33), 32평(108.37), 39평(129.42)",
            "last_sales":"2021-09-30,39000.0,32평(107.25)"
        },
        {
            "index":459,
            "아파트명":"한양8차",
            "투자타입":"일반",
            "전용면적(m2)":"105.99",
            "전용면적(평)":"32평",
            "법정동주소":"인천시 부평구 산곡동 185-17",
            "도로명주소":"인천시 부평구 마장로272번길 20",
            "세대수":0,
            "입주년차":0,
            "용적률점수":"--",
            "건폐율점수":"--",
            "세대당주차수":0,
            "난방방식":30,
            "공급면적":"--",
            "전용률":"--",
            "욕실수":100,
            "현관타입":100,
            "주거총점":23.0,
            "지역구공급총점":0.0,
            "역세권":0,
            "30분내 이동가능 거점":0,
            "1시간내 이동가능 거점":30,
            "교통총점":6.0,
            "백화점":0,
            "아울렛몰":0,
            "대형마트":80,
            "은행":0,
            "병원":60,
            "종합병원":100,
            "공원":80,
            "혐오시설":0,
            "인프라총점":40.4,
            "초등학군":87.67,
            "중학군":46.3,
            "학군총점":54.574,
            "인구수":57.89,
            "인구증감":-13.43,
            "인구총점":36.494,
            "일자리":18.4,
            "소득수준":62.21,
            "일자리총점":31.543,
            "가치 총점":27.0061,
            "매매실거래년":20210705.0,
            "매매실거래가":38000.0,
            "전세실거래년":20211222.0,
            "전세실거래가":26000.0,
            "전세가율":68.42,
            "장기전세가율평균":72.96,
            "전세가율거품지수":4.54,
            "검색코드":9335,
            "세대수":208.0,
            "준공년월":"1993-09-24",
            "준공년차":30.0,
            "가까운역이름":"부평구청",
            "가까운역거리":1628.86,
            "역세권여부":"비역세권",
            "30분이내주요거점역":0,
            "1시간이내주요거점역":3,
            "3km이내백화점수":0,
            "5km이내아울렛몰수":0,
            "1km이내대형먀트수":1,
            "500m이내은행수":1,
            "500m이내병원수":16,
            "5km이내대형병원수":9,
            "500m이내공원수":1,
            "3km이내혐오시설수":0,
            "초등학교학업성취도":87.67,
            "중학교학업성취도":74.7,
            "용적률":295,
            "건폐율":23,
            "Y":37.501987,
            "X":126.703907,
            "rank":154.0,
            "area_info":"32평(105.99), 46평(153.39)",
            "last_sales":"2021-07-05,38000.0,32평(105.99)"
        },
        {
            "index":407,
            "아파트명":"신명스카이뷰숲",
            "투자타입":"일반",
            "전용면적(m2)":"93.68",
            "전용면적(평)":"28평",
            "법정동주소":"인천시 부평구 산곡동 506",
            "도로명주소":"인천시 부평구 원적로 270",
            "세대수":0,
            "입주년차":40,
            "용적률점수":"--",
            "건폐율점수":"--",
            "세대당주차수":30,
            "난방방식":30,
            "공급면적":"--",
            "전용률":"--",
            "욕실수":100,
            "현관타입":100,
            "주거총점":35.5,
            "지역구공급총점":0.0,
            "역세권":0,
            "30분내 이동가능 거점":0,
            "1시간내 이동가능 거점":20,
            "교통총점":4.0,
            "백화점":0,
            "아울렛몰":0,
            "대형마트":80,
            "은행":0,
            "병원":30,
            "종합병원":100,
            "공원":0,
            "혐오시설":0,
            "인프라총점":35.0,
            "초등학군":80.33,
            "중학군":45.66,
            "학군총점":52.594,
            "인구수":57.89,
            "인구증감":-13.43,
            "인구총점":36.494,
            "일자리":18.4,
            "소득수준":62.21,
            "일자리총점":31.543,
            "가치 총점":26.8891,
            "매매실거래년":20211006.0,
            "매매실거래가":36000.0,
            "전세실거래년":20210902.0,
            "전세실거래가":29000.0,
            "전세가율":80.56,
            "장기전세가율평균":72.96,
            "전세가율거품지수":-7.6,
            "검색코드":25329,
            "세대수":191.0,
            "준공년월":"2007-05-10",
            "준공년차":16.0,
            "가까운역이름":"석남",
            "가까운역거리":1713.05,
            "역세권여부":"비역세권",
            "30분이내주요거점역":0,
            "1시간이내주요거점역":2,
            "3km이내백화점수":0,
            "5km이내아울렛몰수":0,
            "1km이내대형먀트수":1,
            "500m이내은행수":0,
            "500m이내병원수":5,
            "5km이내대형병원수":9,
            "500m이내공원수":0,
            "3km이내혐오시설수":0,
            "초등학교학업성취도":80.33,
            "중학교학업성취도":73.7,
            "용적률":199,
            "건폐율":19,
            "Y":37.504427,
            "X":126.695495,
            "rank":155.0,
            "area_info":"28평(93.68), 34평(113.41)",
            "last_sales":"2021-10-06,36000.0,28평(93.68)"
        },
        {
            "index":636,
            "아파트명":"광명",
            "투자타입":"일반",
            "전용면적(m2)":"82.51",
            "전용면적(평)":"24평",
            "법정동주소":"인천시 부평구 청천동 399-6",
            "도로명주소":"인천시 부평구 평천로153번길 13",
            "세대수":50,
            "입주년차":0,
            "용적률점수":"--",
            "건폐율점수":"--",
            "세대당주차수":0,
            "난방방식":30,
            "공급면적":"--",
            "전용률":"--",
            "욕실수":50,
            "현관타입":50,
            "주거총점":30.5,
            "지역구공급총점":0.0,
            "역세권":0,
            "30분내 이동가능 거점":0,
            "1시간내 이동가능 거점":50,
            "교통총점":10.0,
            "백화점":0,
            "아울렛몰":0,
            "대형마트":0,
            "은행":70,
            "병원":30,
            "종합병원":100,
            "공원":0,
            "혐오시설":0,
            "인프라총점":30.0,
            "초등학군":90.76,
            "중학군":44.08,
            "학군총점":53.416,
            "인구수":57.89,
            "인구증감":-13.43,
            "인구총점":36.494,
            "일자리":18.4,
            "소득수준":62.21,
            "일자리총점":31.543,
            "가치 총점":26.6124,
            "매매실거래년":20210825.0,
            "매매실거래가":18000.0,
            "전세실거래년":20211106.0,
            "전세실거래가":9370.0,
            "전세가율":52.06,
            "장기전세가율평균":72.96,
            "전세가율거품지수":20.9,
            "검색코드":9336,
            "세대수":418.0,
            "준공년월":"1995-10-24",
            "준공년차":28.0,
            "가까운역이름":"갈산",
            "가까운역거리":1119.31,
            "역세권여부":"비역세권",
            "30분이내주요거점역":0,
            "1시간이내주요거점역":5,
            "3km이내백화점수":0,
            "5km이내아울렛몰수":0,
            "1km이내대형먀트수":0,
            "500m이내은행수":3,
            "500m이내병원수":5,
            "5km이내대형병원수":7,
            "500m이내공원수":0,
            "3km이내혐오시설수":0,
            "초등학교학업성취도":90.76,
            "중학교학업성취도":72.8,
            "용적률":281,
            "건폐율":73,
            "Y":37.519253,
            "X":126.709072,
            "rank":156.0,
            "area_info":"24평(82.51), 28평(95.24), 32평(107.06)",
            "last_sales":"2021-08-25,18000.0,24평(82.51)"
        },
        {
            "index":461,
            "아파트명":"현대(179-92)",
            "투자타입":"일반",
            "전용면적(m2)":"82.32",
            "전용면적(평)":"24평",
            "법정동주소":"인천시 부평구 산곡동 179-92",
            "도로명주소":"인천시 부평구 원적로269번길 15",
            "세대수":30,
            "입주년차":20,
            "용적률점수":"--",
            "건폐율점수":"--",
            "세대당주차수":30,
            "난방방식":30,
            "공급면적":"--",
            "전용률":"--",
            "욕실수":50,
            "현관타입":100,
            "주거총점":37.0,
            "지역구공급총점":0.0,
            "역세권":0,
            "30분내 이동가능 거점":0,
            "1시간내 이동가능 거점":20,
            "교통총점":4.0,
            "백화점":0,
            "아울렛몰":0,
            "대형마트":80,
            "은행":0,
            "병원":10,
            "종합병원":100,
            "공원":0,
            "혐오시설":0,
            "인프라총점":33.0,
            "초등학군":80.33,
            "중학군":45.66,
            "학군총점":52.594,
            "인구수":57.89,
            "인구증감":-13.43,
            "인구총점":36.494,
            "일자리":18.4,
            "소득수준":62.21,
            "일자리총점":31.543,
            "가치 총점":26.5891,
            "매매실거래년":20211011.0,
            "매매실거래가":40000.0,
            "전세실거래년":20211203.0,
            "전세실거래가":21000.0,
            "전세가율":66.25,
            "장기전세가율평균":72.96,
            "전세가율거품지수":6.71,
            "검색코드":8569,
            "세대수":384.0,
            "준공년월":"1999-11-13",
            "준공년차":24.0,
            "가까운역이름":"석남",
            "가까운역거리":1642.56,
            "역세권여부":"비역세권",
            "30분이내주요거점역":0,
            "1시간이내주요거점역":2,
            "3km이내백화점수":0,
            "5km이내아울렛몰수":0,
            "1km이내대형먀트수":1,
            "500m이내은행수":0,
            "500m이내병원수":4,
            "5km이내대형병원수":9,
            "500m이내공원수":0,
            "3km이내혐오시설수":0,
            "초등학교학업성취도":80.33,
            "중학교학업성취도":73.7,
            "용적률":311,
            "건폐율":22,
            "Y":37.505581,
            "X":126.694808,
            "rank":157.0,
            "area_info":"24평(82.32), 33평(109.89), 49평(164.53)",
            "last_sales":"2021-10-11,40000.0,33평(109.89)"
        },
        {
            "index":348,
            "아파트명":"동원(82-36)",
            "투자타입":"재건축",
            "전용면적(m2)":"64.32",
            "전용면적(평)":"19평",
            "법정동주소":"인천시 부평구 산곡동 82-36",
            "도로명주소":"인천시 부평구 길주로326번길 45",
            "세대수":30,
            "입주년차":"--",
            "용적률점수":0,
            "건폐율점수":40,
            "세대당주차수":"--",
            "난방방식":"--",
            "공급면적":50,
            "전용률":60,
            "욕실수":"--",
            "현관타입":"--",
            "주거총점":22.5,
            "지역구공급총점":0.0,
            "역세권":0,
            "30분내 이동가능 거점":0,
            "1시간내 이동가능 거점":40,
            "교통총점":8.0,
            "백화점":0,
            "아울렛몰":0,
            "대형마트":80,
            "은행":0,
            "병원":30,
            "종합병원":100,
            "공원":0,
            "혐오시설":0,
            "인프라총점":35.0,
            "초등학군":93.91,
            "중학군":45.66,
            "학군총점":55.31,
            "인구수":57.89,
            "인구증감":-13.43,
            "인구총점":36.494,
            "일자리":18.4,
            "소득수준":62.21,
            "일자리총점":31.543,
            "가치 총점":26.0965,
            "매매실거래년":20211230.0,
            "매매실거래가":18800.0,
            "전세실거래년":20220110.0,
            "전세실거래가":16000.0,
            "전세가율":85.11,
            "장기전세가율평균":72.96,
            "전세가율거품지수":-12.15,
            "검색코드":8933,
            "세대수":348.0,
            "준공년월":"1989-05-16",
            "준공년차":34.0,
            "가까운역이름":"석남",
            "가까운역거리":1954.55,
            "역세권여부":"비역세권",
            "30분이내주요거점역":0,
            "1시간이내주요거점역":4,
            "3km이내백화점수":0,
            "5km이내아울렛몰수":0,
            "1km이내대형먀트수":1,
            "500m이내은행수":1,
            "500m이내병원수":9,
            "5km이내대형병원수":8,
            "500m이내공원수":0,
            "3km이내혐오시설수":0,
            "초등학교학업성취도":93.91,
            "중학교학업성취도":73.7,
            "용적률":245,
            "건폐율":37,
            "Y":37.508052,
            "X":126.698237,
            "rank":158.0,
            "area_info":"19평(64.32)",
            "last_sales":"2021-12-30,18800.0,19평(64.32)"
        },
        {
            "index":319,
            "아파트명":"경남5차",
            "투자타입":"재건축",
            "전용면적(m2)":"91.3",
            "전용면적(평)":"27평",
            "법정동주소":"인천시 부평구 산곡동 261-8",
            "도로명주소":"인천시 부평구 마장로264번길 66",
            "세대수":30,
            "입주년차":"--",
            "용적률점수":0,
            "건폐율점수":0,
            "세대당주차수":"--",
            "난방방식":"--",
            "공급면적":70,
            "전용률":60,
            "욕실수":"--",
            "현관타입":"--",
            "주거총점":15.5,
            "지역구공급총점":0.0,
            "역세권":0,
            "30분내 이동가능 거점":0,
            "1시간내 이동가능 거점":30,
            "교통총점":6.0,
            "백화점":0,
            "아울렛몰":0,
            "대형마트":80,
            "은행":0,
            "병원":60,
            "종합병원":100,
            "공원":80,
            "혐오시설":0,
            "인프라총점":40.4,
            "초등학군":87.67,
            "중학군":46.3,
            "학군총점":54.574,
            "인구수":57.89,
            "인구증감":-13.43,
            "인구총점":36.494,
            "일자리":18.4,
            "소득수준":62.21,
            "일자리총점":31.543,
            "가치 총점":25.5061,
            "매매실거래년":20211004.0,
            "매매실거래가":42500.0,
            "전세실거래년":20210702.0,
            "전세실거래가":27000.0,
            "전세가율":100.0,
            "장기전세가율평균":72.96,
            "전세가율거품지수":-27.04,
            "검색코드":2338,
            "세대수":308.0,
            "준공년월":"1992-02-28",
            "준공년차":31.0,
            "가까운역이름":"부평시장",
            "가까운역거리":1463.32,
            "역세권여부":"비역세권",
            "30분이내주요거점역":0,
            "1시간이내주요거점역":3,
            "3km이내백화점수":0,
            "5km이내아울렛몰수":0,
            "1km이내대형먀트수":1,
            "500m이내은행수":0,
            "500m이내병원수":19,
            "5km이내대형병원수":9,
            "500m이내공원수":1,
            "3km이내혐오시설수":0,
            "초등학교학업성취도":87.67,
            "중학교학업성취도":74.7,
            "용적률":317,
            "건폐율":56,
            "Y":37.500938,
            "X":126.705972,
            "rank":159.0,
            "area_info":"27평(91.3), 31평(105.24)",
            "last_sales":"2021-10-04,42500.0,31평(105.24)"
        },
        {
            "index":472,
            "아파트명":"현대2차(179-69)",
            "투자타입":"일반",
            "전용면적(m2)":"82.95",
            "전용면적(평)":"25평",
            "법정동주소":"인천시 부평구 산곡동 179-69",
            "도로명주소":"인천시 부평구 원적로269번길 55-5",
            "세대수":0,
            "입주년차":20,
            "용적률점수":"--",
            "건폐율점수":"--",
            "세대당주차수":0,
            "난방방식":30,
            "공급면적":"--",
            "전용률":"--",
            "욕실수":50,
            "현관타입":100,
            "주거총점":22.0,
            "지역구공급총점":0.0,
            "역세권":0,
            "30분내 이동가능 거점":0,
            "1시간내 이동가능 거점":20,
            "교통총점":4.0,
            "백화점":0,
            "아울렛몰":0,
            "대형마트":80,
            "은행":0,
            "병원":0,
            "종합병원":100,
            "공원":0,
            "혐오시설":0,
            "인프라총점":32.0,
            "초등학군":80.33,
            "중학군":45.66,
            "학군총점":52.594,
            "인구수":57.89,
            "인구증감":-13.43,
            "인구총점":36.494,
            "일자리":18.4,
            "소득수준":62.21,
            "일자리총점":31.543,
            "가치 총점":23.2891,
            "매매실거래년":20211108.0,
            "매매실거래가":25000.0,
            "전세실거래년":20200613.0,
            "전세실거래가":16000.0,
            "전세가율":53.87,
            "장기전세가율평균":72.96,
            "전세가율거품지수":19.09,
            "검색코드":14828,
            "세대수":199.0,
            "준공년월":"2001-11-14",
            "준공년차":22.0,
            "가까운역이름":"석남",
            "가까운역거리":1491.57,
            "역세권여부":"비역세권",
            "30분이내주요거점역":0,
            "1시간이내주요거점역":2,
            "3km이내백화점수":0,
            "5km이내아울렛몰수":0,
            "1km이내대형먀트수":1,
            "500m이내은행수":0,
            "500m이내병원수":0,
            "5km이내대형병원수":8,
            "500m이내공원수":0,
            "3km이내혐오시설수":0,
            "초등학교학업성취도":80.33,
            "중학교학업성취도":73.7,
            "용적률":0,
            "건폐율":0,
            "Y":37.50659,
            "X":126.693105,
            "rank":160.0,
            "area_info":"25평(82.95), 25평(82.88), 33평(110.6), 40평(133.63)",
            "last_sales":"2021-11-08,25000.0,25평(82.88)"
        },
        {
            "index":420,
            "아파트명":"우성5차",
            "투자타입":"일반",
            "전용면적(m2)":"58.93",
            "전용면적(평)":"17평",
            "법정동주소":"인천시 부평구 산곡동 251-2",
            "도로명주소":"인천시 부평구 부흥로111번길 36",
            "세대수":0,
            "입주년차":0,
            "용적률점수":"--",
            "건폐율점수":"--",
            "세대당주차수":0,
            "난방방식":30,
            "공급면적":"--",
            "전용률":"--",
            "욕실수":50,
            "현관타입":10,
            "주거총점":9.0,
            "지역구공급총점":0.0,
            "역세권":0,
            "30분내 이동가능 거점":0,
            "1시간내 이동가능 거점":20,
            "교통총점":4.0,
            "백화점":0,
            "아울렛몰":0,
            "대형마트":80,
            "은행":0,
            "병원":30,
            "종합병원":100,
            "공원":80,
            "혐오시설":0,
            "인프라총점":37.4,
            "초등학군":88.11,
            "중학군":46.3,
            "학군총점":54.662,
            "인구수":57.89,
            "인구증감":-13.43,
            "인구총점":36.494,
            "일자리":18.4,
            "소득수준":62.21,
            "일자리총점":31.543,
            "가치 총점":22.6193,
            "매매실거래년":20210906.0,
            "매매실거래가":37900.0,
            "전세실거래년":null,
            "전세실거래가":null,
            "전세가율":null,
            "장기전세가율평균":72.96,
            "전세가율거품지수":null,
            "검색코드":9109,
            "세대수":299.0,
            "준공년월":"1996-12-19",
            "준공년차":27.0,
            "가까운역이름":"부평시장",
            "가까운역거리":1562.0,
            "역세권여부":"비역세권",
            "30분이내주요거점역":0,
            "1시간이내주요거점역":2,
            "3km이내백화점수":0,
            "5km이내아울렛몰수":0,
            "1km이내대형먀트수":1,
            "500m이내은행수":1,
            "500m이내병원수":7,
            "5km이내대형병원수":8,
            "500m이내공원수":1,
            "3km이내혐오시설수":0,
            "초등학교학업성취도":88.11,
            "중학교학업성취도":74.7,
            "용적률":322,
            "건폐율":28,
            "Y":37.500122,
            "X":126.704674,
            "rank":161.0,
            "area_info":"17평(58.93), 17평(59.01), 23평(78.29), 25평(85.42), 33평(109.23)",
            "last_sales":"2021-09-06,37900.0,33평(109.23)"
        },
        {
            "index":678,
            "아파트명":"영진",
            "투자타입":"일반",
            "전용면적(m2)":"75.81",
            "전용면적(평)":"22평",
            "법정동주소":"인천시 부평구 청천동 5-5",
            "도로명주소":"인천시 부평구 청중로 81",
            "세대수":0,
            "입주년차":0,
            "용적률점수":"--",
            "건폐율점수":"--",
            "세대당주차수":0,
            "난방방식":30,
            "공급면적":"--",
            "전용률":"--",
            "욕실수":50,
            "현관타입":10,
            "주거총점":9.0,
            "지역구공급총점":0.0,
            "역세권":0,
            "30분내 이동가능 거점":0,
            "1시간내 이동가능 거점":40,
            "교통총점":8.0,
            "백화점":0,
            "아울렛몰":0,
            "대형마트":0,
            "은행":70,
            "병원":60,
            "종합병원":100,
            "공원":0,
            "혐오시설":0,
            "인프라총점":33.0,
            "초등학군":90.76,
            "중학군":44.08,
            "학군총점":53.416,
            "인구수":57.89,
            "인구증감":-13.43,
            "인구총점":36.494,
            "일자리":18.4,
            "소득수준":62.21,
            "일자리총점":31.543,
            "가치 총점":22.5124,
            "매매실거래년":20211202.0,
            "매매실거래가":9200.0,
            "전세실거래년":20211203.0,
            "전세실거래가":11000.0,
            "전세가율":68.75,
            "장기전세가율평균":72.96,
            "전세가율거품지수":4.21,
            "검색코드":9860,
            "세대수":196.0,
            "준공년월":"1995-07-07",
            "준공년차":28.0,
            "가까운역이름":"갈산",
            "가까운역거리":1314.35,
            "역세권여부":"비역세권",
            "30분이내주요거점역":0,
            "1시간이내주요거점역":4,
            "3km이내백화점수":0,
            "5km이내아울렛몰수":0,
            "1km이내대형먀트수":0,
            "500m이내은행수":3,
            "500m이내병원수":10,
            "5km이내대형병원수":7,
            "500m이내공원수":0,
            "3km이내혐오시설수":0,
            "초등학교학업성취도":90.76,
            "중학교학업성취도":72.8,
            "용적률":291,
            "건폐율":28,
            "Y":37.518,
            "X":126.70664,
            "rank":162.0,
            "area_info":"22평(75.81), 26평(86.13)",
            "last_sales":"2021-12-02,9200.0,26평(86.13)"
        },
        {
            "index":646,
            "아파트명":"무지개",
            "투자타입":"일반",
            "전용면적(m2)":"75.97",
            "전용면적(평)":"22평",
            "법정동주소":"인천시 부평구 청천동 390-5",
            "도로명주소":"인천시 부평구 부평북로 123",
            "세대수":0,
            "입주년차":0,
            "용적률점수":"--",
            "건폐율점수":"--",
            "세대당주차수":0,
            "난방방식":30,
            "공급면적":"--",
            "전용률":"--",
            "욕실수":50,
            "현관타입":100,
            "주거총점":18.0,
            "지역구공급총점":0.0,
            "역세권":0,
            "30분내 이동가능 거점":0,
            "1시간내 이동가능 거점":30,
            "교통총점":6.0,
            "백화점":0,
            "아울렛몰":0,
            "대형마트":0,
            "은행":20,
            "병원":0,
            "종합병원":100,
            "공원":0,
            "혐오시설":0,
            "인프라총점":22.0,
            "초등학군":93.43,
            "중학군":47.28,
            "학군총점":56.51,
            "인구수":57.89,
            "인구증감":-13.43,
            "인구총점":36.494,
            "일자리":18.4,
            "소득수준":62.21,
            "일자리총점":31.543,
            "가치 총점":20.7765,
            "매매실거래년":20211115.0,
            "매매실거래가":21000.0,
            "전세실거래년":20211115.0,
            "전세실거래가":19000.0,
            "전세가율":90.48,
            "장기전세가율평균":72.96,
            "전세가율거품지수":-17.52,
            "검색코드":8976,
            "세대수":220.0,
            "준공년월":"1993-03-26",
            "준공년차":30.0,
            "가까운역이름":"갈산",
            "가까운역거리":1487.35,
            "역세권여부":"비역세권",
            "30분이내주요거점역":0,
            "1시간이내주요거점역":3,
            "3km이내백화점수":0,
            "5km이내아울렛몰수":0,
            "1km이내대형먀트수":0,
            "500m이내은행수":2,
            "500m이내병원수":1,
            "5km이내대형병원수":7,
            "500m이내공원수":0,
            "3km이내혐오시설수":0,
            "초등학교학업성취도":93.43,
            "중학교학업성취도":77.2,
            "용적률":299,
            "건폐율":61,
            "Y":37.523188,
            "X":126.706391,
            "rank":163.0,
            "area_info":"22평(75.97), 32평(105.96)",
            "last_sales":"2021-11-15,21000.0,22평(75.97)"
        },
        {
            "index":693,
            "아파트명":"효마을",
            "투자타입":"일반",
            "전용면적(m2)":"41.58",
            "전용면적(평)":"12평",
            "법정동주소":"인천시 부평구 청천동 380-20",
            "도로명주소":"인천시 부평구 평천로 61",
            "세대수":0,
            "입주년차":20,
            "용적률점수":"--",
            "건폐율점수":"--",
            "세대당주차수":0,
            "난방방식":30,
            "공급면적":"--",
            "전용률":"--",
            "욕실수":50,
            "현관타입":100,
            "주거총점":22.0,
            "지역구공급총점":0.0,
            "역세권":0,
            "30분내 이동가능 거점":0,
            "1시간내 이동가능 거점":10,
            "교통총점":2.0,
            "백화점":0,
            "아울렛몰":0,
            "대형마트":0,
            "은행":0,
            "병원":0,
            "종합병원":100,
            "공원":0,
            "혐오시설":0,
            "인프라총점":20.0,
            "초등학군":93.43,
            "중학군":47.28,
            "학군총점":56.51,
            "인구수":57.89,
            "인구증감":-13.43,
            "인구총점":36.494,
            "일자리":18.4,
            "소득수준":62.21,
            "일자리총점":31.543,
            "가치 총점":19.5765,
            "매매실거래년":"18000101",
            "매매실거래가":null,
            "전세실거래년":null,
            "전세실거래가":null,
            "전세가율":null,
            "장기전세가율평균":72.96,
            "전세가율거품지수":null,
            "검색코드":104778,
            "세대수":133.0,
            "준공년월":"2000-02-26",
            "준공년차":23.0,
            "가까운역이름":"갈산",
            "가까운역거리":2025.9,
            "역세권여부":"비역세권",
            "30분이내주요거점역":0,
            "1시간이내주요거점역":1,
            "3km이내백화점수":0,
            "5km이내아울렛몰수":0,
            "1km이내대형먀트수":0,
            "500m이내은행수":0,
            "500m이내병원수":1,
            "5km이내대형병원수":7,
            "500m이내공원수":0,
            "3km이내혐오시설수":0,
            "초등학교학업성취도":93.43,
            "중학교학업성취도":77.2,
            "용적률":0,
            "건폐율":0,
            "Y":37.521234,
            "X":126.699094,
            "rank":164.0,
            "area_info":"12평(41.58), 15평(49.59), 15평(49.68), 16평(54.09), 17평(56.83), 17평(57.96), 17평(57.42), 19평(65.82)",
            "last_sales":"1800-01-01,nan,12평(41.58)"
        },
        {
            "index":682,
            "아파트명":"인향",
            "투자타입":"일반",
            "전용면적(m2)":"76.64",
            "전용면적(평)":"23평",
            "법정동주소":"인천시 부평구 청천동 377-9",
            "도로명주소":"인천시 부평구 청안로 8",
            "세대수":0,
            "입주년차":0,
            "용적률점수":"--",
            "건폐율점수":"--",
            "세대당주차수":0,
            "난방방식":30,
            "공급면적":"--",
            "전용률":"--",
            "욕실수":50,
            "현관타입":100,
            "주거총점":18.0,
            "지역구공급총점":0.0,
            "역세권":0,
            "30분내 이동가능 거점":0,
            "1시간내 이동가능 거점":10,
            "교통총점":2.0,
            "백화점":0,
            "아울렛몰":0,
            "대형마트":0,
            "은행":0,
            "병원":0,
            "종합병원":100,
            "공원":0,
            "혐오시설":0,
            "인프라총점":20.0,
            "초등학군":93.43,
            "중학군":47.28,
            "학군총점":56.51,
            "인구수":57.89,
            "인구증감":-13.43,
            "인구총점":36.494,
            "일자리":18.4,
            "소득수준":62.21,
            "일자리총점":31.543,
            "가치 총점":18.7765,
            "매매실거래년":20211227.0,
            "매매실거래가":22000.0,
            "전세실거래년":20210524.0,
            "전세실거래가":15000.0,
            "전세가율":80.0,
            "장기전세가율평균":72.96,
            "전세가율거품지수":-7.04,
            "검색코드":2456,
            "세대수":266.0,
            "준공년월":"1994-01-10",
            "준공년차":29.0,
            "가까운역이름":"가정중앙시장",
            "가까운역거리":1731.89,
            "역세권여부":"비역세권",
            "30분이내주요거점역":0,
            "1시간이내주요거점역":1,
            "3km이내백화점수":0,
            "5km이내아울렛몰수":0,
            "1km이내대형먀트수":0,
            "500m이내은행수":0,
            "500m이내병원수":0,
            "5km이내대형병원수":7,
            "500m이내공원수":0,
            "3km이내혐오시설수":0,
            "초등학교학업성취도":93.43,
            "중학교학업성취도":77.2,
            "용적률":0,
            "건폐율":0,
            "Y":37.521564,
            "X":126.695468,
            "rank":165.0,
            "area_info":"23평(76.64), 31평(102.71), 31평(103.06)",
            "last_sales":"2021-12-27,22000.0,31평(103.06)"
        },
        {
            "index":591,
            "아파트명":"백영",
            "투자타입":"일반",
            "전용면적(m2)":"83.66",
            "전용면적(평)":"25평",
            "법정동주소":"인천시 부평구 십정동 216",
            "도로명주소":"인천시 부평구 경원대로 1086",
            "세대수":0,
            "입주년차":0,
            "용적률점수":"--",
            "건폐율점수":"--",
            "세대당주차수":0,
            "난방방식":30,
            "공급면적":"--",
            "전용률":"--",
            "욕실수":50,
            "현관타입":10,
            "주거총점":9.0,
            "지역구공급총점":0.0,
            "역세권":0,
            "30분내 이동가능 거점":0,
            "1시간내 이동가능 거점":30,
            "교통총점":6.0,
            "백화점":0,
            "아울렛몰":0,
            "대형마트":0,
            "은행":0,
            "병원":0,
            "종합병원":100,
            "공원":80,
            "혐오시설":0,
            "인프라총점":22.4,
            "초등학군":90.0,
            "중학군":40.06,
            "학군총점":50.048,
            "인구수":57.89,
            "인구증감":-13.43,
            "인구총점":36.494,
            "일자리":18.4,
            "소득수준":62.21,
            "일자리총점":31.543,
            "가치 총점":18.1272,
            "매매실거래년":20220117.0,
            "매매실거래가":20200.0,
            "전세실거래년":20211025.0,
            "전세실거래가":14500.0,
            "전세가율":71.78,
            "장기전세가율평균":72.96,
            "전세가율거품지수":1.18,
            "검색코드":8342,
            "세대수":206.0,
            "준공년월":"1997-05-06",
            "준공년차":26.0,
            "가까운역이름":"동암",
            "가까운역거리":1020.76,
            "역세권여부":"비역세권",
            "30분이내주요거점역":0,
            "1시간이내주요거점역":3,
            "3km이내백화점수":0,
            "5km이내아울렛몰수":0,
            "1km이내대형먀트수":0,
            "500m이내은행수":0,
            "500m이내병원수":1,
            "5km이내대형병원수":8,
            "500m이내공원수":1,
            "3km이내혐오시설수":0,
            "초등학교학업성취도":90.0,
            "중학교학업성취도":65.9,
            "용적률":399,
            "건폐율":23,
            "Y":37.478514,
            "X":126.695573,
            "rank":166.0,
            "area_info":"25평(83.66)",
            "last_sales":"2022-01-17,20200.0,25평(83.66)"
        }
    ]
}