{
    "schema":{
        "fields":[
            {
                "name":"index",
                "type":"integer"
            },
            {
                "name":"아파트명",
                "type":"string"
            },
            {
                "name":"투자타입",
                "type":"string"
            },
            {
                "name":"전용면적(m2)",
                "type":"string"
            },
            {
                "name":"전용면적(평)",
                "type":"string"
            },
            {
                "name":"법정동주소",
                "type":"string"
            },
            {
                "name":"도로명주소",
                "type":"string"
            },
            {
                "name":"세대수",
                "type":"integer"
            },
            {
                "name":"입주년차",
                "type":"string"
            },
            {
                "name":"용적률점수",
                "type":"string"
            },
            {
                "name":"건폐율점수",
                "type":"string"
            },
            {
                "name":"세대당주차수",
                "type":"string"
            },
            {
                "name":"난방방식",
                "type":"string"
            },
            {
                "name":"공급면적",
                "type":"string"
            },
            {
                "name":"전용률",
                "type":"string"
            },
            {
                "name":"욕실수",
                "type":"string"
            },
            {
                "name":"현관타입",
                "type":"string"
            },
            {
                "name":"주거총점",
                "type":"number"
            },
            {
                "name":"지역구공급총점",
                "type":"number"
            },
            {
                "name":"역세권",
                "type":"integer"
            },
            {
                "name":"30분내 이동가능 거점",
                "type":"integer"
            },
            {
                "name":"1시간내 이동가능 거점",
                "type":"integer"
            },
            {
                "name":"교통총점",
                "type":"number"
            },
            {
                "name":"백화점",
                "type":"integer"
            },
            {
                "name":"아울렛몰",
                "type":"integer"
            },
            {
                "name":"대형마트",
                "type":"integer"
            },
            {
                "name":"은행",
                "type":"integer"
            },
            {
                "name":"병원",
                "type":"integer"
            },
            {
                "name":"종합병원",
                "type":"integer"
            },
            {
                "name":"공원",
                "type":"integer"
            },
            {
                "name":"혐오시설",
                "type":"integer"
            },
            {
                "name":"인프라총점",
                "type":"number"
            },
            {
                "name":"초등학군",
                "type":"number"
            },
            {
                "name":"중학군",
                "type":"number"
            },
            {
                "name":"학군총점",
                "type":"number"
            },
            {
                "name":"인구수",
                "type":"number"
            },
            {
                "name":"인구증감",
                "type":"number"
            },
            {
                "name":"인구총점",
                "type":"number"
            },
            {
                "name":"일자리",
                "type":"number"
            },
            {
                "name":"소득수준",
                "type":"number"
            },
            {
                "name":"일자리총점",
                "type":"number"
            },
            {
                "name":"가치 총점",
                "type":"number"
            },
            {
                "name":"매매실거래년",
                "type":"string"
            },
            {
                "name":"매매실거래가",
                "type":"number"
            },
            {
                "name":"전세실거래년",
                "type":"number"
            },
            {
                "name":"전세실거래가",
                "type":"number"
            },
            {
                "name":"전세가율",
                "type":"number"
            },
            {
                "name":"장기전세가율평균",
                "type":"number"
            },
            {
                "name":"전세가율거품지수",
                "type":"number"
            },
            {
                "name":"검색코드",
                "type":"integer"
            },
            {
                "name":"세대수",
                "type":"number"
            },
            {
                "name":"준공년월",
                "type":"string"
            },
            {
                "name":"준공년차",
                "type":"number"
            },
            {
                "name":"가까운역이름",
                "type":"string"
            },
            {
                "name":"가까운역거리",
                "type":"number"
            },
            {
                "name":"역세권여부",
                "type":"string"
            },
            {
                "name":"30분이내주요거점역",
                "type":"integer"
            },
            {
                "name":"1시간이내주요거점역",
                "type":"integer"
            },
            {
                "name":"3km이내백화점수",
                "type":"integer"
            },
            {
                "name":"5km이내아울렛몰수",
                "type":"integer"
            },
            {
                "name":"1km이내대형먀트수",
                "type":"integer"
            },
            {
                "name":"500m이내은행수",
                "type":"integer"
            },
            {
                "name":"500m이내병원수",
                "type":"integer"
            },
            {
                "name":"5km이내대형병원수",
                "type":"integer"
            },
            {
                "name":"500m이내공원수",
                "type":"integer"
            },
            {
                "name":"3km이내혐오시설수",
                "type":"integer"
            },
            {
                "name":"초등학교학업성취도",
                "type":"number"
            },
            {
                "name":"중학교학업성취도",
                "type":"number"
            },
            {
                "name":"용적률",
                "type":"integer"
            },
            {
                "name":"건폐율",
                "type":"integer"
            },
            {
                "name":"Y",
                "type":"number"
            },
            {
                "name":"X",
                "type":"number"
            },
            {
                "name":"rank",
                "type":"number"
            },
            {
                "name":"area_info",
                "type":"string"
            },
            {
                "name":"last_sales",
                "type":"string"
            }
        ],
        "primaryKey":[
            "index"
        ],
        "pandas_version":"1.4.0"
    },
    "data":[
        {
            "index":238,
            "아파트명":"인천계양코아루센트럴파크",
            "투자타입":"일반",
            "전용면적(m2)":"83.48",
            "전용면적(평)":"25평",
            "법정동주소":"인천시 계양구 용종동 207-1",
            "도로명주소":"인천시 계양구 계양문화로 119",
            "세대수":80,
            "입주년차":80,
            "용적률점수":"--",
            "건폐율점수":"--",
            "세대당주차수":60,
            "난방방식":100,
            "공급면적":"--",
            "전용률":"--",
            "욕실수":100,
            "현관타입":100,
            "주거총점":83.0,
            "지역구공급총점":0.0,
            "역세권":80,
            "30분내 이동가능 거점":0,
            "1시간내 이동가능 거점":0,
            "교통총점":40.0,
            "백화점":0,
            "아울렛몰":0,
            "대형마트":100,
            "은행":70,
            "병원":80,
            "종합병원":100,
            "공원":100,
            "혐오시설":0,
            "인프라총점":53.0,
            "초등학군":84.44,
            "중학군":48.04,
            "학군총점":55.32,
            "인구수":35.56,
            "인구증감":-5.28,
            "인구총점":23.308,
            "일자리":9.9,
            "소득수준":46.63,
            "일자리총점":20.919,
            "가치 총점":54.798,
            "매매실거래년":20210911.0,
            "매매실거래가":73800.0,
            "전세실거래년":20200704.0,
            "전세실거래가":29500.0,
            "전세가율":68.6,
            "장기전세가율평균":70.92,
            "전세가율거품지수":2.32,
            "검색코드":108762,
            "세대수":724.0,
            "준공년월":"2017-06-23",
            "준공년차":6.0,
            "가까운역이름":"임학",
            "가까운역거리":345.7,
            "역세권여부":"역세권",
            "30분이내주요거점역":0,
            "1시간이내주요거점역":0,
            "3km이내백화점수":0,
            "5km이내아울렛몰수":0,
            "1km이내대형먀트수":2,
            "500m이내은행수":4,
            "500m이내병원수":46,
            "5km이내대형병원수":5,
            "500m이내공원수":4,
            "3km이내혐오시설수":0,
            "초등학교학업성취도":84.44,
            "중학교학업성취도":77.0,
            "용적률":440,
            "건폐율":43,
            "Y":37.541971,
            "X":126.738211,
            "rank":1.0,
            "area_info":"25평(83.48), 25평(84.19), 25평(84.12), 31평(103.49), 35평(116.73), 35평(117.53), 35평(117.47), 35평(118.13)",
            "last_sales":"2021-09-11,73800.0,35평(118.13)"
        },
        {
            "index":334,
            "아파트명":"신동양",
            "투자타입":"재건축",
            "전용면적(m2)":"49.66",
            "전용면적(평)":"15평",
            "법정동주소":"인천시 계양구 작전동 867-10",
            "도로명주소":"인천시 계양구 봉오대로686번길 8",
            "세대수":0,
            "입주년차":"--",
            "용적률점수":100,
            "건폐율점수":80,
            "세대당주차수":"--",
            "난방방식":"--",
            "공급면적":50,
            "전용률":80,
            "욕실수":"--",
            "현관타입":"--",
            "주거총점":62.5,
            "지역구공급총점":0.0,
            "역세권":80,
            "30분내 이동가능 거점":0,
            "1시간내 이동가능 거점":0,
            "교통총점":40.0,
            "백화점":0,
            "아울렛몰":0,
            "대형마트":80,
            "은행":100,
            "병원":80,
            "종합병원":100,
            "공원":100,
            "혐오시설":0,
            "인프라총점":53.0,
            "초등학군":84.83,
            "중학군":44.8,
            "학군총점":52.806,
            "인구수":35.56,
            "인구증감":-5.28,
            "인구총점":23.308,
            "일자리":9.9,
            "소득수준":46.63,
            "일자리총점":20.919,
            "가치 총점":50.3209,
            "매매실거래년":20210827.0,
            "매매실거래가":19700.0,
            "전세실거래년":20210918.0,
            "전세실거래가":10000.0,
            "전세가율":50.76,
            "장기전세가율평균":70.92,
            "전세가율거품지수":20.16,
            "검색코드":11060,
            "세대수":108.0,
            "준공년월":"1983-12-29",
            "준공년차":40.0,
            "가까운역이름":"작전",
            "가까운역거리":224.44,
            "역세권여부":"역세권",
            "30분이내주요거점역":0,
            "1시간이내주요거점역":0,
            "3km이내백화점수":0,
            "5km이내아울렛몰수":0,
            "1km이내대형먀트수":1,
            "500m이내은행수":5,
            "500m이내병원수":42,
            "5km이내대형병원수":7,
            "500m이내공원수":2,
            "3km이내혐오시설수":0,
            "초등학교학업성취도":84.83,
            "중학교학업성취도":73.4,
            "용적률":143,
            "건폐율":23,
            "Y":37.529298,
            "X":126.724647,
            "rank":2.0,
            "area_info":"15평(49.66), 16평(53.44)",
            "last_sales":"2021-08-27,19700.0,15평(49.66)"
        },
        {
            "index":9,
            "아파트명":"계산주공",
            "투자타입":"재건축",
            "전용면적(m2)":"52.55",
            "전용면적(평)":"15평",
            "법정동주소":"인천시 계양구 계산동 20",
            "도로명주소":"인천시 계양구 경명대로1142번길 3",
            "세대수":90,
            "입주년차":"--",
            "용적률점수":80,
            "건폐율점수":100,
            "세대당주차수":"--",
            "난방방식":"--",
            "공급면적":50,
            "전용률":40,
            "욕실수":"--",
            "현관타입":"--",
            "주거총점":83.5,
            "지역구공급총점":0.0,
            "역세권":50,
            "30분내 이동가능 거점":0,
            "1시간내 이동가능 거점":0,
            "교통총점":25.0,
            "백화점":0,
            "아울렛몰":0,
            "대형마트":100,
            "은행":100,
            "병원":80,
            "종합병원":100,
            "공원":100,
            "혐오시설":0,
            "인프라총점":56.0,
            "초등학군":82.29,
            "중학군":37.1,
            "학군총점":46.138,
            "인구수":35.56,
            "인구증감":-5.28,
            "인구총점":23.308,
            "일자리":9.9,
            "소득수준":46.63,
            "일자리총점":20.919,
            "가치 총점":49.1707,
            "매매실거래년":20211125.0,
            "매매실거래가":36000.0,
            "전세실거래년":20220112.0,
            "전세실거래가":10500.0,
            "전세가율":39.03,
            "장기전세가율평균":70.92,
            "전세가율거품지수":31.89,
            "검색코드":2251,
            "세대수":1140.0,
            "준공년월":"1990-06-30",
            "준공년차":33.0,
            "가까운역이름":"임학",
            "가까운역거리":542.38,
            "역세권여부":"준역세권",
            "30분이내주요거점역":0,
            "1시간이내주요거점역":0,
            "3km이내백화점수":0,
            "5km이내아울렛몰수":0,
            "1km이내대형먀트수":2,
            "500m이내은행수":5,
            "500m이내병원수":45,
            "5km이내대형병원수":5,
            "500m이내공원수":3,
            "3km이내혐오시설수":0,
            "초등학교학업성취도":82.29,
            "중학교학업성취도":60.7,
            "용적률":173,
            "건폐율":11,
            "Y":37.541646,
            "X":126.73427,
            "rank":3.0,
            "area_info":"15평(52.55), 15평(52.81), 17평(57.15), 17평(57.15), 18평(60.33), 20평(69.1), 22평(72.95)",
            "last_sales":"2021-11-25,36000.0,20평(69.1)"
        },
        {
            "index":42,
            "아파트명":"삼보1,2차",
            "투자타입":"재건축",
            "전용면적(m2)":"51.57",
            "전용면적(평)":"15평",
            "법정동주소":"인천시 계양구 계산동 342-1",
            "도로명주소":"인천시 계양구 주부토로 528",
            "세대수":50,
            "입주년차":"--",
            "용적률점수":80,
            "건폐율점수":80,
            "세대당주차수":"--",
            "난방방식":"--",
            "공급면적":50,
            "전용률":60,
            "욕실수":"--",
            "현관타입":"--",
            "주거총점":68.5,
            "지역구공급총점":0.0,
            "역세권":80,
            "30분내 이동가능 거점":0,
            "1시간내 이동가능 거점":0,
            "교통총점":40.0,
            "백화점":0,
            "아울렛몰":0,
            "대형마트":100,
            "은행":20,
            "병원":80,
            "종합병원":100,
            "공원":100,
            "혐오시설":0,
            "인프라총점":48.0,
            "초등학군":82.29,
            "중학군":37.1,
            "학군총점":46.138,
            "인구수":35.56,
            "인구증감":-5.28,
            "인구총점":23.308,
            "일자리":9.9,
            "소득수준":46.63,
            "일자리총점":20.919,
            "가치 총점":49.0207,
            "매매실거래년":20211223.0,
            "매매실거래가":21800.0,
            "전세실거래년":20220111.0,
            "전세실거래가":9000.0,
            "전세가율":41.28,
            "장기전세가율평균":70.92,
            "전세가율거품지수":29.64,
            "검색코드":8525,
            "세대수":474.0,
            "준공년월":"1987-10-31",
            "준공년차":36.0,
            "가까운역이름":"계산",
            "가까운역거리":254.42,
            "역세권여부":"역세권",
            "30분이내주요거점역":0,
            "1시간이내주요거점역":0,
            "3km이내백화점수":0,
            "5km이내아울렛몰수":0,
            "1km이내대형먀트수":3,
            "500m이내은행수":2,
            "500m이내병원수":32,
            "5km이내대형병원수":5,
            "500m이내공원수":3,
            "3km이내혐오시설수":0,
            "초등학교학업성취도":82.29,
            "중학교학업성취도":60.7,
            "용적률":175,
            "건폐율":29,
            "Y":37.541226,
            "X":126.729502,
            "rank":4.0,
            "area_info":"15평(51.57), 18평(61.57), 21평(71.61), 25평(85.86)",
            "last_sales":"2021-12-23,21800.0,15평(51.57)"
        },
        {
            "index":128,
            "아파트명":"하나",
            "투자타입":"재건축",
            "전용면적(m2)":"46.95",
            "전용면적(평)":"14평",
            "법정동주소":"인천시 계양구 계산동 348-2",
            "도로명주소":"인천시 계양구 경명대로1114번길 6",
            "세대수":90,
            "입주년차":"--",
            "용적률점수":60,
            "건폐율점수":60,
            "세대당주차수":"--",
            "난방방식":"--",
            "공급면적":50,
            "전용률":60,
            "욕실수":"--",
            "현관타입":"--",
            "주거총점":68.5,
            "지역구공급총점":0.0,
            "역세권":80,
            "30분내 이동가능 거점":0,
            "1시간내 이동가능 거점":0,
            "교통총점":40.0,
            "백화점":0,
            "아울렛몰":0,
            "대형마트":100,
            "은행":20,
            "병원":80,
            "종합병원":100,
            "공원":100,
            "혐오시설":0,
            "인프라총점":48.0,
            "초등학군":82.29,
            "중학군":37.1,
            "학군총점":46.138,
            "인구수":35.56,
            "인구증감":-5.28,
            "인구총점":23.308,
            "일자리":9.9,
            "소득수준":46.63,
            "일자리총점":20.919,
            "가치 총점":49.0207,
            "매매실거래년":20220103.0,
            "매매실거래가":23200.0,
            "전세실거래년":20220110.0,
            "전세실거래가":11000.0,
            "전세가율":47.21,
            "장기전세가율평균":70.92,
            "전세가율거품지수":23.71,
            "검색코드":2265,
            "세대수":994.0,
            "준공년월":"1987-08-26",
            "준공년차":36.0,
            "가까운역이름":"계산",
            "가까운역거리":281.73,
            "역세권여부":"역세권",
            "30분이내주요거점역":0,
            "1시간이내주요거점역":0,
            "3km이내백화점수":0,
            "5km이내아울렛몰수":0,
            "1km이내대형먀트수":2,
            "500m이내은행수":2,
            "500m이내병원수":42,
            "5km이내대형병원수":5,
            "500m이내공원수":3,
            "3km이내혐오시설수":0,
            "초등학교학업성취도":82.29,
            "중학교학업성취도":60.7,
            "용적률":182,
            "건폐율":31,
            "Y":37.541937,
            "X":126.73087,
            "rank":4.0,
            "area_info":"14평(46.95), 15평(50.52), 16평(53.4), 18평(62.16)",
            "last_sales":"2022-01-03,23200.0,15평(50.52)"
        },
        {
            "index":153,
            "아파트명":"계양센트레빌3단지",
            "투자타입":"일반",
            "전용면적(m2)":"112.11",
            "전용면적(평)":"33평",
            "법정동주소":"인천시 계양구 귤현동 533",
            "도로명주소":"인천시 계양구 형제봉길 1",
            "세대수":50,
            "입주년차":60,
            "용적률점수":"--",
            "건폐율점수":"--",
            "세대당주차수":60,
            "난방방식":30,
            "공급면적":"--",
            "전용률":"--",
            "욕실수":100,
            "현관타입":100,
            "주거총점":61.5,
            "지역구공급총점":0.0,
            "역세권":80,
            "30분내 이동가능 거점":0,
            "1시간내 이동가능 거점":50,
            "교통총점":50.0,
            "백화점":0,
            "아울렛몰":100,
            "대형마트":0,
            "은행":0,
            "병원":10,
            "종합병원":100,
            "공원":100,
            "혐오시설":0,
            "인프라총점":34.0,
            "초등학군":81.12,
            "중학군":51.54,
            "학군총점":57.456,
            "인구수":35.56,
            "인구증감":-5.28,
            "인구총점":23.308,
            "일자리":9.9,
            "소득수준":46.63,
            "일자리총점":20.919,
            "가치 총점":48.6184,
            "매매실거래년":20211019.0,
            "매매실거래가":74800.0,
            "전세실거래년":20210909.0,
            "전세실거래가":40000.0,
            "전세가율":62.02,
            "장기전세가율평균":70.92,
            "전세가율거품지수":8.9,
            "검색코드":103843,
            "세대수":454.0,
            "준공년월":"2013-06-24",
            "준공년차":10.0,
            "가까운역이름":"귤현",
            "가까운역거리":392.62,
            "역세권여부":"역세권",
            "30분이내주요거점역":0,
            "1시간이내주요거점역":5,
            "3km이내백화점수":0,
            "5km이내아울렛몰수":2,
            "1km이내대형먀트수":0,
            "500m이내은행수":0,
            "500m이내병원수":3,
            "5km이내대형병원수":3,
            "500m이내공원수":4,
            "3km이내혐오시설수":0,
            "초등학교학업성취도":81.12,
            "중학교학업성취도":82.7,
            "용적률":181,
            "건폐율":21,
            "Y":37.566147,
            "X":126.747099,
            "rank":5.0,
            "area_info":"33평(112.11), 33평(112.26), 34평(112.49), 39평(132.06), 46평(153.05), 46평(153.04), 53평(177.29), 53평(177.28)",
            "last_sales":"2021-10-19,74800.0,46평(153.05)"
        },
        {
            "index":50,
            "아파트명":"삼천리열망",
            "투자타입":"재건축",
            "전용면적(m2)":"51.56",
            "전용면적(평)":"15평",
            "법정동주소":"인천시 계양구 계산동 321-2",
            "도로명주소":"인천시 계양구 주부토로 507",
            "세대수":50,
            "입주년차":"--",
            "용적률점수":80,
            "건폐율점수":60,
            "세대당주차수":"--",
            "난방방식":"--",
            "공급면적":50,
            "전용률":60,
            "욕실수":"--",
            "현관타입":"--",
            "주거총점":64.5,
            "지역구공급총점":0.0,
            "역세권":80,
            "30분내 이동가능 거점":0,
            "1시간내 이동가능 거점":0,
            "교통총점":40.0,
            "백화점":0,
            "아울렛몰":0,
            "대형마트":100,
            "은행":20,
            "병원":80,
            "종합병원":100,
            "공원":100,
            "혐오시설":0,
            "인프라총점":48.0,
            "초등학군":85.85,
            "중학군":37.1,
            "학군총점":46.85,
            "인구수":35.56,
            "인구증감":-5.28,
            "인구총점":23.308,
            "일자리":9.9,
            "소득수준":46.63,
            "일자리총점":20.919,
            "가치 총점":48.3275,
            "매매실거래년":20210612.0,
            "매매실거래가":25800.0,
            "전세실거래년":20220111.0,
            "전세실거래가":8500.0,
            "전세가율":47.22,
            "장기전세가율평균":70.92,
            "전세가율거품지수":23.7,
            "검색코드":8509,
            "세대수":460.0,
            "준공년월":"1986-07-12",
            "준공년차":37.0,
            "가까운역이름":"경인교대입구",
            "가까운역거리":421.15,
            "역세권여부":"역세권",
            "30분이내주요거점역":0,
            "1시간이내주요거점역":0,
            "3km이내백화점수":0,
            "5km이내아울렛몰수":0,
            "1km이내대형먀트수":3,
            "500m이내은행수":2,
            "500m이내병원수":42,
            "5km이내대형병원수":5,
            "500m이내공원수":2,
            "3km이내혐오시설수":0,
            "초등학교학업성취도":85.85,
            "중학교학업성취도":60.7,
            "용적률":150,
            "건폐율":30,
            "Y":37.539496,
            "X":126.727065,
            "rank":6.0,
            "area_info":"15평(51.56), 16평(54.85), 17평(58.14), 18평(62.36), 19평(65.54), 20평(68.73)",
            "last_sales":"2021-06-12,25800.0,20평(68.73)"
        },
        {
            "index":120,
            "아파트명":"팬더1,2차",
            "투자타입":"재건축",
            "전용면적(m2)":"53.67",
            "전용면적(평)":"16평",
            "법정동주소":"인천시 계양구 계산동 18-13",
            "도로명주소":"인천시 계양구 경명대로1142번길 7",
            "세대수":50,
            "입주년차":"--",
            "용적률점수":60,
            "건폐율점수":60,
            "세대당주차수":"--",
            "난방방식":"--",
            "공급면적":50,
            "전용률":60,
            "욕실수":"--",
            "현관타입":"--",
            "주거총점":56.5,
            "지역구공급총점":0.0,
            "역세권":80,
            "30분내 이동가능 거점":0,
            "1시간내 이동가능 거점":0,
            "교통총점":40.0,
            "백화점":0,
            "아울렛몰":0,
            "대형마트":100,
            "은행":70,
            "병원":80,
            "종합병원":100,
            "공원":100,
            "혐오시설":0,
            "인프라총점":53.0,
            "초등학군":82.29,
            "중학군":37.1,
            "학군총점":46.138,
            "인구수":35.56,
            "인구증감":-5.28,
            "인구총점":23.308,
            "일자리":9.9,
            "소득수준":46.63,
            "일자리총점":20.919,
            "가치 총점":48.1207,
            "매매실거래년":20211213.0,
            "매매실거래가":21000.0,
            "전세실거래년":20211217.0,
            "전세실거래가":10000.0,
            "전세가율":50.51,
            "장기전세가율평균":70.92,
            "전세가율거품지수":20.41,
            "검색코드":27018,
            "세대수":504.0,
            "준공년월":"1989-09-09",
            "준공년차":34.0,
            "가까운역이름":"계산",
            "가까운역거리":452.41,
            "역세권여부":"역세권",
            "30분이내주요거점역":0,
            "1시간이내주요거점역":0,
            "3km이내백화점수":0,
            "5km이내아울렛몰수":0,
            "1km이내대형먀트수":2,
            "500m이내은행수":3,
            "500m이내병원수":53,
            "5km이내대형병원수":5,
            "500m이내공원수":3,
            "3km이내혐오시설수":0,
            "초등학교학업성취도":82.29,
            "중학교학업성취도":60.7,
            "용적률":192,
            "건폐율":32,
            "Y":37.542283,
            "X":126.733116,
            "rank":7.0,
            "area_info":"16평(53.67), 16평(54.19), 19평(63.46), 20평(69.01), 21평(72.17), 22평(74.34), 22평(75.68), 23평(78.07)",
            "last_sales":"2021-12-13,21000.0,20평(69.01)"
        },
        {
            "index":282,
            "아파트명":"동아",
            "투자타입":"재건축",
            "전용면적(m2)":"79.34",
            "전용면적(평)":"24평",
            "법정동주소":"인천시 계양구 작전동 854-12",
            "도로명주소":"인천시 계양구 작전시장로 3",
            "세대수":0,
            "입주년차":"--",
            "용적률점수":100,
            "건폐율점수":80,
            "세대당주차수":"--",
            "난방방식":"--",
            "공급면적":50,
            "전용률":60,
            "욕실수":"--",
            "현관타입":"--",
            "주거총점":61.5,
            "지역구공급총점":0.0,
            "역세권":80,
            "30분내 이동가능 거점":0,
            "1시간내 이동가능 거점":0,
            "교통총점":40.0,
            "백화점":0,
            "아울렛몰":0,
            "대형마트":100,
            "은행":20,
            "병원":60,
            "종합병원":100,
            "공원":100,
            "혐오시설":0,
            "인프라총점":46.0,
            "초등학군":87.44,
            "중학군":44.8,
            "학군총점":53.328,
            "인구수":35.56,
            "인구증감":-5.28,
            "인구총점":23.308,
            "일자리":9.9,
            "소득수준":46.63,
            "일자리총점":20.919,
            "가치 총점":48.0992,
            "매매실거래년":20210925.0,
            "매매실거래가":24900.0,
            "전세실거래년":20211106.0,
            "전세실거래가":15000.0,
            "전세가율":83.8,
            "장기전세가율평균":70.92,
            "전세가율거품지수":-12.88,
            "검색코드":10746,
            "세대수":105.0,
            "준공년월":"1983-12-21",
            "준공년차":40.0,
            "가까운역이름":"작전",
            "가까운역거리":287.01,
            "역세권여부":"역세권",
            "30분이내주요거점역":0,
            "1시간이내주요거점역":0,
            "3km이내백화점수":0,
            "5km이내아울렛몰수":0,
            "1km이내대형먀트수":2,
            "500m이내은행수":2,
            "500m이내병원수":23,
            "5km이내대형병원수":5,
            "500m이내공원수":2,
            "3km이내혐오시설수":0,
            "초등학교학업성취도":87.44,
            "중학교학업성취도":73.4,
            "용적률":147,
            "건폐율":29,
            "Y":37.532846,
            "X":126.723621,
            "rank":8.0,
            "area_info":"24평(79.34), 25평(85.95), 26평(89.25), 29평(95.87)",
            "last_sales":"2021-09-25,24900.0,26평(89.25)"
        },
        {
            "index":200,
            "아파트명":"아주",
            "투자타입":"재건축",
            "전용면적(m2)":"52.31",
            "전용면적(평)":"15평",
            "법정동주소":"인천시 계양구 병방동 381",
            "도로명주소":"인천시 계양구 장제로927번길 15",
            "세대수":50,
            "입주년차":"--",
            "용적률점수":80,
            "건폐율점수":60,
            "세대당주차수":"--",
            "난방방식":"--",
            "공급면적":50,
            "전용률":60,
            "욕실수":"--",
            "현관타입":"--",
            "주거총점":64.5,
            "지역구공급총점":0.0,
            "역세권":80,
            "30분내 이동가능 거점":0,
            "1시간내 이동가능 거점":0,
            "교통총점":40.0,
            "백화점":0,
            "아울렛몰":0,
            "대형마트":80,
            "은행":0,
            "병원":80,
            "종합병원":100,
            "공원":100,
            "혐오시설":0,
            "인프라총점":43.0,
            "초등학군":78.91,
            "중학군":48.04,
            "학군총점":54.214,
            "인구수":35.56,
            "인구증감":-5.28,
            "인구총점":23.308,
            "일자리":9.9,
            "소득수준":46.63,
            "일자리총점":20.919,
            "가치 총점":47.9321,
            "매매실거래년":20211129.0,
            "매매실거래가":17600.0,
            "전세실거래년":20211020.0,
            "전세실거래가":11000.0,
            "전세가율":62.5,
            "장기전세가율평균":70.92,
            "전세가율거품지수":8.42,
            "검색코드":8255,
            "세대수":468.0,
            "준공년월":"1989-09-04",
            "준공년차":34.0,
            "가까운역이름":"임학",
            "가까운역거리":458.89,
            "역세권여부":"역세권",
            "30분이내주요거점역":0,
            "1시간이내주요거점역":0,
            "3km이내백화점수":0,
            "5km이내아울렛몰수":0,
            "1km이내대형먀트수":1,
            "500m이내은행수":0,
            "500m이내병원수":32,
            "5km이내대형병원수":3,
            "500m이내공원수":3,
            "3km이내혐오시설수":0,
            "초등학교학업성취도":78.91,
            "중학교학업성취도":77.0,
            "용적률":175,
            "건폐율":32,
            "Y":37.549016,
            "X":126.740143,
            "rank":9.0,
            "area_info":"15평(52.31), 18평(59.76), 19평(63.63), 20평(67.49)",
            "last_sales":"2021-11-29,17600.0,15평(52.31)"
        },
        {
            "index":211,
            "아파트명":"학마을영남",
            "투자타입":"일반",
            "전용면적(m2)":"39.78",
            "전용면적(평)":"12평",
            "법정동주소":"인천시 계양구 병방동 432-5",
            "도로명주소":"인천시 계양구 장제로 878",
            "세대수":90,
            "입주년차":0,
            "용적률점수":"--",
            "건폐율점수":"--",
            "세대당주차수":80,
            "난방방식":100,
            "공급면적":"--",
            "전용률":"--",
            "욕실수":50,
            "현관타입":10,
            "주거총점":59.5,
            "지역구공급총점":0.0,
            "역세권":80,
            "30분내 이동가능 거점":0,
            "1시간내 이동가능 거점":0,
            "교통총점":40.0,
            "백화점":0,
            "아울렛몰":0,
            "대형마트":100,
            "은행":0,
            "병원":80,
            "종합병원":100,
            "공원":100,
            "혐오시설":0,
            "인프라총점":46.0,
            "초등학군":78.91,
            "중학군":48.04,
            "학군총점":54.214,
            "인구수":35.56,
            "인구증감":-5.28,
            "인구총점":23.308,
            "일자리":9.9,
            "소득수준":46.63,
            "일자리총점":20.919,
            "가치 총점":47.8321,
            "매매실거래년":20211206.0,
            "매매실거래가":14700.0,
            "전세실거래년":20211223.0,
            "전세실거래가":8925.0,
            "전세가율":60.71,
            "장기전세가율평균":70.92,
            "전세가율거품지수":10.21,
            "검색코드":8259,
            "세대수":1047.0,
            "준공년월":"1997-10-17",
            "준공년차":26.0,
            "가까운역이름":"임학",
            "가까운역거리":206.15,
            "역세권여부":"역세권",
            "30분이내주요거점역":0,
            "1시간이내주요거점역":0,
            "3km이내백화점수":0,
            "5km이내아울렛몰수":0,
            "1km이내대형먀트수":2,
            "500m이내은행수":1,
            "500m이내병원수":37,
            "5km이내대형병원수":4,
            "500m이내공원수":5,
            "3km이내혐오시설수":0,
            "초등학교학업성취도":78.91,
            "중학교학업성취도":77.0,
            "용적률":237,
            "건폐율":22,
            "Y":37.544673,
            "X":126.740952,
            "rank":10.0,
            "area_info":"12평(39.78), 24평(81.41)",
            "last_sales":"2021-12-06,14700.0,12평(39.78)"
        },
        {
            "index":86,
            "아파트명":"원흥",
            "투자타입":"재건축",
            "전용면적(m2)":"62.19",
            "전용면적(평)":"18평",
            "법정동주소":"인천시 계양구 계산동 337-11",
            "도로명주소":"인천시 계양구 주부토로 520",
            "세대수":0,
            "입주년차":"--",
            "용적률점수":100,
            "건폐율점수":80,
            "세대당주차수":"--",
            "난방방식":"--",
            "공급면적":50,
            "전용률":60,
            "욕실수":"--",
            "현관타입":"--",
            "주거총점":61.5,
            "지역구공급총점":0.0,
            "역세권":80,
            "30분내 이동가능 거점":0,
            "1시간내 이동가능 거점":0,
            "교통총점":40.0,
            "백화점":0,
            "아울렛몰":0,
            "대형마트":100,
            "은행":20,
            "병원":80,
            "종합병원":100,
            "공원":100,
            "혐오시설":0,
            "인프라총점":48.0,
            "초등학군":82.29,
            "중학군":37.1,
            "학군총점":46.138,
            "인구수":35.56,
            "인구증감":-5.28,
            "인구총점":23.308,
            "일자리":9.9,
            "소득수준":46.63,
            "일자리총점":20.919,
            "가치 총점":47.6207,
            "매매실거래년":20211129.0,
            "매매실거래가":24300.0,
            "전세실거래년":20210608.0,
            "전세실거래가":11000.0,
            "전세가율":56.99,
            "장기전세가율평균":70.92,
            "전세가율거품지수":13.93,
            "검색코드":2260,
            "세대수":170.0,
            "준공년월":"1991-03-27",
            "준공년차":32.0,
            "가까운역이름":"계산",
            "가까운역거리":313.34,
            "역세권여부":"역세권",
            "30분이내주요거점역":0,
            "1시간이내주요거점역":0,
            "3km이내백화점수":0,
            "5km이내아울렛몰수":0,
            "1km이내대형먀트수":3,
            "500m이내은행수":2,
            "500m이내병원수":36,
            "5km이내대형병원수":5,
            "500m이내공원수":4,
            "3km이내혐오시설수":0,
            "초등학교학업성취도":82.29,
            "중학교학업성취도":60.7,
            "용적률":145,
            "건폐율":26,
            "Y":37.540565,
            "X":126.729253,
            "rank":11.0,
            "area_info":"18평(62.19), 21평(69.66), 25평(82.92)",
            "last_sales":"2021-11-29,24300.0,25평(82.92)"
        },
        {
            "index":209,
            "아파트명":"학마을서해",
            "투자타입":"일반",
            "전용면적(m2)":"39.78",
            "전용면적(평)":"12평",
            "법정동주소":"인천시 계양구 병방동 432-5",
            "도로명주소":"인천시 계양구 장제로 878",
            "세대수":90,
            "입주년차":0,
            "용적률점수":"--",
            "건폐율점수":"--",
            "세대당주차수":0,
            "난방방식":100,
            "공급면적":"--",
            "전용률":"--",
            "욕실수":50,
            "현관타입":100,
            "주거총점":56.5,
            "지역구공급총점":0.0,
            "역세권":80,
            "30분내 이동가능 거점":0,
            "1시간내 이동가능 거점":0,
            "교통총점":40.0,
            "백화점":0,
            "아울렛몰":0,
            "대형마트":100,
            "은행":0,
            "병원":80,
            "종합병원":100,
            "공원":100,
            "혐오시설":0,
            "인프라총점":46.0,
            "초등학군":78.91,
            "중학군":48.04,
            "학군총점":54.214,
            "인구수":35.56,
            "인구증감":-5.28,
            "인구총점":23.308,
            "일자리":9.9,
            "소득수준":46.63,
            "일자리총점":20.919,
            "가치 총점":47.2321,
            "매매실거래년":20211229.0,
            "매매실거래가":14300.0,
            "전세실거래년":20220113.0,
            "전세실거래가":9000.0,
            "전세가율":62.94,
            "장기전세가율평균":70.92,
            "전세가율거품지수":7.98,
            "검색코드":8251,
            "세대수":1261.0,
            "준공년월":"1997-10-29",
            "준공년차":26.0,
            "가까운역이름":"임학",
            "가까운역거리":136.48,
            "역세권여부":"역세권",
            "30분이내주요거점역":0,
            "1시간이내주요거점역":0,
            "3km이내백화점수":0,
            "5km이내아울렛몰수":0,
            "1km이내대형먀트수":2,
            "500m이내은행수":1,
            "500m이내병원수":38,
            "5km이내대형병원수":5,
            "500m이내공원수":6,
            "3km이내혐오시설수":0,
            "초등학교학업성취도":78.91,
            "중학교학업성취도":77.0,
            "용적률":0,
            "건폐율":0,
            "Y":37.544027,
            "X":126.739503,
            "rank":12.0,
            "area_info":"12평(39.78), 24평(81.21)",
            "last_sales":"2021-12-29,14300.0,12평(39.78)"
        },
        {
            "index":46,
            "아파트명":"삼보3차",
            "투자타입":"재건축",
            "전용면적(m2)":"53.83",
            "전용면적(평)":"16평",
            "법정동주소":"인천시 계양구 계산동 12-4",
            "도로명주소":"인천시 계양구 경명대로 1126",
            "세대수":30,
            "입주년차":"--",
            "용적률점수":80,
            "건폐율점수":60,
            "세대당주차수":"--",
            "난방방식":"--",
            "공급면적":50,
            "전용률":60,
            "욕실수":"--",
            "현관타입":"--",
            "주거총점":58.5,
            "지역구공급총점":0.0,
            "역세권":80,
            "30분내 이동가능 거점":0,
            "1시간내 이동가능 거점":0,
            "교통총점":40.0,
            "백화점":0,
            "아울렛몰":0,
            "대형마트":100,
            "은행":20,
            "병원":80,
            "종합병원":100,
            "공원":100,
            "혐오시설":0,
            "인프라총점":48.0,
            "초등학군":82.29,
            "중학군":37.1,
            "학군총점":46.138,
            "인구수":35.56,
            "인구증감":-5.28,
            "인구총점":23.308,
            "일자리":9.9,
            "소득수준":46.63,
            "일자리총점":20.919,
            "가치 총점":47.0207,
            "매매실거래년":20210911.0,
            "매매실거래가":26000.0,
            "전세실거래년":20200613.0,
            "전세실거래가":9000.0,
            "전세가율":50.0,
            "장기전세가율평균":70.92,
            "전세가율거품지수":20.92,
            "검색코드":2256,
            "세대수":366.0,
            "준공년월":"1988-10-15",
            "준공년차":35.0,
            "가까운역이름":"계산",
            "가까운역거리":365.35,
            "역세권여부":"역세권",
            "30분이내주요거점역":0,
            "1시간이내주요거점역":0,
            "3km이내백화점수":0,
            "5km이내아울렛몰수":0,
            "1km이내대형먀트수":2,
            "500m이내은행수":2,
            "500m이내병원수":35,
            "5km이내대형병원수":5,
            "500m이내공원수":3,
            "3km이내혐오시설수":0,
            "초등학교학업성취도":82.29,
            "중학교학업성취도":60.7,
            "용적률":179,
            "건폐율":30,
            "Y":37.542326,
            "X":126.732109,
            "rank":13.0,
            "area_info":"16평(53.83), 19평(63.27), 22평(72.96), 23평(76.54)",
            "last_sales":"2021-09-11,26000.0,22평(72.96)"
        },
        {
            "index":248,
            "아파트명":"초정마을두산쌍용",
            "투자타입":"일반",
            "전용면적(m2)":"120.53",
            "전용면적(평)":"36평",
            "법정동주소":"인천시 계양구 용종동 213-2",
            "도로명주소":"인천시 계양구 계양문화로 142",
            "세대수":80,
            "입주년차":0,
            "용적률점수":"--",
            "건폐율점수":"--",
            "세대당주차수":60,
            "난방방식":100,
            "공급면적":"--",
            "전용률":"--",
            "욕실수":100,
            "현관타입":100,
            "주거총점":67.0,
            "지역구공급총점":0.0,
            "역세권":50,
            "30분내 이동가능 거점":0,
            "1시간내 이동가능 거점":0,
            "교통총점":25.0,
            "백화점":0,
            "아울렛몰":0,
            "대형마트":100,
            "은행":70,
            "병원":80,
            "종합병원":100,
            "공원":100,
            "혐오시설":0,
            "인프라총점":53.0,
            "초등학군":89.87,
            "중학군":48.04,
            "학군총점":56.406,
            "인구수":35.56,
            "인구증감":-5.28,
            "인구총점":23.308,
            "일자리":9.9,
            "소득수준":46.63,
            "일자리총점":20.919,
            "가치 총점":46.5109,
            "매매실거래년":20211216.0,
            "매매실거래가":58300.0,
            "전세실거래년":20211215.0,
            "전세실거래가":40000.0,
            "전세가율":68.61,
            "장기전세가율평균":70.92,
            "전세가율거품지수":2.31,
            "검색코드":2411,
            "세대수":798.0,
            "준공년월":"1997-10-30",
            "준공년차":26.0,
            "가까운역이름":"임학",
            "가까운역거리":579.1,
            "역세권여부":"준역세권",
            "30분이내주요거점역":0,
            "1시간이내주요거점역":0,
            "3km이내백화점수":0,
            "5km이내아울렛몰수":0,
            "1km이내대형먀트수":2,
            "500m이내은행수":3,
            "500m이내병원수":36,
            "5km이내대형병원수":4,
            "500m이내공원수":7,
            "3km이내혐오시설수":0,
            "초등학교학업성취도":89.87,
            "중학교학업성취도":77.0,
            "용적률":249,
            "건폐율":18,
            "Y":37.540045,
            "X":126.740441,
            "rank":14.0,
            "area_info":"36평(120.53), 36평(120.53), 45평(149.75), 45평(149.75)",
            "last_sales":"2021-12-16,58300.0,36평(120.53)"
        },
        {
            "index":308,
            "아파트명":"브라운스톤계양스카이",
            "투자타입":"일반",
            "전용면적(m2)":"85.82",
            "전용면적(평)":"25평",
            "법정동주소":"인천시 계양구 작전동 951",
            "도로명주소":"인천시 계양구 아나지로299번길 11",
            "세대수":0,
            "입주년차":100,
            "용적률점수":"--",
            "건폐율점수":"--",
            "세대당주차수":30,
            "난방방식":30,
            "공급면적":"--",
            "전용률":"--",
            "욕실수":100,
            "현관타입":100,
            "주거총점":47.5,
            "지역구공급총점":0.0,
            "역세권":80,
            "30분내 이동가능 거점":0,
            "1시간내 이동가능 거점":0,
            "교통총점":40.0,
            "백화점":0,
            "아울렛몰":0,
            "대형마트":80,
            "은행":70,
            "병원":80,
            "종합병원":100,
            "공원":80,
            "혐오시설":0,
            "인프라총점":49.4,
            "초등학군":84.83,
            "중학군":44.8,
            "학군총점":52.806,
            "인구수":35.56,
            "인구증감":-5.28,
            "인구총점":23.308,
            "일자리":9.9,
            "소득수준":46.63,
            "일자리총점":20.919,
            "가치 총점":46.2409,
            "매매실거래년":20201031.0,
            "매매실거래가":49275.0,
            "전세실거래년":null,
            "전세실거래가":null,
            "전세가율":null,
            "장기전세가율평균":70.92,
            "전세가율거품지수":null,
            "검색코드":122466,
            "세대수":282.0,
            "준공년월":"2020-10-01",
            "준공년차":3.0,
            "가까운역이름":"작전",
            "가까운역거리":467.28,
            "역세권여부":"역세권",
            "30분이내주요거점역":0,
            "1시간이내주요거점역":0,
            "3km이내백화점수":0,
            "5km이내아울렛몰수":0,
            "1km이내대형먀트수":1,
            "500m이내은행수":3,
            "500m이내병원수":33,
            "5km이내대형병원수":7,
            "500m이내공원수":1,
            "3km이내혐오시설수":0,
            "초등학교학업성취도":84.83,
            "중학교학업성취도":73.4,
            "용적률":299,
            "건폐율":19,
            "Y":37.526517,
            "X":126.724507,
            "rank":15.0,
            "area_info":"25평(85.82), 25평(85.26), 25평(85.54), 30평(100.52), 30평(101.25), 34평(113.73)",
            "last_sales":"2020-10-31,49275.0,34평(113.73)"
        },
        {
            "index":213,
            "아파트명":"학마을한진",
            "투자타입":"일반",
            "전용면적(m2)":"54.45",
            "전용면적(평)":"16평",
            "법정동주소":"인천시 계양구 병방동 433-1",
            "도로명주소":"인천시 계양구 용종로 124",
            "세대수":100,
            "입주년차":0,
            "용적률점수":"--",
            "건폐율점수":"--",
            "세대당주차수":0,
            "난방방식":100,
            "공급면적":"--",
            "전용률":"--",
            "욕실수":50,
            "현관타입":10,
            "주거총점":51.0,
            "지역구공급총점":0.0,
            "역세권":80,
            "30분내 이동가능 거점":0,
            "1시간내 이동가능 거점":0,
            "교통총점":40.0,
            "백화점":0,
            "아울렛몰":0,
            "대형마트":100,
            "은행":0,
            "병원":80,
            "종합병원":100,
            "공원":100,
            "혐오시설":0,
            "인프라총점":46.0,
            "초등학군":78.91,
            "중학군":48.04,
            "학군총점":54.214,
            "인구수":35.56,
            "인구증감":-5.28,
            "인구총점":23.308,
            "일자리":9.9,
            "소득수준":46.63,
            "일자리총점":20.919,
            "가치 총점":46.1321,
            "매매실거래년":20220110.0,
            "매매실거래가":16000.0,
            "전세실거래년":20220114.0,
            "전세실거래가":15200.0,
            "전세가율":95.0,
            "장기전세가율평균":70.92,
            "전세가율거품지수":-24.08,
            "검색코드":8258,
            "세대수":1500.0,
            "준공년월":"1998-11-20",
            "준공년차":25.0,
            "가까운역이름":"임학",
            "가까운역거리":448.03,
            "역세권여부":"역세권",
            "30분이내주요거점역":0,
            "1시간이내주요거점역":0,
            "3km이내백화점수":0,
            "5km이내아울렛몰수":0,
            "1km이내대형먀트수":2,
            "500m이내은행수":0,
            "500m이내병원수":30,
            "5km이내대형병원수":5,
            "500m이내공원수":3,
            "3km이내혐오시설수":0,
            "초등학교학업성취도":78.91,
            "중학교학업성취도":77.0,
            "용적률":249,
            "건폐율":21,
            "Y":37.54571,
            "X":126.74368,
            "rank":16.0,
            "area_info":"16평(54.45), 20평(68.45), 24평(79.46)",
            "last_sales":"2022-01-10,16000.0,16평(54.45)"
        },
        {
            "index":339,
            "아파트명":"신한",
            "투자타입":"재건축",
            "전용면적(m2)":"63.83",
            "전용면적(평)":"19평",
            "법정동주소":"인천시 계양구 작전동 852-14",
            "도로명주소":"인천시 계양구 계양대로139번길 9",
            "세대수":0,
            "입주년차":"--",
            "용적률점수":100,
            "건폐율점수":80,
            "세대당주차수":"--",
            "난방방식":"--",
            "공급면적":50,
            "전용률":60,
            "욕실수":"--",
            "현관타입":"--",
            "주거총점":61.5,
            "지역구공급총점":0.0,
            "역세권":80,
            "30분내 이동가능 거점":0,
            "1시간내 이동가능 거점":0,
            "교통총점":40.0,
            "백화점":0,
            "아울렛몰":0,
            "대형마트":80,
            "은행":0,
            "병원":60,
            "종합병원":100,
            "공원":100,
            "혐오시설":0,
            "인프라총점":41.0,
            "초등학군":88.41,
            "중학군":40.4,
            "학군총점":50.002,
            "인구수":35.56,
            "인구증감":-5.28,
            "인구총점":23.308,
            "일자리":9.9,
            "소득수준":46.63,
            "일자리총점":20.919,
            "가치 총점":46.1003,
            "매매실거래년":20211005.0,
            "매매실거래가":19300.0,
            "전세실거래년":20210430.0,
            "전세실거래가":11000.0,
            "전세가율":56.99,
            "장기전세가율평균":70.92,
            "전세가율거품지수":13.93,
            "검색코드":9783,
            "세대수":100.0,
            "준공년월":"1984-09-04",
            "준공년차":39.0,
            "가까운역이름":"경인교대입구",
            "가까운역거리":268.43,
            "역세권여부":"역세권",
            "30분이내주요거점역":0,
            "1시간이내주요거점역":0,
            "3km이내백화점수":0,
            "5km이내아울렛몰수":0,
            "1km이내대형먀트수":1,
            "500m이내은행수":0,
            "500m이내병원수":12,
            "5km이내대형병원수":4,
            "500m이내공원수":2,
            "3km이내혐오시설수":0,
            "초등학교학업성취도":88.41,
            "중학교학업성취도":64.6,
            "용적률":132,
            "건폐율":27,
            "Y":37.536238,
            "X":126.72075,
            "rank":17.0,
            "area_info":"19평(63.83)",
            "last_sales":"2021-10-05,19300.0,19평(63.83)"
        },
        {
            "index":484,
            "아파트명":"중앙공영",
            "투자타입":"재건축",
            "전용면적(m2)":"54.45",
            "전용면적(평)":"16평",
            "법정동주소":"인천시 계양구 효성동 293-1",
            "도로명주소":"인천시 계양구 봉오대로628번길 8",
            "세대수":0,
            "입주년차":"--",
            "용적률점수":80,
            "건폐율점수":80,
            "세대당주차수":"--",
            "난방방식":"--",
            "공급면적":50,
            "전용률":60,
            "욕실수":"--",
            "현관타입":"--",
            "주거총점":53.5,
            "지역구공급총점":0.0,
            "역세권":80,
            "30분내 이동가능 거점":0,
            "1시간내 이동가능 거점":0,
            "교통총점":40.0,
            "백화점":0,
            "아울렛몰":0,
            "대형마트":100,
            "은행":20,
            "병원":80,
            "종합병원":100,
            "공원":80,
            "혐오시설":0,
            "인프라총점":47.4,
            "초등학군":86.15,
            "중학군":35.8,
            "학군총점":45.87,
            "인구수":35.56,
            "인구증감":-5.28,
            "인구총점":23.308,
            "일자리":9.9,
            "소득수준":46.63,
            "일자리총점":20.919,
            "가치 총점":45.8005,
            "매매실거래년":20211108.0,
            "매매실거래가":22000.0,
            "전세실거래년":20200813.0,
            "전세실거래가":8000.0,
            "전세가율":53.69,
            "장기전세가율평균":70.92,
            "전세가율거품지수":17.23,
            "검색코드":2474,
            "세대수":168.0,
            "준공년월":"1989-11-07",
            "준공년차":34.0,
            "가까운역이름":"작전",
            "가까운역거리":422.77,
            "역세권여부":"역세권",
            "30분이내주요거점역":0,
            "1시간이내주요거점역":0,
            "3km이내백화점수":0,
            "5km이내아울렛몰수":0,
            "1km이내대형먀트수":2,
            "500m이내은행수":2,
            "500m이내병원수":30,
            "5km이내대형병원수":6,
            "500m이내공원수":1,
            "3km이내혐오시설수":0,
            "초등학교학업성취도":86.15,
            "중학교학업성취도":59.4,
            "용적률":152,
            "건폐율":28,
            "Y":37.529701,
            "X":126.717818,
            "rank":18.0,
            "area_info":"16평(54.45), 19평(65.06), 21평(72.43), 23평(76.13)",
            "last_sales":"2021-11-08,22000.0,23평(76.13)"
        },
        {
            "index":236,
            "아파트명":"용종마을중앙",
            "투자타입":"일반",
            "전용면적(m2)":"56.15",
            "전용면적(평)":"16평",
            "법정동주소":"인천시 계양구 용종동 214-2",
            "도로명주소":"인천시 계양구 계양문화로 141",
            "세대수":50,
            "입주년차":0,
            "용적률점수":"--",
            "건폐율점수":"--",
            "세대당주차수":30,
            "난방방식":100,
            "공급면적":"--",
            "전용률":"--",
            "욕실수":50,
            "현관타입":10,
            "주거총점":38.0,
            "지역구공급총점":0.0,
            "역세권":80,
            "30분내 이동가능 거점":0,
            "1시간내 이동가능 거점":0,
            "교통총점":40.0,
            "백화점":0,
            "아울렛몰":0,
            "대형마트":100,
            "은행":70,
            "병원":80,
            "종합병원":100,
            "공원":100,
            "혐오시설":0,
            "인프라총점":53.0,
            "초등학군":84.44,
            "중학군":48.04,
            "학군총점":55.32,
            "인구수":35.56,
            "인구증감":-5.28,
            "인구총점":23.308,
            "일자리":9.9,
            "소득수준":46.63,
            "일자리총점":20.919,
            "가치 총점":45.798,
            "매매실거래년":20211211.0,
            "매매실거래가":21250.0,
            "전세실거래년":20211124.0,
            "전세실거래가":15000.0,
            "전세가율":70.59,
            "장기전세가율평균":70.92,
            "전세가율거품지수":0.33,
            "검색코드":8536,
            "세대수":428.0,
            "준공년월":"1997-10-08",
            "준공년차":26.0,
            "가까운역이름":"임학",
            "가까운역거리":389.87,
            "역세권여부":"역세권",
            "30분이내주요거점역":0,
            "1시간이내주요거점역":0,
            "3km이내백화점수":0,
            "5km이내아울렛몰수":0,
            "1km이내대형먀트수":2,
            "500m이내은행수":4,
            "500m이내병원수":33,
            "5km이내대형병원수":5,
            "500m이내공원수":5,
            "3km이내혐오시설수":0,
            "초등학교학업성취도":84.44,
            "중학교학업성취도":77.0,
            "용적률":246,
            "건폐율":21,
            "Y":37.541801,
            "X":126.740299,
            "rank":19.0,
            "area_info":"16평(56.15), 31평(105.72)",
            "last_sales":"2021-12-11,21250.0,16평(56.15)"
        },
        {
            "index":366,
            "아파트명":"코오롱",
            "투자타입":"재건축",
            "전용면적(m2)":"64.9",
            "전용면적(평)":"19평",
            "법정동주소":"인천시 계양구 작전동 861-1",
            "도로명주소":"인천시 계양구 봉오대로691번길 4",
            "세대수":50,
            "입주년차":"--",
            "용적률점수":20,
            "건폐율점수":100,
            "세대당주차수":"--",
            "난방방식":"--",
            "공급면적":50,
            "전용률":80,
            "욕실수":"--",
            "현관타입":"--",
            "주거총점":49.5,
            "지역구공급총점":0.0,
            "역세권":80,
            "30분내 이동가능 거점":0,
            "1시간내 이동가능 거점":0,
            "교통총점":40.0,
            "백화점":0,
            "아울렛몰":0,
            "대형마트":100,
            "은행":20,
            "병원":60,
            "종합병원":100,
            "공원":100,
            "혐오시설":0,
            "인프라총점":46.0,
            "초등학군":87.44,
            "중학군":44.8,
            "학군총점":53.328,
            "인구수":35.56,
            "인구증감":-5.28,
            "인구총점":23.308,
            "일자리":9.9,
            "소득수준":46.63,
            "일자리총점":20.919,
            "가치 총점":45.6992,
            "매매실거래년":20220113.0,
            "매매실거래가":33000.0,
            "전세실거래년":20211207.0,
            "전세실거래가":20000.0,
            "전세가율":81.63,
            "장기전세가율평균":70.92,
            "전세가율거품지수":-10.71,
            "검색코드":2432,
            "세대수":480.0,
            "준공년월":"1989-10-17",
            "준공년차":34.0,
            "가까운역이름":"작전",
            "가까운역거리":387.82,
            "역세권여부":"역세권",
            "30분이내주요거점역":0,
            "1시간이내주요거점역":0,
            "3km이내백화점수":0,
            "5km이내아울렛몰수":0,
            "1km이내대형먀트수":3,
            "500m이내은행수":2,
            "500m이내병원수":24,
            "5km이내대형병원수":6,
            "500m이내공원수":2,
            "3km이내혐오시설수":0,
            "초등학교학업성취도":87.44,
            "중학교학업성취도":73.4,
            "용적률":217,
            "건폐율":16,
            "Y":37.531321,
            "X":126.726774,
            "rank":20.0,
            "area_info":"19평(64.9), 22평(75.35), 24평(80.92), 25평(83.13), 27평(90.55)",
            "last_sales":"2022-01-13,33000.0,24평(80.92)"
        },
        {
            "index":30,
            "아파트명":"동남(55-1)",
            "투자타입":"재건축",
            "전용면적(m2)":"56.68",
            "전용면적(평)":"17평",
            "법정동주소":"인천시 계양구 계산동 55-1",
            "도로명주소":"인천시 계양구 주부토로532번길 38",
            "세대수":30,
            "입주년차":"--",
            "용적률점수":60,
            "건폐율점수":60,
            "세대당주차수":"--",
            "난방방식":"--",
            "공급면적":50,
            "전용률":60,
            "욕실수":"--",
            "현관타입":"--",
            "주거총점":50.5,
            "지역구공급총점":0.0,
            "역세권":80,
            "30분내 이동가능 거점":0,
            "1시간내 이동가능 거점":0,
            "교통총점":40.0,
            "백화점":0,
            "아울렛몰":0,
            "대형마트":100,
            "은행":20,
            "병원":80,
            "종합병원":100,
            "공원":100,
            "혐오시설":0,
            "인프라총점":48.0,
            "초등학군":82.29,
            "중학군":37.1,
            "학군총점":46.138,
            "인구수":35.56,
            "인구증감":-5.28,
            "인구총점":23.308,
            "일자리":9.9,
            "소득수준":46.63,
            "일자리총점":20.919,
            "가치 총점":45.4207,
            "매매실거래년":20211009.0,
            "매매실거래가":20400.0,
            "전세실거래년":20211217.0,
            "전세실거래가":11500.0,
            "전세가율":56.37,
            "장기전세가율평균":70.92,
            "전세가율거품지수":14.55,
            "검색코드":8524,
            "세대수":336.0,
            "준공년월":"1990-07-09",
            "준공년차":33.0,
            "가까운역이름":"계산",
            "가까운역거리":453.65,
            "역세권여부":"역세권",
            "30분이내주요거점역":0,
            "1시간이내주요거점역":0,
            "3km이내백화점수":0,
            "5km이내아울렛몰수":0,
            "1km이내대형먀트수":2,
            "500m이내은행수":2,
            "500m이내병원수":47,
            "5km이내대형병원수":5,
            "500m이내공원수":3,
            "3km이내혐오시설수":0,
            "초등학교학업성취도":82.29,
            "중학교학업성취도":60.7,
            "용적률":187,
            "건폐율":31,
            "Y":37.540212,
            "X":126.731579,
            "rank":21.0,
            "area_info":"17평(56.68), 21평(70.61), 22평(73.79), 24평(80.3)",
            "last_sales":"2021-10-09,20400.0,17평(56.68)"
        },
        {
            "index":328,
            "아파트명":"삼천리",
            "투자타입":"재건축",
            "전용면적(m2)":"48.33",
            "전용면적(평)":"14평",
            "법정동주소":"인천시 계양구 작전동 34-5",
            "도로명주소":"인천시 계양구 주부토로 470",
            "세대수":50,
            "입주년차":"--",
            "용적률점수":100,
            "건폐율점수":80,
            "세대당주차수":"--",
            "난방방식":"--",
            "공급면적":50,
            "전용률":60,
            "욕실수":"--",
            "현관타입":"--",
            "주거총점":76.5,
            "지역구공급총점":0.0,
            "역세권":50,
            "30분내 이동가능 거점":0,
            "1시간내 이동가능 거점":0,
            "교통총점":25.0,
            "백화점":0,
            "아울렛몰":0,
            "대형마트":100,
            "은행":0,
            "병원":60,
            "종합병원":100,
            "공원":100,
            "혐오시설":0,
            "인프라총점":44.0,
            "초등학군":87.44,
            "중학군":44.8,
            "학군총점":53.328,
            "인구수":35.56,
            "인구증감":-5.28,
            "인구총점":23.308,
            "일자리":9.9,
            "소득수준":46.63,
            "일자리총점":20.919,
            "가치 총점":45.2492,
            "매매실거래년":20211126.0,
            "매매실거래가":20000.0,
            "전세실거래년":20211004.0,
            "전세실거래가":5775.0,
            "전세가율":28.88,
            "장기전세가율평균":70.92,
            "전세가율거품지수":42.04,
            "검색코드":2430,
            "세대수":540.0,
            "준공년월":"1988-12-26",
            "준공년차":35.0,
            "가까운역이름":"경인교대입구",
            "가까운역거리":669.2,
            "역세권여부":"준역세권",
            "30분이내주요거점역":0,
            "1시간이내주요거점역":0,
            "3km이내백화점수":0,
            "5km이내아울렛몰수":0,
            "1km이내대형먀트수":4,
            "500m이내은행수":0,
            "500m이내병원수":11,
            "5km이내대형병원수":5,
            "500m이내공원수":3,
            "3km이내혐오시설수":0,
            "초등학교학업성취도":87.44,
            "중학교학업성취도":73.4,
            "용적률":134,
            "건폐율":23,
            "Y":37.535666,
            "X":126.729506,
            "rank":22.0,
            "area_info":"14평(48.33), 16평(54.8), 17평(58.56), 19평(64.95)",
            "last_sales":"2021-11-26,20000.0,14평(48.33)"
        },
        {
            "index":56,
            "아파트명":"삼환1차",
            "투자타입":"재건축",
            "전용면적(m2)":"70.39",
            "전용면적(평)":"21평",
            "법정동주소":"인천시 계양구 계산동 930",
            "도로명주소":"인천시 계양구 하느재로 15",
            "세대수":0,
            "입주년차":"--",
            "용적률점수":80,
            "건폐율점수":80,
            "세대당주차수":"--",
            "난방방식":"--",
            "공급면적":50,
            "전용률":80,
            "욕실수":"--",
            "현관타입":"--",
            "주거총점":54.5,
            "지역구공급총점":0.0,
            "역세권":80,
            "30분내 이동가능 거점":0,
            "1시간내 이동가능 거점":0,
            "교통총점":40.0,
            "백화점":0,
            "아울렛몰":0,
            "대형마트":80,
            "은행":0,
            "병원":80,
            "종합병원":100,
            "공원":100,
            "혐오시설":0,
            "인프라총점":43.0,
            "초등학군":85.85,
            "중학군":40.4,
            "학군총점":49.49,
            "인구수":35.56,
            "인구증감":-5.28,
            "인구총점":23.308,
            "일자리":9.9,
            "소득수준":46.63,
            "일자리총점":20.919,
            "가치 총점":45.2235,
            "매매실거래년":20211129.0,
            "매매실거래가":23500.0,
            "전세실거래년":20210616.0,
            "전세실거래가":15000.0,
            "전세가율":63.83,
            "장기전세가율평균":70.92,
            "전세가율거품지수":7.09,
            "검색코드":8515,
            "세대수":276.0,
            "준공년월":"1989-12-16",
            "준공년차":34.0,
            "가까운역이름":"계산",
            "가까운역거리":388.14,
            "역세권여부":"역세권",
            "30분이내주요거점역":0,
            "1시간이내주요거점역":0,
            "3km이내백화점수":0,
            "5km이내아울렛몰수":0,
            "1km이내대형먀트수":1,
            "500m이내은행수":1,
            "500m이내병원수":34,
            "5km이내대형병원수":4,
            "500m이내공원수":5,
            "3km이내혐오시설수":0,
            "초등학교학업성취도":85.85,
            "중학교학업성취도":64.6,
            "용적률":152,
            "건폐율":28,
            "Y":37.54503,
            "X":126.72435,
            "rank":23.0,
            "area_info":"21평(70.39), 23평(79.22), 26평(87.76)",
            "last_sales":"2021-11-29,23500.0,21평(70.39)"
        },
        {
            "index":197,
            "아파트명":"신명진달래1차",
            "투자타입":"재건축",
            "전용면적(m2)":"49.78",
            "전용면적(평)":"15평",
            "법정동주소":"인천시 계양구 병방동 383",
            "도로명주소":"인천시 계양구 병방시장로61번길 4",
            "세대수":0,
            "입주년차":"--",
            "용적률점수":80,
            "건폐율점수":60,
            "세대당주차수":"--",
            "난방방식":"--",
            "공급면적":50,
            "전용률":80,
            "욕실수":"--",
            "현관타입":"--",
            "주거총점":50.5,
            "지역구공급총점":0.0,
            "역세권":80,
            "30분내 이동가능 거점":0,
            "1시간내 이동가능 거점":0,
            "교통총점":40.0,
            "백화점":0,
            "아울렛몰":0,
            "대형마트":80,
            "은행":0,
            "병원":80,
            "종합병원":100,
            "공원":100,
            "혐오시설":0,
            "인프라총점":43.0,
            "초등학군":78.91,
            "중학군":48.04,
            "학군총점":54.214,
            "인구수":35.56,
            "인구증감":-5.28,
            "인구총점":23.308,
            "일자리":9.9,
            "소득수준":46.63,
            "일자리총점":20.919,
            "가치 총점":45.1321,
            "매매실거래년":20211022.0,
            "매매실거래가":22000.0,
            "전세실거래년":20211208.0,
            "전세실거래가":10000.0,
            "전세가율":64.52,
            "장기전세가율평균":70.92,
            "전세가율거품지수":6.4,
            "검색코드":8252,
            "세대수":258.0,
            "준공년월":"1988-12-16",
            "준공년차":35.0,
            "가까운역이름":"임학",
            "가까운역거리":397.14,
            "역세권여부":"역세권",
            "30분이내주요거점역":0,
            "1시간이내주요거점역":0,
            "3km이내백화점수":0,
            "5km이내아울렛몰수":0,
            "1km이내대형먀트수":1,
            "500m이내은행수":1,
            "500m이내병원수":35,
            "5km이내대형병원수":5,
            "500m이내공원수":4,
            "3km이내혐오시설수":0,
            "초등학교학업성취도":78.91,
            "중학교학업성취도":77.0,
            "용적률":176,
            "건폐율":33,
            "Y":37.548625,
            "X":126.738916,
            "rank":24.0,
            "area_info":"15평(49.78), 18평(61.95), 25평(85.0)",
            "last_sales":"2021-10-22,22000.0,18평(61.95)"
        },
        {
            "index":204,
            "아파트명":"진달래2차",
            "투자타입":"재건축",
            "전용면적(m2)":"52.62",
            "전용면적(평)":"15평",
            "법정동주소":"인천시 계양구 병방동 380",
            "도로명주소":"인천시 계양구 병방시장로61번길 12",
            "세대수":0,
            "입주년차":"--",
            "용적률점수":80,
            "건폐율점수":60,
            "세대당주차수":"--",
            "난방방식":"--",
            "공급면적":50,
            "전용률":60,
            "욕실수":"--",
            "현관타입":"--",
            "주거총점":49.5,
            "지역구공급총점":0.0,
            "역세권":80,
            "30분내 이동가능 거점":0,
            "1시간내 이동가능 거점":0,
            "교통총점":40.0,
            "백화점":0,
            "아울렛몰":0,
            "대형마트":80,
            "은행":0,
            "병원":80,
            "종합병원":100,
            "공원":100,
            "혐오시설":0,
            "인프라총점":43.0,
            "초등학군":78.91,
            "중학군":48.04,
            "학군총점":54.214,
            "인구수":35.56,
            "인구증감":-5.28,
            "인구총점":23.308,
            "일자리":9.9,
            "소득수준":46.63,
            "일자리총점":20.919,
            "가치 총점":44.9321,
            "매매실거래년":20211213.0,
            "매매실거래가":17000.0,
            "전세실거래년":20211225.0,
            "전세실거래가":8500.0,
            "전세가율":50.0,
            "장기전세가율평균":70.92,
            "전세가율거품지수":20.92,
            "검색코드":8253,
            "세대수":204.0,
            "준공년월":"1989-08-12",
            "준공년차":34.0,
            "가까운역이름":"임학",
            "가까운역거리":450.21,
            "역세권여부":"역세권",
            "30분이내주요거점역":0,
            "1시간이내주요거점역":0,
            "3km이내백화점수":0,
            "5km이내아울렛몰수":0,
            "1km이내대형먀트수":1,
            "500m이내은행수":1,
            "500m이내병원수":35,
            "5km이내대형병원수":5,
            "500m이내공원수":3,
            "3km이내혐오시설수":0,
            "초등학교학업성취도":78.91,
            "중학교학업성취도":77.0,
            "용적률":171,
            "건폐율":30,
            "Y":37.549046,
            "X":126.739554,
            "rank":25.0,
            "area_info":"15평(52.62), 18평(61.95)",
            "last_sales":"2021-12-13,17000.0,15평(52.62)"
        },
        {
            "index":340,
            "아파트명":"우남푸르미아",
            "투자타입":"일반",
            "전용면적(m2)":"74.79",
            "전용면적(평)":"22평",
            "법정동주소":"인천시 계양구 작전동 863-17",
            "도로명주소":"인천시 계양구 봉오대로 671",
            "세대수":0,
            "입주년차":40,
            "용적률점수":"--",
            "건폐율점수":"--",
            "세대당주차수":30,
            "난방방식":30,
            "공급면적":"--",
            "전용률":"--",
            "욕실수":100,
            "현관타입":100,
            "주거총점":35.5,
            "지역구공급총점":0.0,
            "역세권":80,
            "30분내 이동가능 거점":0,
            "1시간내 이동가능 거점":0,
            "교통총점":40.0,
            "백화점":0,
            "아울렛몰":0,
            "대형마트":100,
            "은행":70,
            "병원":80,
            "종합병원":100,
            "공원":80,
            "혐오시설":0,
            "인프라총점":52.4,
            "초등학군":84.83,
            "중학군":44.8,
            "학군총점":52.806,
            "인구수":35.56,
            "인구증감":-5.28,
            "인구총점":23.308,
            "일자리":9.9,
            "소득수준":46.63,
            "일자리총점":20.919,
            "가치 총점":44.7409,
            "매매실거래년":20200723.0,
            "매매실거래가":32700.0,
            "전세실거래년":20210304.0,
            "전세실거래가":27000.0,
            "전세가율":96.43,
            "장기전세가율평균":70.92,
            "전세가율거품지수":-25.51,
            "검색코드":25224,
            "세대수":117.0,
            "준공년월":"2006-10-12",
            "준공년차":17.0,
            "가까운역이름":"작전",
            "가까운역거리":111.83,
            "역세권여부":"역세권",
            "30분이내주요거점역":0,
            "1시간이내주요거점역":0,
            "3km이내백화점수":0,
            "5km이내아울렛몰수":0,
            "1km이내대형먀트수":2,
            "500m이내은행수":3,
            "500m이내병원수":37,
            "5km이내대형병원수":5,
            "500m이내공원수":1,
            "3km이내혐오시설수":0,
            "초등학교학업성취도":84.83,
            "중학교학업성취도":73.4,
            "용적률":337,
            "건폐율":35,
            "Y":37.531149,
            "X":126.723394,
            "rank":26.0,
            "area_info":"22평(74.79), 31평(104.73), 31평(105.3), 31평(105.47), 31평(105.19)",
            "last_sales":"2020-07-23,32700.0,31평(105.19)"
        },
        {
            "index":246,
            "아파트명":"초정마을동아",
            "투자타입":"일반",
            "전용면적(m2)":"120.36",
            "전용면적(평)":"36평",
            "법정동주소":"인천시 계양구 용종동 213-3",
            "도로명주소":"인천시 계양구 계산새로 109",
            "세대수":50,
            "입주년차":0,
            "용적률점수":"--",
            "건폐율점수":"--",
            "세대당주차수":60,
            "난방방식":100,
            "공급면적":"--",
            "전용률":"--",
            "욕실수":100,
            "현관타입":100,
            "주거총점":56.5,
            "지역구공급총점":0.0,
            "역세권":50,
            "30분내 이동가능 거점":0,
            "1시간내 이동가능 거점":0,
            "교통총점":25.0,
            "백화점":0,
            "아울렛몰":0,
            "대형마트":100,
            "은행":70,
            "병원":80,
            "종합병원":100,
            "공원":100,
            "혐오시설":0,
            "인프라총점":53.0,
            "초등학군":89.87,
            "중학군":50.0,
            "학군총점":57.974,
            "인구수":35.56,
            "인구증감":-5.28,
            "인구총점":23.308,
            "일자리":9.9,
            "소득수준":46.63,
            "일자리총점":20.919,
            "가치 총점":44.6461,
            "매매실거래년":20211202.0,
            "매매실거래가":71500.0,
            "전세실거래년":20220110.0,
            "전세실거래가":38000.0,
            "전세가율":69.09,
            "장기전세가율평균":70.92,
            "전세가율거품지수":1.83,
            "검색코드":2410,
            "세대수":616.0,
            "준공년월":"1998-01-06",
            "준공년차":25.0,
            "가까운역이름":"임학",
            "가까운역거리":723.69,
            "역세권여부":"준역세권",
            "30분이내주요거점역":0,
            "1시간이내주요거점역":0,
            "3km이내백화점수":0,
            "5km이내아울렛몰수":0,
            "1km이내대형먀트수":3,
            "500m이내은행수":3,
            "500m이내병원수":42,
            "5km이내대형병원수":5,
            "500m이내공원수":6,
            "3km이내혐오시설수":0,
            "초등학교학업성취도":89.87,
            "중학교학업성취도":79.4,
            "용적률":0,
            "건폐율":0,
            "Y":37.53871,
            "X":126.74047,
            "rank":27.0,
            "area_info":"36평(120.36), 46평(155.05)",
            "last_sales":"2021-12-02,71500.0,46평(155.05)"
        },
        {
            "index":90,
            "아파트명":"은행마을삼보",
            "투자타입":"일반",
            "전용면적(m2)":"115.11",
            "전용면적(평)":"34평",
            "법정동주소":"인천시 계양구 계산동 1084-2",
            "도로명주소":"인천시 계양구 계산새로 108",
            "세대수":50,
            "입주년차":0,
            "용적률점수":"--",
            "건폐율점수":"--",
            "세대당주차수":60,
            "난방방식":100,
            "공급면적":"--",
            "전용률":"--",
            "욕실수":100,
            "현관타입":100,
            "주거총점":56.5,
            "지역구공급총점":0.0,
            "역세권":50,
            "30분내 이동가능 거점":0,
            "1시간내 이동가능 거점":0,
            "교통총점":25.0,
            "백화점":0,
            "아울렛몰":0,
            "대형마트":100,
            "은행":70,
            "병원":80,
            "종합병원":100,
            "공원":100,
            "혐오시설":0,
            "인프라총점":53.0,
            "초등학군":89.0,
            "중학군":50.0,
            "학군총점":57.8,
            "인구수":35.56,
            "인구증감":-5.28,
            "인구총점":23.308,
            "일자리":9.9,
            "소득수준":46.63,
            "일자리총점":20.919,
            "가치 총점":44.62,
            "매매실거래년":20211113.0,
            "매매실거래가":55000.0,
            "전세실거래년":20210830.0,
            "전세실거래가":23100.0,
            "전세가율":42.0,
            "장기전세가율평균":70.92,
            "전세가율거품지수":28.92,
            "검색코드":2255,
            "세대수":436.0,
            "준공년월":"1997-07-25",
            "준공년차":26.0,
            "가까운역이름":"임학",
            "가까운역거리":928.47,
            "역세권여부":"준역세권",
            "30분이내주요거점역":0,
            "1시간이내주요거점역":0,
            "3km이내백화점수":0,
            "5km이내아울렛몰수":0,
            "1km이내대형먀트수":3,
            "500m이내은행수":4,
            "500m이내병원수":34,
            "5km이내대형병원수":5,
            "500m이내공원수":6,
            "3km이내혐오시설수":0,
            "초등학교학업성취도":89.0,
            "중학교학업성취도":79.4,
            "용적률":249,
            "건폐율":15,
            "Y":37.536877,
            "X":126.740766,
            "rank":28.0,
            "area_info":"34평(115.11), 38평(128.09), 43평(142.23)",
            "last_sales":"2021-11-13,55000.0,34평(115.11)"
        },
        {
            "index":70,
            "아파트명":"서해그린3차",
            "투자타입":"재건축",
            "전용면적(m2)":"76.81",
            "전용면적(평)":"23평",
            "법정동주소":"인천시 계양구 계산동 954-30",
            "도로명주소":"인천시 계양구 주부토로501번길 26",
            "세대수":50,
            "입주년차":"--",
            "용적률점수":20,
            "건폐율점수":40,
            "세대당주차수":"--",
            "난방방식":"--",
            "공급면적":50,
            "전용률":60,
            "욕실수":"--",
            "현관타입":"--",
            "주거총점":36.5,
            "지역구공급총점":0.0,
            "역세권":80,
            "30분내 이동가능 거점":0,
            "1시간내 이동가능 거점":0,
            "교통총점":40.0,
            "백화점":0,
            "아울렛몰":0,
            "대형마트":100,
            "은행":70,
            "병원":80,
            "종합병원":100,
            "공원":100,
            "혐오시설":0,
            "인프라총점":53.0,
            "초등학군":85.85,
            "중학군":37.1,
            "학군총점":46.85,
            "인구수":35.56,
            "인구증감":-5.28,
            "인구총점":23.308,
            "일자리":9.9,
            "소득수준":46.63,
            "일자리총점":20.919,
            "가치 총점":44.2275,
            "매매실거래년":20210909.0,
            "매매실거래가":29700.0,
            "전세실거래년":20211213.0,
            "전세실거래가":12500.0,
            "전세가율":67.93,
            "장기전세가율평균":70.92,
            "전세가율거품지수":2.99,
            "검색코드":10672,
            "세대수":498.0,
            "준공년월":"1991-08-09",
            "준공년차":32.0,
            "가까운역이름":"계산",
            "가까운역거리":354.13,
            "역세권여부":"역세권",
            "30분이내주요거점역":0,
            "1시간이내주요거점역":0,
            "3km이내백화점수":0,
            "5km이내아울렛몰수":0,
            "1km이내대형먀트수":3,
            "500m이내은행수":3,
            "500m이내병원수":57,
            "5km이내대형병원수":5,
            "500m이내공원수":2,
            "3km이내혐오시설수":0,
            "초등학교학업성취도":85.85,
            "중학교학업성취도":60.7,
            "용적률":206,
            "건폐율":35,
            "Y":37.540557,
            "X":126.72596,
            "rank":29.0,
            "area_info":"23평(76.81), 24평(79.66), 26평(87.1), 30평(100.62), 31평(102.81)",
            "last_sales":"2021-09-09,29700.0,30평(100.62)"
        },
        {
            "index":39,
            "아파트명":"동남(975-8)",
            "투자타입":"재건축",
            "전용면적(m2)":"53.76",
            "전용면적(평)":"16평",
            "법정동주소":"인천시 계양구 계산동 975-8",
            "도로명주소":"인천시 계양구 향교로 23",
            "세대수":0,
            "입주년차":"--",
            "용적률점수":80,
            "건폐율점수":60,
            "세대당주차수":"--",
            "난방방식":"--",
            "공급면적":50,
            "전용률":60,
            "욕실수":"--",
            "현관타입":"--",
            "주거총점":49.5,
            "지역구공급총점":0.0,
            "역세권":80,
            "30분내 이동가능 거점":0,
            "1시간내 이동가능 거점":0,
            "교통총점":40.0,
            "백화점":0,
            "아울렛몰":0,
            "대형마트":80,
            "은행":20,
            "병원":60,
            "종합병원":100,
            "공원":100,
            "혐오시설":0,
            "인프라총점":43.0,
            "초등학군":82.49,
            "중학군":40.4,
            "학군총점":48.818,
            "인구수":35.56,
            "인구증감":-5.28,
            "인구총점":23.308,
            "일자리":9.9,
            "소득수준":46.63,
            "일자리총점":20.919,
            "가치 총점":44.1227,
            "매매실거래년":20211118.0,
            "매매실거래가":16500.0,
            "전세실거래년":20200208.0,
            "전세실거래가":7000.0,
            "전세가율":63.64,
            "장기전세가율평균":70.92,
            "전세가율거품지수":7.28,
            "검색코드":8506,
            "세대수":100.0,
            "준공년월":"1987-05-21",
            "준공년차":36.0,
            "가까운역이름":"경인교대입구",
            "가까운역거리":284.48,
            "역세권여부":"역세권",
            "30분이내주요거점역":0,
            "1시간이내주요거점역":0,
            "3km이내백화점수":0,
            "5km이내아울렛몰수":0,
            "1km이내대형먀트수":1,
            "500m이내은행수":2,
            "500m이내병원수":29,
            "5km이내대형병원수":4,
            "500m이내공원수":2,
            "3km이내혐오시설수":0,
            "초등학교학업성취도":82.49,
            "중학교학업성취도":64.6,
            "용적률":157,
            "건폐율":31,
            "Y":37.540248,
            "X":126.720738,
            "rank":30.0,
            "area_info":"16평(53.76), 17평(57.42), 18평(62.29)",
            "last_sales":"2021-11-18,16500.0,18평(62.29)"
        },
        {
            "index":289,
            "아파트명":"미도",
            "투자타입":"재건축",
            "전용면적(m2)":"80.28",
            "전용면적(평)":"24평",
            "법정동주소":"인천시 계양구 작전동 420",
            "도로명주소":"인천시 계양구 아나지로299번길 17",
            "세대수":50,
            "입주년차":"--",
            "용적률점수":0,
            "건폐율점수":80,
            "세대당주차수":"--",
            "난방방식":"--",
            "공급면적":50,
            "전용률":60,
            "욕실수":"--",
            "현관타입":"--",
            "주거총점":36.5,
            "지역구공급총점":0.0,
            "역세권":80,
            "30분내 이동가능 거점":0,
            "1시간내 이동가능 거점":0,
            "교통총점":40.0,
            "백화점":0,
            "아울렛몰":0,
            "대형마트":80,
            "은행":70,
            "병원":80,
            "종합병원":100,
            "공원":80,
            "혐오시설":0,
            "인프라총점":49.4,
            "초등학군":84.83,
            "중학군":44.8,
            "학군총점":52.806,
            "인구수":35.56,
            "인구증감":-5.28,
            "인구총점":23.308,
            "일자리":9.9,
            "소득수준":46.63,
            "일자리총점":20.919,
            "가치 총점":44.0409,
            "매매실거래년":20211231.0,
            "매매실거래가":27700.0,
            "전세실거래년":20211012.0,
            "전세실거래가":20000.0,
            "전세가율":72.2,
            "장기전세가율평균":70.92,
            "전세가율거품지수":-1.28,
            "검색코드":2428,
            "세대수":480.0,
            "준공년월":"1990-11-19",
            "준공년차":33.0,
            "가까운역이름":"작전",
            "가까운역거리":358.37,
            "역세권여부":"역세권",
            "30분이내주요거점역":0,
            "1시간이내주요거점역":0,
            "3km이내백화점수":0,
            "5km이내아울렛몰수":0,
            "1km이내대형먀트수":1,
            "500m이내은행수":4,
            "500m이내병원수":39,
            "5km이내대형병원수":7,
            "500m이내공원수":1,
            "3km이내혐오시설수":0,
            "초등학교학업성취도":84.83,
            "중학교학업성취도":73.4,
            "용적률":298,
            "건폐율":21,
            "Y":37.527463,
            "X":126.724158,
            "rank":31.0,
            "area_info":"24평(80.28), 27평(91.34), 29평(97.93), 30평(101.22), 30평(102.25)",
            "last_sales":"2021-12-31,27700.0,24평(80.28)"
        },
        {
            "index":23,
            "아파트명":"극동",
            "투자타입":"재건축",
            "전용면적(m2)":"48.42",
            "전용면적(평)":"14평",
            "법정동주소":"인천시 계양구 계산동 899",
            "도로명주소":"인천시 계양구 하느재로19번길 8",
            "세대수":50,
            "입주년차":"--",
            "용적률점수":100,
            "건폐율점수":80,
            "세대당주차수":"--",
            "난방방식":"--",
            "공급면적":50,
            "전용률":60,
            "욕실수":"--",
            "현관타입":"--",
            "주거총점":76.5,
            "지역구공급총점":0.0,
            "역세권":50,
            "30분내 이동가능 거점":0,
            "1시간내 이동가능 거점":0,
            "교통총점":25.0,
            "백화점":0,
            "아울렛몰":0,
            "대형마트":80,
            "은행":0,
            "병원":60,
            "종합병원":100,
            "공원":100,
            "혐오시설":0,
            "인프라총점":41.0,
            "초등학군":85.85,
            "중학군":40.4,
            "학군총점":49.49,
            "인구수":35.56,
            "인구증감":-5.28,
            "인구총점":23.308,
            "일자리":9.9,
            "소득수준":46.63,
            "일자리총점":20.919,
            "가치 총점":43.7735,
            "매매실거래년":20210827.0,
            "매매실거래가":40500.0,
            "전세실거래년":20211104.0,
            "전세실거래가":10000.0,
            "전세가율":50.25,
            "장기전세가율평균":70.92,
            "전세가율거품지수":20.67,
            "검색코드":2253,
            "세대수":630.0,
            "준공년월":"1985-07-04",
            "준공년차":38.0,
            "가까운역이름":"계산",
            "가까운역거리":513.7,
            "역세권여부":"준역세권",
            "30분이내주요거점역":0,
            "1시간이내주요거점역":0,
            "3km이내백화점수":0,
            "5km이내아울렛몰수":0,
            "1km이내대형먀트수":1,
            "500m이내은행수":1,
            "500m이내병원수":26,
            "5km이내대형병원수":4,
            "500m이내공원수":5,
            "3km이내혐오시설수":0,
            "초등학교학업성취도":85.85,
            "중학교학업성취도":64.6,
            "용적률":118,
            "건폐율":24,
            "Y":37.546519,
            "X":126.724026,
            "rank":32.0,
            "area_info":"14평(48.42), 19평(64.17), 21평(71.1), 26평(87.74), 30평(101.61)",
            "last_sales":"2021-08-27,40500.0,26평(87.74)"
        },
        {
            "index":110,
            "아파트명":"태산",
            "투자타입":"재건축",
            "전용면적(m2)":"55.11",
            "전용면적(평)":"16평",
            "법정동주소":"인천시 계양구 계산동 36",
            "도로명주소":"인천시 계양구 계산새로33번길 26",
            "세대수":50,
            "입주년차":"--",
            "용적률점수":60,
            "건폐율점수":60,
            "세대당주차수":"--",
            "난방방식":"--",
            "공급면적":50,
            "전용률":60,
            "욕실수":"--",
            "현관타입":"--",
            "주거총점":56.5,
            "지역구공급총점":0.0,
            "역세권":50,
            "30분내 이동가능 거점":0,
            "1시간내 이동가능 거점":0,
            "교통총점":25.0,
            "백화점":0,
            "아울렛몰":0,
            "대형마트":100,
            "은행":100,
            "병원":80,
            "종합병원":100,
            "공원":100,
            "혐오시설":0,
            "인프라총점":56.0,
            "초등학군":82.29,
            "중학군":37.1,
            "학군총점":46.138,
            "인구수":35.56,
            "인구증감":-5.28,
            "인구총점":23.308,
            "일자리":9.9,
            "소득수준":46.63,
            "일자리총점":20.919,
            "가치 총점":43.7707,
            "매매실거래년":20211109.0,
            "매매실거래가":19000.0,
            "전세실거래년":20211227.0,
            "전세실거래가":9000.0,
            "전세가율":47.37,
            "장기전세가율평균":70.92,
            "전세가율거품지수":23.55,
            "검색코드":8450,
            "세대수":408.0,
            "준공년월":"1990-07-20",
            "준공년차":33.0,
            "가까운역이름":"계산",
            "가까운역거리":586.66,
            "역세권여부":"준역세권",
            "30분이내주요거점역":0,
            "1시간이내주요거점역":0,
            "3km이내백화점수":0,
            "5km이내아울렛몰수":0,
            "1km이내대형먀트수":2,
            "500m이내은행수":5,
            "500m이내병원수":49,
            "5km이내대형병원수":5,
            "500m이내공원수":3,
            "3km이내혐오시설수":0,
            "초등학교학업성취도":82.29,
            "중학교학업성취도":60.7,
            "용적률":186,
            "건폐율":32,
            "Y":37.54033,
            "X":126.73368,
            "rank":33.0,
            "area_info":"16평(55.11), 16평(55.08), 17평(58.51), 18평(59.6), 21평(69.57)",
            "last_sales":"2021-11-09,19000.0,16평(55.11)"
        },
        {
            "index":294,
            "아파트명":"미림",
            "투자타입":"재건축",
            "전용면적(m2)":"50.62",
            "전용면적(평)":"15평",
            "법정동주소":"인천시 계양구 작전동 853",
            "도로명주소":"인천시 계양구 계양대로119번길 11",
            "세대수":0,
            "입주년차":"--",
            "용적률점수":80,
            "건폐율점수":60,
            "세대당주차수":"--",
            "난방방식":"--",
            "공급면적":50,
            "전용률":80,
            "욕실수":"--",
            "현관타입":"--",
            "주거총점":50.5,
            "지역구공급총점":0.0,
            "역세권":80,
            "30분내 이동가능 거점":0,
            "1시간내 이동가능 거점":0,
            "교통총점":40.0,
            "백화점":0,
            "아울렛몰":0,
            "대형마트":80,
            "은행":20,
            "병원":60,
            "종합병원":100,
            "공원":80,
            "혐오시설":0,
            "인프라총점":42.4,
            "초등학군":88.41,
            "중학군":35.8,
            "학군총점":46.322,
            "인구수":35.56,
            "인구증감":-5.28,
            "인구총점":23.308,
            "일자리":9.9,
            "소득수준":46.63,
            "일자리총점":20.919,
            "가치 총점":43.7683,
            "매매실거래년":20211218.0,
            "매매실거래가":10800.0,
            "전세실거래년":20211025.0,
            "전세실거래가":11000.0,
            "전세가율":101.85,
            "장기전세가율평균":70.92,
            "전세가율거품지수":-30.93,
            "검색코드":9238,
            "세대수":180.0,
            "준공년월":"1983-12-21",
            "준공년차":40.0,
            "가까운역이름":"경인교대입구",
            "가까운역거리":354.09,
            "역세권여부":"역세권",
            "30분이내주요거점역":0,
            "1시간이내주요거점역":0,
            "3km이내백화점수":0,
            "5km이내아울렛몰수":0,
            "1km이내대형먀트수":1,
            "500m이내은행수":2,
            "500m이내병원수":18,
            "5km이내대형병원수":5,
            "500m이내공원수":1,
            "3km이내혐오시설수":0,
            "초등학교학업성취도":88.41,
            "중학교학업성취도":59.4,
            "용적률":152,
            "건폐율":30,
            "Y":37.53511,
            "X":126.72143,
            "rank":34.0,
            "area_info":"15평(50.62), 16평(53.98), 16평(53.29), 17평(56.62), 17평(57.37), 18평(59.81), 18평(62.01), 19평(63.64), 20평(68.59), 21평(71.16)",
            "last_sales":"2021-12-18,10800.0,15평(50.62)"
        },
        {
            "index":119,
            "아파트명":"팬더(857-3)",
            "투자타입":"재건축",
            "전용면적(m2)":"48.15",
            "전용면적(평)":"14평",
            "법정동주소":"인천시 계양구 계산동 857-3",
            "도로명주소":"인천시 계양구 계산로 50-1",
            "세대수":0,
            "입주년차":"--",
            "용적률점수":80,
            "건폐율점수":80,
            "세대당주차수":"--",
            "난방방식":"--",
            "공급면적":50,
            "전용률":80,
            "욕실수":"--",
            "현관타입":"--",
            "주거총점":54.5,
            "지역구공급총점":0.0,
            "역세권":80,
            "30분내 이동가능 거점":0,
            "1시간내 이동가능 거점":0,
            "교통총점":40.0,
            "백화점":0,
            "아울렛몰":0,
            "대형마트":80,
            "은행":0,
            "병원":30,
            "종합병원":100,
            "공원":100,
            "혐오시설":0,
            "인프라총점":38.0,
            "초등학군":82.49,
            "중학군":40.4,
            "학군총점":48.818,
            "인구수":35.56,
            "인구증감":-5.28,
            "인구총점":23.308,
            "일자리":9.9,
            "소득수준":46.63,
            "일자리총점":20.919,
            "가치 총점":43.6227,
            "매매실거래년":20211109.0,
            "매매실거래가":12870.0,
            "전세실거래년":20211223.0,
            "전세실거래가":9000.0,
            "전세가율":69.93,
            "장기전세가율평균":70.92,
            "전세가율거품지수":0.99,
            "검색코드":2264,
            "세대수":126.0,
            "준공년월":"1987-10-13",
            "준공년차":36.0,
            "가까운역이름":"경인교대입구",
            "가까운역거리":427.15,
            "역세권여부":"역세권",
            "30분이내주요거점역":0,
            "1시간이내주요거점역":0,
            "3km이내백화점수":0,
            "5km이내아울렛몰수":0,
            "1km이내대형먀트수":1,
            "500m이내은행수":1,
            "500m이내병원수":9,
            "5km이내대형병원수":4,
            "500m이내공원수":2,
            "3km이내혐오시설수":0,
            "초등학교학업성취도":82.49,
            "중학교학업성취도":64.6,
            "용적률":156,
            "건폐율":26,
            "Y":37.538892,
            "X":126.717842,
            "rank":35.0,
            "area_info":"14평(48.15)",
            "last_sales":"2021-11-09,12870.0,14평(48.15)"
        },
        {
            "index":353,
            "아파트명":"작전역서해그랑블",
            "투자타입":"일반",
            "전용면적(m2)":"65.97",
            "전용면적(평)":"19평",
            "법정동주소":"인천시 계양구 작전동 949",
            "도로명주소":"인천시 계양구 아나지로247번길 22",
            "세대수":0,
            "입주년차":100,
            "용적률점수":"--",
            "건폐율점수":"--",
            "세대당주차수":0,
            "난방방식":30,
            "공급면적":"--",
            "전용률":"--",
            "욕실수":50,
            "현관타입":100,
            "주거총점":38.0,
            "지역구공급총점":0.0,
            "역세권":80,
            "30분내 이동가능 거점":0,
            "1시간내 이동가능 거점":0,
            "교통총점":40.0,
            "백화점":0,
            "아울렛몰":0,
            "대형마트":80,
            "은행":70,
            "병원":80,
            "종합병원":100,
            "공원":100,
            "혐오시설":0,
            "인프라총점":50.0,
            "초등학군":84.83,
            "중학군":35.8,
            "학군총점":45.606,
            "인구수":35.56,
            "인구증감":-5.28,
            "인구총점":23.308,
            "일자리":9.9,
            "소득수준":46.63,
            "일자리총점":20.919,
            "가치 총점":43.4409,
            "매매실거래년":20210510.0,
            "매매실거래가":53500.0,
            "전세실거래년":null,
            "전세실거래가":null,
            "전세가율":null,
            "장기전세가율평균":70.92,
            "전세가율거품지수":null,
            "검색코드":123398,
            "세대수":280.0,
            "준공년월":"2020-09-01",
            "준공년차":3.0,
            "가까운역이름":"작전",
            "가까운역거리":410.76,
            "역세권여부":"역세권",
            "30분이내주요거점역":0,
            "1시간이내주요거점역":0,
            "3km이내백화점수":0,
            "5km이내아울렛몰수":0,
            "1km이내대형먀트수":1,
            "500m이내은행수":4,
            "500m이내병원수":39,
            "5km이내대형병원수":8,
            "500m이내공원수":2,
            "3km이내혐오시설수":0,
            "초등학교학업성취도":84.83,
            "중학교학업성취도":59.4,
            "용적률":237,
            "건폐율":24,
            "Y":37.52724,
            "X":126.720146,
            "rank":36.0,
            "area_info":"19평(65.97), 24평(80.08), 24평(80.08), 29평(99.09), 35평(115.87), 34평(115.17)",
            "last_sales":"2021-05-10,53500.0,29평(99.09)"
        },
        {
            "index":332,
            "아파트명":"선우",
            "투자타입":"재건축",
            "전용면적(m2)":"64.58",
            "전용면적(평)":"19평",
            "법정동주소":"인천시 계양구 작전동 30-1",
            "도로명주소":"인천시 계양구 주부토로472번길 51",
            "세대수":0,
            "입주년차":"--",
            "용적률점수":100,
            "건폐율점수":80,
            "세대당주차수":"--",
            "난방방식":"--",
            "공급면적":50,
            "전용률":60,
            "욕실수":"--",
            "현관타입":"--",
            "주거총점":61.5,
            "지역구공급총점":0.0,
            "역세권":50,
            "30분내 이동가능 거점":0,
            "1시간내 이동가능 거점":0,
            "교통총점":25.0,
            "백화점":0,
            "아울렛몰":0,
            "대형마트":100,
            "은행":0,
            "병원":60,
            "종합병원":100,
            "공원":100,
            "혐오시설":0,
            "인프라총점":44.0,
            "초등학군":87.32,
            "중학군":53.68,
            "학군총점":60.408,
            "인구수":35.56,
            "인구증감":-5.28,
            "인구총점":23.308,
            "일자리":9.9,
            "소득수준":46.63,
            "일자리총점":20.919,
            "가치 총점":43.3112,
            "매매실거래년":20211220.0,
            "매매실거래가":27000.0,
            "전세실거래년":20210907.0,
            "전세실거래가":8000.0,
            "전세가율":50.0,
            "장기전세가율평균":70.92,
            "전세가율거품지수":20.92,
            "검색코드":9312,
            "세대수":210.0,
            "준공년월":"1986-02-05",
            "준공년차":37.0,
            "가까운역이름":"경인교대입구",
            "가까운역거리":961.94,
            "역세권여부":"준역세권",
            "30분이내주요거점역":0,
            "1시간이내주요거점역":0,
            "3km이내백화점수":0,
            "5km이내아울렛몰수":0,
            "1km이내대형먀트수":3,
            "500m이내은행수":0,
            "500m이내병원수":15,
            "5km이내대형병원수":6,
            "500m이내공원수":5,
            "3km이내혐오시설수":0,
            "초등학교학업성취도":87.32,
            "중학교학업성취도":87.8,
            "용적률":107,
            "건폐율":22,
            "Y":37.534364,
            "X":126.732402,
            "rank":37.0,
            "area_info":"19평(64.58), 23평(76.06)",
            "last_sales":"2021-12-20,27000.0,23평(76.06)"
        },
        {
            "index":408,
            "아파트명":"e편한세상계양더프리미어",
            "투자타입":"일반",
            "전용면적(m2)":"56.47",
            "전용면적(평)":"17평",
            "법정동주소":"인천시 계양구 효성동 254-14",
            "도로명주소":"인천시 계양구 효서로 145",
            "세대수":100,
            "입주년차":100,
            "용적률점수":"--",
            "건폐율점수":"--",
            "세대당주차수":30,
            "난방방식":30,
            "공급면적":"--",
            "전용률":"--",
            "욕실수":50,
            "현관타입":100,
            "주거총점":77.5,
            "지역구공급총점":0.0,
            "역세권":50,
            "30분내 이동가능 거점":0,
            "1시간내 이동가능 거점":0,
            "교통총점":25.0,
            "백화점":0,
            "아울렛몰":0,
            "대형마트":80,
            "은행":0,
            "병원":60,
            "종합병원":100,
            "공원":80,
            "혐오시설":0,
            "인프라총점":40.4,
            "초등학군":86.15,
            "중학군":35.8,
            "학군총점":45.87,
            "인구수":35.56,
            "인구증감":-5.28,
            "인구총점":23.308,
            "일자리":9.9,
            "소득수준":46.63,
            "일자리총점":20.919,
            "가치 총점":43.2505,
            "매매실거래년":20210917.0,
            "매매실거래가":72000.0,
            "전세실거래년":null,
            "전세실거래가":null,
            "전세가율":null,
            "장기전세가율평균":70.92,
            "전세가율거품지수":null,
            "검색코드":125101,
            "세대수":1646.0,
            "준공년월":"2021-10-01",
            "준공년차":2.0,
            "가까운역이름":"작전",
            "가까운역거리":806.65,
            "역세권여부":"준역세권",
            "30분이내주요거점역":0,
            "1시간이내주요거점역":0,
            "3km이내백화점수":0,
            "5km이내아울렛몰수":0,
            "1km이내대형먀트수":1,
            "500m이내은행수":0,
            "500m이내병원수":21,
            "5km이내대형병원수":5,
            "500m이내공원수":1,
            "3km이내혐오시설수":0,
            "초등학교학업성취도":86.15,
            "중학교학업성취도":59.4,
            "용적률":249,
            "건폐율":14,
            "Y":37.529157,
            "X":126.713518,
            "rank":38.0,
            "area_info":"17평(56.47), 19평(65.78), 24평(79.83), 24평(79.71), 29평(98.0), 32평(107.18)",
            "last_sales":"2021-09-17,72000.0,32평(107.18)"
        },
        {
            "index":132,
            "아파트명":"한국",
            "투자타입":"재건축",
            "전용면적(m2)":"99.09",
            "전용면적(평)":"29평",
            "법정동주소":"인천시 계양구 계산동 355-1",
            "도로명주소":"인천시 계양구 주부토로 538",
            "세대수":50,
            "입주년차":"--",
            "용적률점수":0,
            "건폐율점수":80,
            "세대당주차수":"--",
            "난방방식":"--",
            "공급면적":90,
            "전용률":80,
            "욕실수":"--",
            "현관타입":"--",
            "주거총점":39.5,
            "지역구공급총점":0.0,
            "역세권":80,
            "30분내 이동가능 거점":0,
            "1시간내 이동가능 거점":0,
            "교통총점":40.0,
            "백화점":0,
            "아울렛몰":0,
            "대형마트":100,
            "은행":20,
            "병원":80,
            "종합병원":100,
            "공원":100,
            "혐오시설":0,
            "인프라총점":48.0,
            "초등학군":82.29,
            "중학군":37.1,
            "학군총점":46.138,
            "인구수":35.56,
            "인구증감":-5.28,
            "인구총점":23.308,
            "일자리":9.9,
            "소득수준":46.63,
            "일자리총점":20.919,
            "가치 총점":43.2207,
            "매매실거래년":20210930.0,
            "매매실거래가":30000.0,
            "전세실거래년":20211216.0,
            "전세실거래가":27000.0,
            "전세가율":90.0,
            "장기전세가율평균":70.92,
            "전세가율거품지수":-19.08,
            "검색코드":2266,
            "세대수":416.0,
            "준공년월":"1991-05-30",
            "준공년차":32.0,
            "가까운역이름":"계산",
            "가까운역거리":157.14,
            "역세권여부":"역세권",
            "30분이내주요거점역":0,
            "1시간이내주요거점역":0,
            "3km이내백화점수":0,
            "5km이내아울렛몰수":0,
            "1km이내대형먀트수":3,
            "500m이내은행수":2,
            "500m이내병원수":30,
            "5km이내대형병원수":5,
            "500m이내공원수":3,
            "3km이내혐오시설수":0,
            "초등학교학업성취도":82.29,
            "중학교학업성취도":60.7,
            "용적률":328,
            "건폐율":24,
            "Y":37.54201,
            "X":126.72901,
            "rank":39.0,
            "area_info":"29평(99.09), 29평(99.0)",
            "last_sales":"2021-09-30,30000.0,29평(99.09)"
        },
        {
            "index":141,
            "아파트명":"계양센트레빌1단지",
            "투자타입":"일반",
            "전용면적(m2)":"111.42",
            "전용면적(평)":"33평",
            "법정동주소":"인천시 계양구 귤현동 531",
            "도로명주소":"인천시 계양구 형제봉길 100",
            "세대수":80,
            "입주년차":60,
            "용적률점수":"--",
            "건폐율점수":"--",
            "세대당주차수":60,
            "난방방식":30,
            "공급면적":"--",
            "전용률":"--",
            "욕실수":100,
            "현관타입":100,
            "주거총점":72.0,
            "지역구공급총점":0.0,
            "역세권":50,
            "30분내 이동가능 거점":0,
            "1시간내 이동가능 거점":30,
            "교통총점":31.0,
            "백화점":0,
            "아울렛몰":100,
            "대형마트":0,
            "은행":0,
            "병원":10,
            "종합병원":100,
            "공원":100,
            "혐오시설":0,
            "인프라총점":34.0,
            "초등학군":81.12,
            "중학군":44.36,
            "학군총점":51.712,
            "인구수":35.56,
            "인구증감":-5.28,
            "인구총점":23.308,
            "일자리":9.9,
            "소득수준":46.63,
            "일자리총점":20.919,
            "가치 총점":43.2068,
            "매매실거래년":20211112.0,
            "매매실거래가":77000.0,
            "전세실거래년":20220107.0,
            "전세실거래가":30975.0,
            "전세가율":52.5,
            "장기전세가율평균":70.92,
            "전세가율거품지수":18.42,
            "검색코드":102719,
            "세대수":715.0,
            "준공년월":"2013-02-15",
            "준공년차":10.0,
            "가까운역이름":"귤현",
            "가까운역거리":775.81,
            "역세권여부":"준역세권",
            "30분이내주요거점역":0,
            "1시간이내주요거점역":3,
            "3km이내백화점수":0,
            "5km이내아울렛몰수":2,
            "1km이내대형먀트수":0,
            "500m이내은행수":0,
            "500m이내병원수":3,
            "5km이내대형병원수":3,
            "500m이내공원수":3,
            "3km이내혐오시설수":0,
            "초등학교학업성취도":81.12,
            "중학교학업성취도":72.6,
            "용적률":185,
            "건폐율":20,
            "Y":37.568333,
            "X":126.751104,
            "rank":40.0,
            "area_info":"33평(111.42), 33평(111.65), 33평(111.27), 39평(131.57), 45평(150.38), 45평(150.38)",
            "last_sales":"2021-11-12,77000.0,45평(150.38)"
        },
        {
            "index":234,
            "아파트명":"용종마을신대진",
            "투자타입":"일반",
            "전용면적(m2)":"51.41",
            "전용면적(평)":"15평",
            "법정동주소":"인천시 계양구 용종동 214-1",
            "도로명주소":"인천시 계양구 용종로 97",
            "세대수":50,
            "입주년차":0,
            "용적률점수":"--",
            "건폐율점수":"--",
            "세대당주차수":0,
            "난방방식":100,
            "공급면적":"--",
            "전용률":"--",
            "욕실수":50,
            "현관타입":10,
            "주거총점":33.5,
            "지역구공급총점":0.0,
            "역세권":80,
            "30분내 이동가능 거점":0,
            "1시간내 이동가능 거점":0,
            "교통총점":40.0,
            "백화점":0,
            "아울렛몰":0,
            "대형마트":100,
            "은행":20,
            "병원":60,
            "종합병원":100,
            "공원":100,
            "혐오시설":0,
            "인프라총점":46.0,
            "초등학군":84.44,
            "중학군":48.04,
            "학군총점":55.32,
            "인구수":35.56,
            "인구증감":-5.28,
            "인구총점":23.308,
            "일자리":9.9,
            "소득수준":46.63,
            "일자리총점":20.919,
            "가치 총점":42.798,
            "매매실거래년":20211217.0,
            "매매실거래가":20300.0,
            "전세실거래년":20211212.0,
            "전세실거래가":10500.0,
            "전세가율":51.72,
            "장기전세가율평균":70.92,
            "전세가율거품지수":19.2,
            "검색코드":2412,
            "세대수":562.0,
            "준공년월":"1997-08-07",
            "준공년차":26.0,
            "가까운역이름":"임학",
            "가까운역거리":416.28,
            "역세권여부":"역세권",
            "30분이내주요거점역":0,
            "1시간이내주요거점역":0,
            "3km이내백화점수":0,
            "5km이내아울렛몰수":0,
            "1km이내대형먀트수":2,
            "500m이내은행수":2,
            "500m이내병원수":23,
            "5km이내대형병원수":4,
            "500m이내공원수":4,
            "3km이내혐오시설수":0,
            "초등학교학업성취도":84.44,
            "중학교학업성취도":77.0,
            "용적률":249,
            "건폐율":22,
            "Y":37.541919,
            "X":126.741236,
            "rank":41.0,
            "area_info":"15평(51.41), 31평(105.53)",
            "last_sales":"2021-12-17,20300.0,15평(51.41)"
        },
        {
            "index":187,
            "아파트명":"한화꿈에그린",
            "투자타입":"일반",
            "전용면적(m2)":"81.9",
            "전용면적(평)":"24평",
            "법정동주소":"인천시 계양구 박촌동 310",
            "도로명주소":"인천시 계양구 동양로 10",
            "세대수":50,
            "입주년차":40,
            "용적률점수":"--",
            "건폐율점수":"--",
            "세대당주차수":30,
            "난방방식":30,
            "공급면적":"--",
            "전용률":"--",
            "욕실수":100,
            "현관타입":100,
            "주거총점":53.0,
            "지역구공급총점":0.0,
            "역세권":80,
            "30분내 이동가능 거점":0,
            "1시간내 이동가능 거점":10,
            "교통총점":42.0,
            "백화점":0,
            "아울렛몰":80,
            "대형마트":0,
            "은행":0,
            "병원":30,
            "종합병원":100,
            "공원":80,
            "혐오시설":0,
            "인프라총점":33.4,
            "초등학군":85.56,
            "중학군":40.78,
            "학군총점":49.736,
            "인구수":35.56,
            "인구증감":-5.28,
            "인구총점":23.308,
            "일자리":9.9,
            "소득수준":46.63,
            "일자리총점":20.919,
            "가치 총점":42.7804,
            "매매실거래년":20211126.0,
            "매매실거래가":57000.0,
            "전세실거래년":20211101.0,
            "전세실거래가":23100.0,
            "전세가율":40.53,
            "장기전세가율평균":70.92,
            "전세가율거품지수":30.39,
            "검색코드":10566,
            "세대수":670.0,
            "준공년월":"2005-11-17",
            "준공년차":18.0,
            "가까운역이름":"박촌",
            "가까운역거리":322.73,
            "역세권여부":"역세권",
            "30분이내주요거점역":0,
            "1시간이내주요거점역":1,
            "3km이내백화점수":0,
            "5km이내아울렛몰수":1,
            "1km이내대형먀트수":0,
            "500m이내은행수":0,
            "500m이내병원수":7,
            "5km이내대형병원수":3,
            "500m이내공원수":1,
            "3km이내혐오시설수":0,
            "초등학교학업성취도":85.56,
            "중학교학업성취도":67.1,
            "용적률":237,
            "건폐율":21,
            "Y":37.555657,
            "X":126.747784,
            "rank":42.0,
            "area_info":"24평(81.9), 32평(106.05)",
            "last_sales":"2021-11-26,57000.0,24평(81.9)"
        },
        {
            "index":206,
            "아파트명":"학마을서원",
            "투자타입":"일반",
            "전용면적(m2)":"49.26",
            "전용면적(평)":"14평",
            "법정동주소":"인천시 계양구 병방동 432-3",
            "도로명주소":"인천시 계양구 병방로 14",
            "세대수":50,
            "입주년차":0,
            "용적률점수":"--",
            "건폐율점수":"--",
            "세대당주차수":0,
            "난방방식":100,
            "공급면적":"--",
            "전용률":"--",
            "욕실수":50,
            "현관타입":10,
            "주거총점":33.5,
            "지역구공급총점":0.0,
            "역세권":80,
            "30분내 이동가능 거점":0,
            "1시간내 이동가능 거점":0,
            "교통총점":40.0,
            "백화점":0,
            "아울렛몰":0,
            "대형마트":100,
            "은행":0,
            "병원":80,
            "종합병원":100,
            "공원":100,
            "혐오시설":0,
            "인프라총점":46.0,
            "초등학군":78.91,
            "중학군":48.04,
            "학군총점":54.214,
            "인구수":35.56,
            "인구증감":-5.28,
            "인구총점":23.308,
            "일자리":9.9,
            "소득수준":46.63,
            "일자리총점":20.919,
            "가치 총점":42.6321,
            "매매실거래년":20211227.0,
            "매매실거래가":16350.0,
            "전세실거래년":20211222.0,
            "전세실거래가":9450.0,
            "전세가율":57.8,
            "장기전세가율평균":70.92,
            "전세가율거품지수":13.12,
            "검색코드":8256,
            "세대수":688.0,
            "준공년월":"1997-05-27",
            "준공년차":26.0,
            "가까운역이름":"임학",
            "가까운역거리":285.99,
            "역세권여부":"역세권",
            "30분이내주요거점역":0,
            "1시간이내주요거점역":0,
            "3km이내백화점수":0,
            "5km이내아울렛몰수":0,
            "1km이내대형먀트수":2,
            "500m이내은행수":1,
            "500m이내병원수":37,
            "5km이내대형병원수":4,
            "500m이내공원수":4,
            "3km이내혐오시설수":0,
            "초등학교학업성취도":78.91,
            "중학교학업성취도":77.0,
            "용적률":247,
            "건폐율":18,
            "Y":37.54553,
            "X":126.741854,
            "rank":43.0,
            "area_info":"14평(49.26), 14평(49.26), 24평(81.09)",
            "last_sales":"2021-12-27,16350.0,14평(49.26)"
        },
        {
            "index":195,
            "아파트명":"한성",
            "투자타입":"재건축",
            "전용면적(m2)":"62.87",
            "전용면적(평)":"19평",
            "법정동주소":"인천시 계양구 방축동 212",
            "도로명주소":"인천시 계양구 장제로933번길 10",
            "세대수":0,
            "입주년차":"--",
            "용적률점수":100,
            "건폐율점수":80,
            "세대당주차수":"--",
            "난방방식":"--",
            "공급면적":50,
            "전용률":60,
            "욕실수":"--",
            "현관타입":"--",
            "주거총점":61.5,
            "지역구공급총점":0.0,
            "역세권":80,
            "30분내 이동가능 거점":0,
            "1시간내 이동가능 거점":0,
            "교통총점":40.0,
            "백화점":0,
            "아울렛몰":0,
            "대형마트":0,
            "은행":0,
            "병원":60,
            "종합병원":100,
            "공원":100,
            "혐오시설":0,
            "인프라총점":29.0,
            "초등학군":87.19,
            "중학군":40.78,
            "학군총점":50.062,
            "인구수":35.56,
            "인구증감":-5.28,
            "인구총점":23.308,
            "일자리":9.9,
            "소득수준":46.63,
            "일자리총점":20.919,
            "가치 총점":42.5093,
            "매매실거래년":20211002.0,
            "매매실거래가":15500.0,
            "전세실거래년":20211116.0,
            "전세실거래가":14700.0,
            "전세가율":81.22,
            "장기전세가율평균":70.92,
            "전세가율거품지수":-10.3,
            "검색코드":8535,
            "세대수":200.0,
            "준공년월":"1990-07-20",
            "준공년차":33.0,
            "가까운역이름":"박촌",
            "가까운역거리":454.0,
            "역세권여부":"역세권",
            "30분이내주요거점역":0,
            "1시간이내주요거점역":0,
            "3km이내백화점수":0,
            "5km이내아울렛몰수":0,
            "1km이내대형먀트수":0,
            "500m이내은행수":0,
            "500m이내병원수":26,
            "5km이내대형병원수":4,
            "500m이내공원수":3,
            "3km이내혐오시설수":0,
            "초등학교학업성취도":87.19,
            "중학교학업성취도":67.1,
            "용적률":124,
            "건폐율":27,
            "Y":37.550761,
            "X":126.741506,
            "rank":44.0,
            "area_info":"19평(62.87), 18평(62.44)",
            "last_sales":"2021-10-02,15500.0,18평(62.44)"
        },
        {
            "index":168,
            "아파트명":"계양하우스토리1차",
            "투자타입":"일반",
            "전용면적(m2)":"109.63",
            "전용면적(평)":"33평",
            "법정동주소":"인천시 계양구 박촌동 311",
            "도로명주소":"인천시 계양구 서부간선로 290",
            "세대수":0,
            "입주년차":60,
            "용적률점수":"--",
            "건폐율점수":"--",
            "세대당주차수":30,
            "난방방식":30,
            "공급면적":"--",
            "전용률":"--",
            "욕실수":100,
            "현관타입":100,
            "주거총점":39.5,
            "지역구공급총점":0.0,
            "역세권":80,
            "30분내 이동가능 거점":0,
            "1시간내 이동가능 거점":40,
            "교통총점":48.0,
            "백화점":0,
            "아울렛몰":80,
            "대형마트":0,
            "은행":0,
            "병원":30,
            "종합병원":100,
            "공원":80,
            "혐오시설":0,
            "인프라총점":33.4,
            "초등학군":85.56,
            "중학군":40.78,
            "학군총점":49.736,
            "인구수":35.56,
            "인구증감":-5.28,
            "인구총점":23.308,
            "일자리":9.9,
            "소득수준":46.63,
            "일자리총점":20.919,
            "가치 총점":42.1804,
            "매매실거래년":20211116.0,
            "매매실거래가":40000.0,
            "전세실거래년":20211013.0,
            "전세실거래가":27300.0,
            "전세가율":51.7,
            "장기전세가율평균":70.92,
            "전세가율거품지수":19.22,
            "검색코드":100107,
            "세대수":257.0,
            "준공년월":"2009-11-27",
            "준공년차":14.0,
            "가까운역이름":"박촌",
            "가까운역거리":435.02,
            "역세권여부":"역세권",
            "30분이내주요거점역":0,
            "1시간이내주요거점역":4,
            "3km이내백화점수":0,
            "5km이내아울렛몰수":1,
            "1km이내대형먀트수":0,
            "500m이내은행수":0,
            "500m이내병원수":7,
            "5km이내대형병원수":3,
            "500m이내공원수":1,
            "3km이내혐오시설수":0,
            "초등학교학업성취도":85.56,
            "중학교학업성취도":67.1,
            "용적률":230,
            "건폐율":24,
            "Y":37.555584,
            "X":126.749404,
            "rank":45.0,
            "area_info":"33평(109.63), 33평(109.89), 33평(109.79), 38평(128.18), 48평(160.7), 48평(161.85)",
            "last_sales":"2021-11-16,40000.0,33평(109.89)"
        },
        {
            "index":336,
            "아파트명":"신진",
            "투자타입":"재건축",
            "전용면적(m2)":"52.44",
            "전용면적(평)":"15평",
            "법정동주소":"인천시 계양구 작전동 140-2",
            "도로명주소":"인천시 계양구 봉오대로744번길 17",
            "세대수":50,
            "입주년차":"--",
            "용적률점수":80,
            "건폐율점수":60,
            "세대당주차수":"--",
            "난방방식":"--",
            "공급면적":50,
            "전용률":60,
            "욕실수":"--",
            "현관타입":"--",
            "주거총점":64.5,
            "지역구공급총점":0.0,
            "역세권":50,
            "30분내 이동가능 거점":0,
            "1시간내 이동가능 거점":0,
            "교통총점":25.0,
            "백화점":0,
            "아울렛몰":0,
            "대형마트":80,
            "은행":0,
            "병원":60,
            "종합병원":100,
            "공원":100,
            "혐오시설":0,
            "인프라총점":41.0,
            "초등학군":88.4,
            "중학군":44.8,
            "학군총점":53.52,
            "인구수":35.56,
            "인구증감":-5.28,
            "인구총점":23.308,
            "일자리":9.9,
            "소득수준":46.63,
            "일자리총점":20.919,
            "가치 총점":41.978,
            "매매실거래년":20211130.0,
            "매매실거래가":17000.0,
            "전세실거래년":20211220.0,
            "전세실거래가":7300.0,
            "전세가율":42.94,
            "장기전세가율평균":70.92,
            "전세가율거품지수":27.98,
            "검색코드":9192,
            "세대수":410.0,
            "준공년월":"1987-12-05",
            "준공년차":36.0,
            "가까운역이름":"작전",
            "가까운역거리":927.64,
            "역세권여부":"준역세권",
            "30분이내주요거점역":0,
            "1시간이내주요거점역":0,
            "3km이내백화점수":0,
            "5km이내아울렛몰수":0,
            "1km이내대형먀트수":1,
            "500m이내은행수":1,
            "500m이내병원수":18,
            "5km이내대형병원수":7,
            "500m이내공원수":2,
            "3km이내혐오시설수":0,
            "초등학교학업성취도":88.4,
            "중학교학업성취도":73.4,
            "용적률":153,
            "건폐율":30,
            "Y":37.528674,
            "X":126.732815,
            "rank":46.0,
            "area_info":"15평(52.44), 16평(55.56), 16평(55.19)",
            "last_sales":"2021-11-30,17000.0,15평(52.44)"
        },
        {
            "index":395,
            "아파트명":"현대3차",
            "투자타입":"재건축",
            "전용면적(m2)":"74.82",
            "전용면적(평)":"22평",
            "법정동주소":"인천시 계양구 작전동 859-14",
            "도로명주소":"인천시 계양구 주부토로413번길 18",
            "세대수":30,
            "입주년차":"--",
            "용적률점수":0,
            "건폐율점수":80,
            "세대당주차수":"--",
            "난방방식":"--",
            "공급면적":50,
            "전용률":60,
            "욕실수":"--",
            "현관타입":"--",
            "주거총점":30.5,
            "지역구공급총점":0.0,
            "역세권":80,
            "30분내 이동가능 거점":0,
            "1시간내 이동가능 거점":0,
            "교통총점":40.0,
            "백화점":0,
            "아울렛몰":0,
            "대형마트":100,
            "은행":20,
            "병원":60,
            "종합병원":100,
            "공원":100,
            "혐오시설":0,
            "인프라총점":46.0,
            "초등학군":87.44,
            "중학군":44.8,
            "학군총점":53.328,
            "인구수":35.56,
            "인구증감":-5.28,
            "인구총점":23.308,
            "일자리":9.9,
            "소득수준":46.63,
            "일자리총점":20.919,
            "가치 총점":41.8992,
            "매매실거래년":20211214.0,
            "매매실거래가":29000.0,
            "전세실거래년":20211219.0,
            "전세실거래가":22000.0,
            "전세가율":75.86,
            "장기전세가율평균":70.92,
            "전세가율거품지수":-4.94,
            "검색코드":8542,
            "세대수":390.0,
            "준공년월":"1992-11-17",
            "준공년차":31.0,
            "가까운역이름":"작전",
            "가까운역거리":491.29,
            "역세권여부":"역세권",
            "30분이내주요거점역":0,
            "1시간이내주요거점역":0,
            "3km이내백화점수":0,
            "5km이내아울렛몰수":0,
            "1km이내대형먀트수":3,
            "500m이내은행수":2,
            "500m이내병원수":21,
            "5km이내대형병원수":6,
            "500m이내공원수":2,
            "3km이내혐오시설수":0,
            "초등학교학업성취도":87.44,
            "중학교학업성취도":73.4,
            "용적률":266,
            "건폐율":20,
            "Y":37.532544,
            "X":126.727409,
            "rank":47.0,
            "area_info":"22평(74.82), 29평(95.91), 29평(97.45), 32평(106.77)",
            "last_sales":"2021-12-14,29000.0,22평(74.82)"
        },
        {
            "index":325,
            "아파트명":"삼우",
            "투자타입":"재건축",
            "전용면적(m2)":"51.22",
            "전용면적(평)":"15평",
            "법정동주소":"인천시 계양구 작전동 28-9",
            "도로명주소":"인천시 계양구 주부토로472번길 33",
            "세대수":0,
            "입주년차":"--",
            "용적률점수":80,
            "건폐율점수":80,
            "세대당주차수":"--",
            "난방방식":"--",
            "공급면적":50,
            "전용률":60,
            "욕실수":"--",
            "현관타입":"--",
            "주거총점":53.5,
            "지역구공급총점":0.0,
            "역세권":50,
            "30분내 이동가능 거점":0,
            "1시간내 이동가능 거점":0,
            "교통총점":25.0,
            "백화점":0,
            "아울렛몰":0,
            "대형마트":100,
            "은행":0,
            "병원":60,
            "종합병원":100,
            "공원":100,
            "혐오시설":0,
            "인프라총점":44.0,
            "초등학군":87.32,
            "중학군":53.68,
            "학군총점":60.408,
            "인구수":35.56,
            "인구증감":-5.28,
            "인구총점":23.308,
            "일자리":9.9,
            "소득수준":46.63,
            "일자리총점":20.919,
            "가치 총점":41.7112,
            "매매실거래년":20211122.0,
            "매매실거래가":16000.0,
            "전세실거래년":20211030.0,
            "전세실거래가":8000.0,
            "전세가율":69.57,
            "장기전세가율평균":70.92,
            "전세가율거품지수":1.35,
            "검색코드":11058,
            "세대수":264.0,
            "준공년월":"1989-04-12",
            "준공년차":34.0,
            "가까운역이름":"경인교대입구",
            "가까운역거리":877.05,
            "역세권여부":"준역세권",
            "30분이내주요거점역":0,
            "1시간이내주요거점역":0,
            "3km이내백화점수":0,
            "5km이내아울렛몰수":0,
            "1km이내대형먀트수":3,
            "500m이내은행수":0,
            "500m이내병원수":19,
            "5km이내대형병원수":6,
            "500m이내공원수":3,
            "3km이내혐오시설수":0,
            "초등학교학업성취도":87.32,
            "중학교학업성취도":87.8,
            "용적률":168,
            "건폐율":28,
            "Y":37.53477,
            "X":126.73158,
            "rank":48.0,
            "area_info":"15평(51.22), 15평(52.27), 17평(58.32)",
            "last_sales":"2021-11-22,16000.0,17평(58.32)"
        },
        {
            "index":78,
            "아파트명":"영남",
            "투자타입":"재건축",
            "전용면적(m2)":"62.25",
            "전용면적(평)":"18평",
            "법정동주소":"인천시 계양구 계산동 76",
            "도로명주소":"인천시 계양구 주부토로532번길 52",
            "세대수":30,
            "입주년차":"--",
            "용적률점수":60,
            "건폐율점수":60,
            "세대당주차수":"--",
            "난방방식":"--",
            "공급면적":50,
            "전용률":60,
            "욕실수":"--",
            "현관타입":"--",
            "주거총점":50.5,
            "지역구공급총점":0.0,
            "역세권":50,
            "30분내 이동가능 거점":0,
            "1시간내 이동가능 거점":0,
            "교통총점":25.0,
            "백화점":0,
            "아울렛몰":0,
            "대형마트":100,
            "은행":70,
            "병원":80,
            "종합병원":100,
            "공원":100,
            "혐오시설":0,
            "인프라총점":53.0,
            "초등학군":82.29,
            "중학군":37.1,
            "학군총점":46.138,
            "인구수":35.56,
            "인구증감":-5.28,
            "인구총점":23.308,
            "일자리":9.9,
            "소득수준":46.63,
            "일자리총점":20.919,
            "가치 총점":41.6707,
            "매매실거래년":20211227.0,
            "매매실거래가":23500.0,
            "전세실거래년":20211203.0,
            "전세실거래가":12000.0,
            "전세가율":54.55,
            "장기전세가율평균":70.92,
            "전세가율거품지수":16.37,
            "검색코드":2259,
            "세대수":360.0,
            "준공년월":"1990-12-11",
            "준공년차":33.0,
            "가까운역이름":"계산",
            "가까운역거리":675.95,
            "역세권여부":"준역세권",
            "30분이내주요거점역":0,
            "1시간이내주요거점역":0,
            "3km이내백화점수":0,
            "5km이내아울렛몰수":0,
            "1km이내대형먀트수":3,
            "500m이내은행수":3,
            "500m이내병원수":43,
            "5km이내대형병원수":5,
            "500m이내공원수":3,
            "3km이내혐오시설수":0,
            "초등학교학업성취도":82.29,
            "중학교학업성취도":60.7,
            "용적률":198,
            "건폐율":32,
            "Y":37.538817,
            "X":126.73339,
            "rank":49.0,
            "area_info":"18평(62.25), 21평(69.57), 22평(73.46), 22평(75.86)",
            "last_sales":"2021-12-27,23500.0,22평(73.46)"
        },
        {
            "index":399,
            "아파트명":"형제",
            "투자타입":"재건축",
            "전용면적(m2)":"79.56",
            "전용면적(평)":"24평",
            "법정동주소":"인천시 계양구 작전동 41-1",
            "도로명주소":"인천시 계양구 주부토로460번길 12",
            "세대수":0,
            "입주년차":"--",
            "용적률점수":100,
            "건폐율점수":60,
            "세대당주차수":"--",
            "난방방식":"--",
            "공급면적":50,
            "전용률":80,
            "욕실수":"--",
            "현관타입":"--",
            "주거총점":58.5,
            "지역구공급총점":0.0,
            "역세권":50,
            "30분내 이동가능 거점":0,
            "1시간내 이동가능 거점":0,
            "교통총점":25.0,
            "백화점":0,
            "아울렛몰":0,
            "대형마트":100,
            "은행":0,
            "병원":60,
            "종합병원":100,
            "공원":80,
            "혐오시설":0,
            "인프라총점":43.4,
            "초등학군":87.44,
            "중학군":44.8,
            "학군총점":53.328,
            "인구수":35.56,
            "인구증감":-5.28,
            "인구총점":23.308,
            "일자리":9.9,
            "소득수준":46.63,
            "일자리총점":20.919,
            "가치 총점":41.4692,
            "매매실거래년":20211028.0,
            "매매실거래가":26500.0,
            "전세실거래년":20210811.0,
            "전세실거래가":13000.0,
            "전세가율":53.06,
            "장기전세가율평균":70.92,
            "전세가율거품지수":17.86,
            "검색코드":9346,
            "세대수":110.0,
            "준공년월":"1985-02-16",
            "준공년차":38.0,
            "가까운역이름":"경인교대입구",
            "가까운역거리":728.88,
            "역세권여부":"준역세권",
            "30분이내주요거점역":0,
            "1시간이내주요거점역":0,
            "3km이내백화점수":0,
            "5km이내아울렛몰수":0,
            "1km이내대형먀트수":4,
            "500m이내은행수":0,
            "500m이내병원수":13,
            "5km이내대형병원수":6,
            "500m이내공원수":1,
            "3km이내혐오시설수":0,
            "초등학교학업성취도":87.44,
            "중학교학업성취도":73.4,
            "용적률":142,
            "건폐율":30,
            "Y":37.534649,
            "X":126.72958,
            "rank":50.0,
            "area_info":"24평(79.56), 24평(80.57), 24평(81.86), 25평(83.37), 25평(83.37)",
            "last_sales":"2021-10-28,26500.0,25평(83.37)"
        },
        {
            "index":115,
            "아파트명":"태평",
            "투자타입":"재건축",
            "전용면적(m2)":"57.94",
            "전용면적(평)":"17평",
            "법정동주소":"인천시 계양구 계산동 49-4",
            "도로명주소":"인천시 계양구 주부토로532번길 42",
            "세대수":50,
            "입주년차":"--",
            "용적률점수":60,
            "건폐율점수":60,
            "세대당주차수":"--",
            "난방방식":"--",
            "공급면적":50,
            "전용률":60,
            "욕실수":"--",
            "현관타입":"--",
            "주거총점":56.5,
            "지역구공급총점":0.0,
            "역세권":50,
            "30분내 이동가능 거점":0,
            "1시간내 이동가능 거점":0,
            "교통총점":25.0,
            "백화점":0,
            "아울렛몰":0,
            "대형마트":100,
            "은행":20,
            "병원":80,
            "종합병원":100,
            "공원":100,
            "혐오시설":0,
            "인프라총점":48.0,
            "초등학군":82.29,
            "중학군":37.1,
            "학군총점":46.138,
            "인구수":35.56,
            "인구증감":-5.28,
            "인구총점":23.308,
            "일자리":9.9,
            "소득수준":46.63,
            "일자리총점":20.919,
            "가치 총점":41.3707,
            "매매실거래년":20211112.0,
            "매매실거래가":24500.0,
            "전세실거래년":20210907.0,
            "전세실거래가":8925.0,
            "전세가율":46.97,
            "장기전세가율평균":70.92,
            "전세가율거품지수":23.95,
            "검색코드":8528,
            "세대수":432.0,
            "준공년월":"1990-12-17",
            "준공년차":33.0,
            "가까운역이름":"계산",
            "가까운역거리":621.53,
            "역세권여부":"준역세권",
            "30분이내주요거점역":0,
            "1시간이내주요거점역":0,
            "3km이내백화점수":0,
            "5km이내아울렛몰수":0,
            "1km이내대형먀트수":3,
            "500m이내은행수":2,
            "500m이내병원수":48,
            "5km이내대형병원수":5,
            "500m이내공원수":2,
            "3km이내혐오시설수":0,
            "초등학교학업성취도":82.29,
            "중학교학업성취도":60.7,
            "용적률":191,
            "건폐율":32,
            "Y":37.53881,
            "X":126.73243,
            "rank":51.0,
            "area_info":"17평(57.94), 21평(72.27), 22평(75.46), 24평(79.88)",
            "last_sales":"2021-11-12,24500.0,24평(79.88)"
        },
        {
            "index":359,
            "아파트명":"작전풍림아이원",
            "투자타입":"일반",
            "전용면적(m2)":"89.61",
            "전용면적(평)":"27평",
            "법정동주소":"인천시 계양구 작전동 169",
            "도로명주소":"인천시 계양구 효서로 324",
            "세대수":50,
            "입주년차":20,
            "용적률점수":"--",
            "건폐율점수":"--",
            "세대당주차수":30,
            "난방방식":100,
            "공급면적":"--",
            "전용률":"--",
            "욕실수":100,
            "현관타입":100,
            "주거총점":56.0,
            "지역구공급총점":0.0,
            "역세권":50,
            "30분내 이동가능 거점":0,
            "1시간내 이동가능 거점":0,
            "교통총점":25.0,
            "백화점":0,
            "아울렛몰":0,
            "대형마트":100,
            "은행":0,
            "병원":60,
            "종합병원":100,
            "공원":100,
            "혐오시설":0,
            "인프라총점":44.0,
            "초등학군":88.4,
            "중학군":44.8,
            "학군총점":53.52,
            "인구수":35.56,
            "인구증감":-5.28,
            "인구총점":23.308,
            "일자리":9.9,
            "소득수준":46.63,
            "일자리총점":20.919,
            "가치 총점":41.178,
            "매매실거래년":20211228.0,
            "매매실거래가":44200.0,
            "전세실거래년":20210708.0,
            "전세실거래가":28400.0,
            "전세가율":63.53,
            "장기전세가율평균":70.92,
            "전세가율거품지수":7.39,
            "검색코드":8784,
            "세대수":468.0,
            "준공년월":"2003-01-18",
            "준공년차":20.0,
            "가까운역이름":"작전",
            "가까운역거리":942.09,
            "역세권여부":"준역세권",
            "30분이내주요거점역":0,
            "1시간이내주요거점역":0,
            "3km이내백화점수":0,
            "5km이내아울렛몰수":0,
            "1km이내대형먀트수":2,
            "500m이내은행수":0,
            "500m이내병원수":17,
            "5km이내대형병원수":7,
            "500m이내공원수":2,
            "3km이내혐오시설수":0,
            "초등학교학업성취도":88.4,
            "중학교학업성취도":73.4,
            "용적률":247,
            "건폐율":19,
            "Y":37.527608,
            "X":126.732607,
            "rank":52.0,
            "area_info":"27평(89.61), 33평(109.62)",
            "last_sales":"2021-12-28,44200.0,33평(109.62)"
        },
        {
            "index":138,
            "아파트명":"현대",
            "투자타입":"재건축",
            "전용면적(m2)":"87.52",
            "전용면적(평)":"26평",
            "법정동주소":"인천시 계양구 계산동 62-1",
            "도로명주소":"인천시 계양구 계산로 171",
            "세대수":90,
            "입주년차":"--",
            "용적률점수":0,
            "건폐율점수":100,
            "세대당주차수":"--",
            "난방방식":"--",
            "공급면적":70,
            "전용률":80,
            "욕실수":"--",
            "현관타입":"--",
            "주거총점":54.5,
            "지역구공급총점":0.0,
            "역세권":50,
            "30분내 이동가능 거점":0,
            "1시간내 이동가능 거점":0,
            "교통총점":25.0,
            "백화점":0,
            "아울렛몰":0,
            "대형마트":100,
            "은행":20,
            "병원":80,
            "종합병원":100,
            "공원":100,
            "혐오시설":0,
            "인프라총점":48.0,
            "초등학군":87.32,
            "중학군":37.1,
            "학군총점":47.144,
            "인구수":35.56,
            "인구증감":-5.28,
            "인구총점":23.308,
            "일자리":9.9,
            "소득수준":46.63,
            "일자리총점":20.919,
            "가치 총점":41.1216,
            "매매실거래년":20211222.0,
            "매매실거래가":63000.0,
            "전세실거래년":20211115.0,
            "전세실거래가":25000.0,
            "전세가율":83.33,
            "장기전세가율평균":70.92,
            "전세가율거품지수":-12.41,
            "검색코드":2252,
            "세대수":1248.0,
            "준공년월":"1992-01-09",
            "준공년차":31.0,
            "가까운역이름":"계산",
            "가까운역거리":728.13,
            "역세권여부":"준역세권",
            "30분이내주요거점역":0,
            "1시간이내주요거점역":0,
            "3km이내백화점수":0,
            "5km이내아울렛몰수":0,
            "1km이내대형먀트수":3,
            "500m이내은행수":2,
            "500m이내병원수":43,
            "5km이내대형병원수":5,
            "500m이내공원수":2,
            "3km이내혐오시설수":0,
            "초등학교학업성취도":87.32,
            "중학교학업성취도":60.7,
            "용적률":259,
            "건폐율":16,
            "Y":37.537598,
            "X":126.732324,
            "rank":53.0,
            "area_info":"26평(87.52), 31평(104.46), 48평(159.53)",
            "last_sales":"2021-12-22,63000.0,48평(159.53)"
        },
        {
            "index":89,
            "아파트명":"은행마을강북",
            "투자타입":"일반",
            "전용면적(m2)":"117.79",
            "전용면적(평)":"35평",
            "법정동주소":"인천시 계양구 계산동 1084-2",
            "도로명주소":"인천시 계양구 계산새로 108",
            "세대수":0,
            "입주년차":0,
            "용적률점수":"--",
            "건폐율점수":"--",
            "세대당주차수":60,
            "난방방식":100,
            "공급면적":"--",
            "전용률":"--",
            "욕실수":100,
            "현관타입":100,
            "주거총점":39.0,
            "지역구공급총점":0.0,
            "역세권":50,
            "30분내 이동가능 거점":0,
            "1시간내 이동가능 거점":0,
            "교통총점":25.0,
            "백화점":0,
            "아울렛몰":0,
            "대형마트":100,
            "은행":70,
            "병원":80,
            "종합병원":100,
            "공원":100,
            "혐오시설":0,
            "인프라총점":53.0,
            "초등학군":89.0,
            "중학군":50.0,
            "학군총점":57.8,
            "인구수":35.56,
            "인구증감":-5.28,
            "인구총점":23.308,
            "일자리":9.9,
            "소득수준":46.63,
            "일자리총점":20.919,
            "가치 총점":41.12,
            "매매실거래년":20211129.0,
            "매매실거래가":55000.0,
            "전세실거래년":20211022.0,
            "전세실거래가":36000.0,
            "전세가율":65.45,
            "장기전세가율평균":70.92,
            "전세가율거품지수":5.47,
            "검색코드":2250,
            "세대수":216.0,
            "준공년월":"1997-07-25",
            "준공년차":26.0,
            "가까운역이름":"임학",
            "가까운역거리":903.62,
            "역세권여부":"준역세권",
            "30분이내주요거점역":0,
            "1시간이내주요거점역":0,
            "3km이내백화점수":0,
            "5km이내아울렛몰수":0,
            "1km이내대형먀트수":3,
            "500m이내은행수":4,
            "500m이내병원수":46,
            "5km이내대형병원수":6,
            "500m이내공원수":5,
            "3km이내혐오시설수":0,
            "초등학교학업성취도":89.0,
            "중학교학업성취도":79.4,
            "용적률":249,
            "건폐율":15,
            "Y":37.536952,
            "X":126.739373,
            "rank":54.0,
            "area_info":"35평(117.79)",
            "last_sales":"2021-11-29,55000.0,35평(117.79)"
        },
        {
            "index":59,
            "아파트명":"삼환2차",
            "투자타입":"재건축",
            "전용면적(m2)":"70.38",
            "전용면적(평)":"21평",
            "법정동주소":"인천시 계양구 계산동 898-4",
            "도로명주소":"인천시 계양구 경명대로1045번길 21-12",
            "세대수":0,
            "입주년차":"--",
            "용적률점수":100,
            "건폐율점수":80,
            "세대당주차수":"--",
            "난방방식":"--",
            "공급면적":50,
            "전용률":80,
            "욕실수":"--",
            "현관타입":"--",
            "주거총점":62.5,
            "지역구공급총점":0.0,
            "역세권":50,
            "30분내 이동가능 거점":0,
            "1시간내 이동가능 거점":0,
            "교통총점":25.0,
            "백화점":0,
            "아울렛몰":0,
            "대형마트":80,
            "은행":0,
            "병원":60,
            "종합병원":100,
            "공원":100,
            "혐오시설":0,
            "인프라총점":41.0,
            "초등학군":87.3,
            "중학군":40.4,
            "학군총점":49.78,
            "인구수":35.56,
            "인구증감":-5.28,
            "인구총점":23.308,
            "일자리":9.9,
            "소득수준":46.63,
            "일자리총점":20.919,
            "가치 총점":41.017,
            "매매실거래년":20210821.0,
            "매매실거래가":20000.0,
            "전세실거래년":20211013.0,
            "전세실거래가":15500.0,
            "전세가율":77.5,
            "장기전세가율평균":70.92,
            "전세가율거품지수":-6.58,
            "검색코드":8516,
            "세대수":144.0,
            "준공년월":"1989-12-16",
            "준공년차":34.0,
            "가까운역이름":"계산",
            "가까운역거리":600.97,
            "역세권여부":"준역세권",
            "30분이내주요거점역":0,
            "1시간이내주요거점역":0,
            "3km이내백화점수":0,
            "5km이내아울렛몰수":0,
            "1km이내대형먀트수":1,
            "500m이내은행수":1,
            "500m이내병원수":26,
            "5km이내대형병원수":4,
            "500m이내공원수":4,
            "3km이내혐오시설수":0,
            "초등학교학업성취도":87.3,
            "중학교학업성취도":64.6,
            "용적률":142,
            "건폐율":23,
            "Y":37.54608,
            "X":126.72233,
            "rank":55.0,
            "area_info":"21평(70.38), 23평(79.21), 23평(79.22), 26평(87.76)",
            "last_sales":"2021-08-21,20000.0,21평(70.38)"
        },
        {
            "index":455,
            "아파트명":"동아",
            "투자타입":"재건축",
            "전용면적(m2)":"57.54",
            "전용면적(평)":"17평",
            "법정동주소":"인천시 계양구 효성동 286",
            "도로명주소":"인천시 계양구 새벌로 159",
            "세대수":0,
            "입주년차":"--",
            "용적률점수":100,
            "건폐율점수":80,
            "세대당주차수":"--",
            "난방방식":"--",
            "공급면적":50,
            "전용률":60,
            "욕실수":"--",
            "현관타입":"--",
            "주거총점":61.5,
            "지역구공급총점":0.0,
            "역세권":50,
            "30분내 이동가능 거점":0,
            "1시간내 이동가능 거점":10,
            "교통총점":27.0,
            "백화점":0,
            "아울렛몰":0,
            "대형마트":100,
            "은행":0,
            "병원":60,
            "종합병원":100,
            "공원":0,
            "혐오시설":0,
            "인프라총점":41.0,
            "초등학군":88.41,
            "중학군":35.8,
            "학군총점":46.322,
            "인구수":35.56,
            "인구증감":-5.28,
            "인구총점":23.308,
            "일자리":9.9,
            "소득수준":46.63,
            "일자리총점":20.919,
            "가치 총점":40.9983,
            "매매실거래년":20211225.0,
            "매매실거래가":19900.0,
            "전세실거래년":20220109.0,
            "전세실거래가":15000.0,
            "전세가율":75.38,
            "장기전세가율평균":70.92,
            "전세가율거품지수":-4.46,
            "검색코드":8234,
            "세대수":270.0,
            "준공년월":"1986-05-17",
            "준공년차":37.0,
            "가까운역이름":"작전",
            "가까운역거리":563.3,
            "역세권여부":"준역세권",
            "30분이내주요거점역":0,
            "1시간이내주요거점역":1,
            "3km이내백화점수":0,
            "5km이내아울렛몰수":0,
            "1km이내대형먀트수":2,
            "500m이내은행수":0,
            "500m이내병원수":11,
            "5km이내대형병원수":5,
            "500m이내공원수":0,
            "3km이내혐오시설수":0,
            "초등학교학업성취도":88.41,
            "중학교학업성취도":59.4,
            "용적률":140,
            "건폐율":29,
            "Y":37.531559,
            "X":126.716304,
            "rank":56.0,
            "area_info":"17평(57.54), 20평(66.51), 21평(70.98), 23평(77.6)",
            "last_sales":"2021-12-25,19900.0,17평(57.54)"
        },
        {
            "index":0,
            "아파트명":"경신",
            "투자타입":"재건축",
            "전용면적(m2)":"49.68",
            "전용면적(평)":"15평",
            "법정동주소":"인천시 계양구 계산동 산37-6",
            "도로명주소":"인천시 계양구 계양산로 17",
            "세대수":0,
            "입주년차":"--",
            "용적률점수":100,
            "건폐율점수":80,
            "세대당주차수":"--",
            "난방방식":"--",
            "공급면적":50,
            "전용률":60,
            "욕실수":"--",
            "현관타입":"--",
            "주거총점":61.5,
            "지역구공급총점":0.0,
            "역세권":50,
            "30분내 이동가능 거점":0,
            "1시간내 이동가능 거점":0,
            "교통총점":25.0,
            "백화점":0,
            "아울렛몰":0,
            "대형마트":80,
            "은행":0,
            "병원":60,
            "종합병원":100,
            "공원":100,
            "혐오시설":0,
            "인프라총점":41.0,
            "초등학군":87.3,
            "중학군":40.4,
            "학군총점":49.78,
            "인구수":35.56,
            "인구증감":-5.28,
            "인구총점":23.308,
            "일자리":9.9,
            "소득수준":46.63,
            "일자리총점":20.919,
            "가치 총점":40.817,
            "매매실거래년":20211208.0,
            "매매실거래가":13500.0,
            "전세실거래년":20200330.0,
            "전세실거래가":7000.0,
            "전세가율":84.34,
            "장기전세가율평균":70.92,
            "전세가율거품지수":-13.42,
            "검색코드":8530,
            "세대수":110.0,
            "준공년월":"1987-08-05",
            "준공년차":36.0,
            "가까운역이름":"경인교대입구",
            "가까운역거리":871.66,
            "역세권여부":"준역세권",
            "30분이내주요거점역":0,
            "1시간이내주요거점역":0,
            "3km이내백화점수":0,
            "5km이내아울렛몰수":0,
            "1km이내대형먀트수":1,
            "500m이내은행수":1,
            "500m이내병원수":16,
            "5km이내대형병원수":4,
            "500m이내공원수":2,
            "3km이내혐오시설수":0,
            "초등학교학업성취도":87.3,
            "중학교학업성취도":64.6,
            "용적률":118,
            "건폐율":23,
            "Y":37.545259,
            "X":126.718412,
            "rank":57.0,
            "area_info":"15평(49.68), 16평(53.28), 16평(56.03), 17평(56.4), 17평(59.47), 17평(59.22), 18평(59.58), 17평(59.5), 17평(59.2)",
            "last_sales":"2021-12-08,13500.0,18평(59.58)"
        },
        {
            "index":93,
            "아파트명":"은행마을아주",
            "투자타입":"일반",
            "전용면적(m2)":"76.83",
            "전용면적(평)":"23평",
            "법정동주소":"인천시 계양구 계산동 1085-2",
            "도로명주소":"인천시 계양구 용종로 26",
            "세대수":50,
            "입주년차":0,
            "용적률점수":"--",
            "건폐율점수":"--",
            "세대당주차수":30,
            "난방방식":100,
            "공급면적":"--",
            "전용률":"--",
            "욕실수":50,
            "현관타입":100,
            "주거총점":47.0,
            "지역구공급총점":0.0,
            "역세권":50,
            "30분내 이동가능 거점":0,
            "1시간내 이동가능 거점":0,
            "교통총점":25.0,
            "백화점":0,
            "아울렛몰":0,
            "대형마트":100,
            "은행":20,
            "병원":60,
            "종합병원":100,
            "공원":100,
            "혐오시설":0,
            "인프라총점":46.0,
            "초등학군":89.87,
            "중학군":50.0,
            "학군총점":57.974,
            "인구수":35.56,
            "인구증감":-5.28,
            "인구총점":23.308,
            "일자리":9.9,
            "소득수준":46.63,
            "일자리총점":20.919,
            "가치 총점":40.6461,
            "매매실거래년":20211207.0,
            "매매실거래가":42000.0,
            "전세실거래년":20210909.0,
            "전세실거래가":24000.0,
            "전세가율":65.22,
            "장기전세가율평균":70.92,
            "전세가율거품지수":5.7,
            "검색코드":2258,
            "세대수":612.0,
            "준공년월":"1997-07-26",
            "준공년차":26.0,
            "가까운역이름":"임학",
            "가까운역거리":992.12,
            "역세권여부":"준역세권",
            "30분이내주요거점역":0,
            "1시간이내주요거점역":0,
            "3km이내백화점수":0,
            "5km이내아울렛몰수":0,
            "1km이내대형먀트수":3,
            "500m이내은행수":2,
            "500m이내병원수":15,
            "5km이내대형병원수":5,
            "500m이내공원수":5,
            "3km이내혐오시설수":0,
            "초등학교학업성취도":89.87,
            "중학교학업성취도":79.4,
            "용적률":249,
            "건폐율":20,
            "Y":37.5367,
            "X":126.7426,
            "rank":58.0,
            "area_info":"23평(76.83), 23평(79.14), 28평(93.2)",
            "last_sales":"2021-12-07,42000.0,28평(93.2)"
        },
        {
            "index":252,
            "아파트명":"초정마을하나",
            "투자타입":"일반",
            "전용면적(m2)":"35.85",
            "전용면적(평)":"10평",
            "법정동주소":"인천시 계양구 용종동 228-1",
            "도로명주소":"인천시 계양구 계양문화로 168",
            "세대수":90,
            "입주년차":0,
            "용적률점수":"--",
            "건폐율점수":"--",
            "세대당주차수":30,
            "난방방식":100,
            "공급면적":"--",
            "전용률":"--",
            "욕실수":50,
            "현관타입":10,
            "주거총점":52.0,
            "지역구공급총점":0.0,
            "역세권":50,
            "30분내 이동가능 거점":0,
            "1시간내 이동가능 거점":0,
            "교통총점":25.0,
            "백화점":0,
            "아울렛몰":0,
            "대형마트":100,
            "은행":0,
            "병원":30,
            "종합병원":100,
            "공원":100,
            "혐오시설":0,
            "인프라총점":41.0,
            "초등학군":89.87,
            "중학군":52.3,
            "학군총점":59.814,
            "인구수":35.56,
            "인구증감":-5.28,
            "인구총점":23.308,
            "일자리":9.9,
            "소득수준":46.63,
            "일자리총점":20.919,
            "가치 총점":40.4221,
            "매매실거래년":20211217.0,
            "매매실거래가":12500.0,
            "전세실거래년":20211103.0,
            "전세실거래가":9000.0,
            "전세가율":72.0,
            "장기전세가율평균":70.92,
            "전세가율거품지수":-1.08,
            "검색코드":2413,
            "세대수":972.0,
            "준공년월":"1997-08-19",
            "준공년차":26.0,
            "가까운역이름":"임학",
            "가까운역거리":649.4,
            "역세권여부":"준역세권",
            "30분이내주요거점역":0,
            "1시간이내주요거점역":0,
            "3km이내백화점수":0,
            "5km이내아울렛몰수":0,
            "1km이내대형먀트수":2,
            "500m이내은행수":1,
            "500m이내병원수":5,
            "5km이내대형병원수":5,
            "500m이내공원수":7,
            "3km이내혐오시설수":0,
            "초등학교학업성취도":89.87,
            "중학교학업성취도":84.3,
            "용적률":249,
            "건폐율":21,
            "Y":37.540334,
            "X":126.742994,
            "rank":59.0,
            "area_info":"10평(35.85), 32평(107.5)",
            "last_sales":"2021-12-17,12500.0,10평(35.85)"
        },
        {
            "index":474,
            "아파트명":"서광",
            "투자타입":"재건축",
            "전용면적(m2)":"63.18",
            "전용면적(평)":"19평",
            "법정동주소":"인천시 계양구 효성동 236-6",
            "도로명주소":"인천시 계양구 아나지로197번길 24",
            "세대수":0,
            "입주년차":"--",
            "용적률점수":100,
            "건폐율점수":80,
            "세대당주차수":"--",
            "난방방식":"--",
            "공급면적":50,
            "전용률":80,
            "욕실수":"--",
            "현관타입":"--",
            "주거총점":62.5,
            "지역구공급총점":0.0,
            "역세권":50,
            "30분내 이동가능 거점":0,
            "1시간내 이동가능 거점":0,
            "교통총점":25.0,
            "백화점":0,
            "아울렛몰":0,
            "대형마트":80,
            "은행":0,
            "병원":60,
            "종합병원":100,
            "공원":80,
            "혐오시설":0,
            "인프라총점":40.4,
            "초등학군":86.15,
            "중학군":35.8,
            "학군총점":45.87,
            "인구수":35.56,
            "인구증감":-5.28,
            "인구총점":23.308,
            "일자리":9.9,
            "소득수준":46.63,
            "일자리총점":20.919,
            "가치 총점":40.2505,
            "매매실거래년":20220105.0,
            "매매실거래가":19000.0,
            "전세실거래년":20211228.0,
            "전세실거래가":12000.0,
            "전세가율":63.16,
            "장기전세가율평균":70.92,
            "전세가율거품지수":7.76,
            "검색코드":8267,
            "세대수":140.0,
            "준공년월":"1983-11-30",
            "준공년차":40.0,
            "가까운역이름":"작전",
            "가까운역거리":806.84,
            "역세권여부":"준역세권",
            "30분이내주요거점역":0,
            "1시간이내주요거점역":0,
            "3km이내백화점수":0,
            "5km이내아울렛몰수":0,
            "1km이내대형먀트수":1,
            "500m이내은행수":0,
            "500m이내병원수":11,
            "5km이내대형병원수":6,
            "500m이내공원수":1,
            "3km이내혐오시설수":0,
            "초등학교학업성취도":86.15,
            "중학교학업성취도":59.4,
            "용적률":118,
            "건폐율":23,
            "Y":37.527284,
            "X":126.714273,
            "rank":60.0,
            "area_info":"19평(63.18), 22평(74.54)",
            "last_sales":"2022-01-05,19000.0,19평(63.18)"
        },
        {
            "index":16,
            "아파트명":"계양산파크트루엘",
            "투자타입":"일반",
            "전용면적(m2)":"82.16",
            "전용면적(평)":"24평",
            "법정동주소":"인천시 계양구 계산동 1110",
            "도로명주소":"인천시 계양구 경명대로1045번길 31",
            "세대수":30,
            "입주년차":100,
            "용적률점수":"--",
            "건폐율점수":"--",
            "세대당주차수":30,
            "난방방식":30,
            "공급면적":"--",
            "전용률":"--",
            "욕실수":100,
            "현관타입":100,
            "주거총점":58.0,
            "지역구공급총점":0.0,
            "역세권":50,
            "30분내 이동가능 거점":0,
            "1시간내 이동가능 거점":0,
            "교통총점":25.0,
            "백화점":0,
            "아울렛몰":0,
            "대형마트":80,
            "은행":0,
            "병원":60,
            "종합병원":100,
            "공원":100,
            "혐오시설":0,
            "인프라총점":41.0,
            "초등학군":87.3,
            "중학군":40.4,
            "학군총점":49.78,
            "인구수":35.56,
            "인구증감":-5.28,
            "인구총점":23.308,
            "일자리":9.9,
            "소득수준":46.63,
            "일자리총점":20.919,
            "가치 총점":40.117,
            "매매실거래년":20211108.0,
            "매매실거래가":44000.0,
            "전세실거래년":null,
            "전세실거래가":null,
            "전세가율":null,
            "장기전세가율평균":70.92,
            "전세가율거품지수":null,
            "검색코드":120493,
            "세대수":369.0,
            "준공년월":"2020-02-01",
            "준공년차":3.0,
            "가까운역이름":"계산",
            "가까운역거리":639.91,
            "역세권여부":"준역세권",
            "30분이내주요거점역":0,
            "1시간이내주요거점역":0,
            "3km이내백화점수":0,
            "5km이내아울렛몰수":0,
            "1km이내대형먀트수":1,
            "500m이내은행수":1,
            "500m이내병원수":22,
            "5km이내대형병원수":4,
            "500m이내공원수":4,
            "3km이내혐오시설수":0,
            "초등학교학업성취도":87.3,
            "중학교학업성취도":64.6,
            "용적률":222,
            "건폐율":24,
            "Y":37.546753,
            "X":126.722381,
            "rank":61.0,
            "area_info":"24평(82.16), 24평(82.48), 25평(82.71), 25평(83.22), 25평(83.9), 25평(83.83), 25평(83.37)",
            "last_sales":"2021-11-08,44000.0,25평(83.9)"
        },
        {
            "index":379,
            "아파트명":"한양",
            "투자타입":"재건축",
            "전용면적(m2)":"78.43",
            "전용면적(평)":"23평",
            "법정동주소":"인천시 계양구 작전동 854-4",
            "도로명주소":"인천시 계양구 계양대로120번길 10",
            "세대수":0,
            "입주년차":"--",
            "용적률점수":0,
            "건폐율점수":80,
            "세대당주차수":"--",
            "난방방식":"--",
            "공급면적":50,
            "전용률":60,
            "욕실수":"--",
            "현관타입":"--",
            "주거총점":21.5,
            "지역구공급총점":0.0,
            "역세권":80,
            "30분내 이동가능 거점":0,
            "1시간내 이동가능 거점":0,
            "교통총점":40.0,
            "백화점":0,
            "아울렛몰":0,
            "대형마트":100,
            "은행":20,
            "병원":60,
            "종합병원":100,
            "공원":100,
            "혐오시설":0,
            "인프라총점":46.0,
            "초등학군":87.44,
            "중학군":44.8,
            "학군총점":53.328,
            "인구수":35.56,
            "인구증감":-5.28,
            "인구총점":23.308,
            "일자리":9.9,
            "소득수준":46.63,
            "일자리총점":20.919,
            "가치 총점":40.0992,
            "매매실거래년":20211002.0,
            "매매실거래가":24500.0,
            "전세실거래년":20211107.0,
            "전세실거래가":14000.0,
            "전세가율":57.14,
            "장기전세가율평균":70.92,
            "전세가율거품지수":13.78,
            "검색코드":2435,
            "세대수":280.0,
            "준공년월":"1985-10-01",
            "준공년차":38.0,
            "가까운역이름":"작전",
            "가까운역거리":431.69,
            "역세권여부":"역세권",
            "30분이내주요거점역":0,
            "1시간이내주요거점역":0,
            "3km이내백화점수":0,
            "5km이내아울렛몰수":0,
            "1km이내대형먀트수":2,
            "500m이내은행수":2,
            "500m이내병원수":23,
            "5km이내대형병원수":5,
            "500m이내공원수":2,
            "3km이내혐오시설수":0,
            "초등학교학업성취도":87.44,
            "중학교학업성취도":73.4,
            "용적률":243,
            "건폐율":20,
            "Y":37.534155,
            "X":126.72384,
            "rank":62.0,
            "area_info":"23평(78.43), 32평(106.86)",
            "last_sales":"2021-10-02,24500.0,23평(78.43)"
        },
        {
            "index":390,
            "아파트명":"현대1차",
            "투자타입":"재건축",
            "전용면적(m2)":"86.37",
            "전용면적(평)":"26평",
            "법정동주소":"인천시 계양구 작전동 111",
            "도로명주소":"인천시 계양구 봉오대로743번길 8",
            "세대수":50,
            "입주년차":"--",
            "용적률점수":20,
            "건폐율점수":100,
            "세대당주차수":"--",
            "난방방식":"--",
            "공급면적":70,
            "전용률":80,
            "욕실수":"--",
            "현관타입":"--",
            "주거총점":50.5,
            "지역구공급총점":0.0,
            "역세권":50,
            "30분내 이동가능 거점":0,
            "1시간내 이동가능 거점":0,
            "교통총점":25.0,
            "백화점":0,
            "아울렛몰":0,
            "대형마트":100,
            "은행":0,
            "병원":60,
            "종합병원":100,
            "공원":100,
            "혐오시설":0,
            "인프라총점":44.0,
            "초등학군":88.4,
            "중학군":44.8,
            "학군총점":53.52,
            "인구수":35.56,
            "인구증감":-5.28,
            "인구총점":23.308,
            "일자리":9.9,
            "소득수준":46.63,
            "일자리총점":20.919,
            "가치 총점":40.078,
            "매매실거래년":20211125.0,
            "매매실거래가":41000.0,
            "전세실거래년":20211106.0,
            "전세실거래가":25000.0,
            "전세가율":79.37,
            "장기전세가율평균":70.92,
            "전세가율거품지수":-8.45,
            "검색코드":2438,
            "세대수":570.0,
            "준공년월":"1990-09-28",
            "준공년차":33.0,
            "가까운역이름":"작전",
            "가까운역거리":923.4,
            "역세권여부":"준역세권",
            "30분이내주요거점역":0,
            "1시간이내주요거점역":0,
            "3km이내백화점수":0,
            "5km이내아울렛몰수":0,
            "1km이내대형먀트수":2,
            "500m이내은행수":0,
            "500m이내병원수":20,
            "5km이내대형병원수":6,
            "500m이내공원수":5,
            "3km이내혐오시설수":0,
            "초등학교학업성취도":88.4,
            "중학교학업성취도":73.4,
            "용적률":219,
            "건폐율":18,
            "Y":37.531738,
            "X":126.732865,
            "rank":63.0,
            "area_info":"26평(86.37), 31평(103.07)",
            "last_sales":"2021-11-25,41000.0,31평(103.07)"
        },
        {
            "index":371,
            "아파트명":"팬더(53)",
            "투자타입":"재건축",
            "전용면적(m2)":"62.62",
            "전용면적(평)":"18평",
            "법정동주소":"인천시 계양구 작전동 53",
            "도로명주소":"인천시 계양구 주부토로448번길 2",
            "세대수":0,
            "입주년차":"--",
            "용적률점수":80,
            "건폐율점수":60,
            "세대당주차수":"--",
            "난방방식":"--",
            "공급면적":50,
            "전용률":60,
            "욕실수":"--",
            "현관타입":"--",
            "주거총점":49.5,
            "지역구공급총점":0.0,
            "역세권":50,
            "30분내 이동가능 거점":0,
            "1시간내 이동가능 거점":0,
            "교통총점":25.0,
            "백화점":0,
            "아울렛몰":0,
            "대형마트":100,
            "은행":0,
            "병원":60,
            "종합병원":100,
            "공원":100,
            "혐오시설":0,
            "인프라총점":44.0,
            "초등학군":87.44,
            "중학군":44.8,
            "학군총점":53.328,
            "인구수":35.56,
            "인구증감":-5.28,
            "인구총점":23.308,
            "일자리":9.9,
            "소득수준":46.63,
            "일자리총점":20.919,
            "가치 총점":39.8492,
            "매매실거래년":20211204.0,
            "매매실거래가":15800.0,
            "전세실거래년":20210721.0,
            "전세실거래가":10000.0,
            "전세가율":63.29,
            "장기전세가율평균":70.92,
            "전세가율거품지수":7.63,
            "검색코드":22393,
            "세대수":100.0,
            "준공년월":"1989-12-01",
            "준공년차":34.0,
            "가까운역이름":"작전",
            "가까운역거리":653.93,
            "역세권여부":"준역세권",
            "30분이내주요거점역":0,
            "1시간이내주요거점역":0,
            "3km이내백화점수":0,
            "5km이내아울렛몰수":0,
            "1km이내대형먀트수":3,
            "500m이내은행수":0,
            "500m이내병원수":13,
            "5km이내대형병원수":6,
            "500m이내공원수":2,
            "3km이내혐오시설수":0,
            "초등학교학업성취도":87.44,
            "중학교학업성취도":73.4,
            "용적률":171,
            "건폐율":34,
            "Y":37.533979,
            "X":126.728426,
            "rank":64.0,
            "area_info":"18평(62.62), 22평(75.49)",
            "last_sales":"2021-12-04,15800.0,18평(62.62)"
        },
        {
            "index":192,
            "아파트명":"아주",
            "투자타입":"재건축",
            "전용면적(m2)":"75.86",
            "전용면적(평)":"22평",
            "법정동주소":"인천시 계양구 방축동 37-2",
            "도로명주소":"인천시 계양구 장제로995번길 44",
            "세대수":50,
            "입주년차":"--",
            "용적률점수":60,
            "건폐율점수":60,
            "세대당주차수":"--",
            "난방방식":"--",
            "공급면적":50,
            "전용률":60,
            "욕실수":"--",
            "현관타입":"--",
            "주거총점":56.5,
            "지역구공급총점":0.0,
            "역세권":80,
            "30분내 이동가능 거점":0,
            "1시간내 이동가능 거점":0,
            "교통총점":40.0,
            "백화점":0,
            "아울렛몰":0,
            "대형마트":0,
            "은행":0,
            "병원":30,
            "종합병원":100,
            "공원":80,
            "혐오시설":0,
            "인프라총점":25.4,
            "초등학군":85.56,
            "중학군":34.58,
            "학군총점":44.776,
            "인구수":35.56,
            "인구증감":-5.28,
            "인구총점":23.308,
            "일자리":9.9,
            "소득수준":46.63,
            "일자리총점":20.919,
            "가치 총점":39.6364,
            "매매실거래년":20210828.0,
            "매매실거래가":32000.0,
            "전세실거래년":20210601.0,
            "전세실거래가":13000.0,
            "전세가율":55.56,
            "장기전세가율평균":70.92,
            "전세가율거품지수":15.36,
            "검색코드":8520,
            "세대수":480.0,
            "준공년월":"1991-04-17",
            "준공년차":32.0,
            "가까운역이름":"박촌",
            "가까운역거리":459.36,
            "역세권여부":"역세권",
            "30분이내주요거점역":0,
            "1시간이내주요거점역":0,
            "3km이내백화점수":0,
            "5km이내아울렛몰수":0,
            "1km이내대형먀트수":0,
            "500m이내은행수":0,
            "500m이내병원수":5,
            "5km이내대형병원수":3,
            "500m이내공원수":1,
            "3km이내혐오시설수":0,
            "초등학교학업성취도":85.56,
            "중학교학업성취도":57.1,
            "용적률":187,
            "건폐율":31,
            "Y":37.556063,
            "X":126.7408,
            "rank":65.0,
            "area_info":"22평(75.86), 24평(79.89), 25평(83.8)",
            "last_sales":"2021-08-28,32000.0,25평(83.8)"
        },
        {
            "index":279,
            "아파트명":"동보1차",
            "투자타입":"일반",
            "전용면적(m2)":"82.24",
            "전용면적(평)":"24평",
            "법정동주소":"인천시 계양구 작전동 388-2",
            "도로명주소":"인천시 계양구 주부토로363번길 27",
            "세대수":90,
            "입주년차":0,
            "용적률점수":"--",
            "건폐율점수":"--",
            "세대당주차수":30,
            "난방방식":30,
            "공급면적":"--",
            "전용률":"--",
            "욕실수":50,
            "현관타입":10,
            "주거총점":45.0,
            "지역구공급총점":0.0,
            "역세권":50,
            "30분내 이동가능 거점":0,
            "1시간내 이동가능 거점":0,
            "교통총점":25.0,
            "백화점":0,
            "아울렛몰":0,
            "대형마트":100,
            "은행":20,
            "병원":60,
            "종합병원":100,
            "공원":100,
            "혐오시설":0,
            "인프라총점":46.0,
            "초등학군":88.4,
            "중학군":44.8,
            "학군총점":53.52,
            "인구수":35.56,
            "인구증감":-5.28,
            "인구총점":23.308,
            "일자리":9.9,
            "소득수준":46.63,
            "일자리총점":20.919,
            "가치 총점":39.578,
            "매매실거래년":20220108.0,
            "매매실거래가":40500.0,
            "전세실거래년":20220111.0,
            "전세실거래가":18700.0,
            "전세가율":68.5,
            "장기전세가율평균":70.92,
            "전세가율거품지수":2.42,
            "검색코드":8236,
            "세대수":1187.0,
            "준공년월":"1995-04-24",
            "준공년차":28.0,
            "가까운역이름":"작전",
            "가까운역거리":630.8,
            "역세권여부":"준역세권",
            "30분이내주요거점역":0,
            "1시간이내주요거점역":0,
            "3km이내백화점수":0,
            "5km이내아울렛몰수":0,
            "1km이내대형먀트수":2,
            "500m이내은행수":2,
            "500m이내병원수":17,
            "5km이내대형병원수":7,
            "500m이내공원수":2,
            "3km이내혐오시설수":0,
            "초등학교학업성취도":88.4,
            "중학교학업성취도":73.4,
            "용적률":295,
            "건폐율":18,
            "Y":37.526383,
            "X":126.727559,
            "rank":66.0,
            "area_info":"24평(82.24), 30평(102.32), 41평(137.68)",
            "last_sales":"2022-01-08,40500.0,30평(102.32)"
        },
        {
            "index":82,
            "아파트명":"영동",
            "투자타입":"재건축",
            "전용면적(m2)":"47.34",
            "전용면적(평)":"14평",
            "법정동주소":"인천시 계양구 계산동 931-16",
            "도로명주소":"인천시 계양구 경명대로1045번길 11",
            "세대수":0,
            "입주년차":"--",
            "용적률점수":80,
            "건폐율점수":60,
            "세대당주차수":"--",
            "난방방식":"--",
            "공급면적":50,
            "전용률":60,
            "욕실수":"--",
            "현관타입":"--",
            "주거총점":49.5,
            "지역구공급총점":0.0,
            "역세권":50,
            "30분내 이동가능 거점":0,
            "1시간내 이동가능 거점":0,
            "교통총점":25.0,
            "백화점":0,
            "아울렛몰":0,
            "대형마트":80,
            "은행":20,
            "병원":80,
            "종합병원":100,
            "공원":100,
            "혐오시설":0,
            "인프라총점":45.0,
            "초등학군":85.85,
            "중학군":40.4,
            "학군총점":49.49,
            "인구수":35.56,
            "인구증감":-5.28,
            "인구총점":23.308,
            "일자리":9.9,
            "소득수준":46.63,
            "일자리총점":20.919,
            "가치 총점":39.5735,
            "매매실거래년":20211204.0,
            "매매실거래가":10500.0,
            "전세실거래년":20210128.0,
            "전세실거래가":7000.0,
            "전세가율":66.67,
            "장기전세가율평균":70.92,
            "전세가율거품지수":4.25,
            "검색코드":2514,
            "세대수":110.0,
            "준공년월":"1986-11-27",
            "준공년차":37.0,
            "가까운역이름":"계산",
            "가까운역거리":526.0,
            "역세권여부":"준역세권",
            "30분이내주요거점역":0,
            "1시간이내주요거점역":0,
            "3km이내백화점수":0,
            "5km이내아울렛몰수":0,
            "1km이내대형먀트수":1,
            "500m이내은행수":2,
            "500m이내병원수":32,
            "5km이내대형병원수":4,
            "500m이내공원수":3,
            "3km이내혐오시설수":0,
            "초등학교학업성취도":85.85,
            "중학교학업성취도":64.6,
            "용적률":171,
            "건폐율":34,
            "Y":37.544663,
            "X":126.722439,
            "rank":67.0,
            "area_info":"14평(47.34), 15평(52.08), 19평(63.74), 20평(66.22)",
            "last_sales":"2021-12-04,10500.0,14평(47.34)"
        },
        {
            "index":161,
            "아파트명":"귤현IPARK",
            "투자타입":"일반",
            "전용면적(m2)":"105.79",
            "전용면적(평)":"32평",
            "법정동주소":"인천시 계양구 귤현동 489",
            "도로명주소":"인천시 계양구 장군봉길 12",
            "세대수":30,
            "입주년차":40,
            "용적률점수":"--",
            "건폐율점수":"--",
            "세대당주차수":30,
            "난방방식":30,
            "공급면적":"--",
            "전용률":"--",
            "욕실수":100,
            "현관타입":100,
            "주거총점":46.0,
            "지역구공급총점":0.0,
            "역세권":50,
            "30분내 이동가능 거점":0,
            "1시간내 이동가능 거점":40,
            "교통총점":33.0,
            "백화점":0,
            "아울렛몰":100,
            "대형마트":0,
            "은행":0,
            "병원":10,
            "종합병원":100,
            "공원":100,
            "혐오시설":0,
            "인프라총점":34.0,
            "초등학군":81.12,
            "중학군":51.54,
            "학군총점":57.456,
            "인구수":35.56,
            "인구증감":-5.28,
            "인구총점":23.308,
            "일자리":9.9,
            "소득수준":46.63,
            "일자리총점":20.919,
            "가치 총점":39.5684,
            "매매실거래년":20210915.0,
            "매매실거래가":50800.0,
            "전세실거래년":20211104.0,
            "전세실거래가":31000.0,
            "전세가율":61.02,
            "장기전세가율평균":70.92,
            "전세가율거품지수":9.9,
            "검색코드":11032,
            "세대수":394.0,
            "준공년월":"2004-10-29",
            "준공년차":19.0,
            "가까운역이름":"귤현",
            "가까운역거리":689.16,
            "역세권여부":"준역세권",
            "30분이내주요거점역":0,
            "1시간이내주요거점역":4,
            "3km이내백화점수":0,
            "5km이내아울렛몰수":2,
            "1km이내대형먀트수":0,
            "500m이내은행수":0,
            "500m이내병원수":3,
            "5km이내대형병원수":3,
            "500m이내공원수":3,
            "3km이내혐오시설수":0,
            "초등학교학업성취도":81.12,
            "중학교학업성취도":82.7,
            "용적률":199,
            "건폐율":18,
            "Y":37.57,
            "X":126.749,
            "rank":68.0,
            "area_info":"32평(105.79)",
            "last_sales":"2021-09-15,50800.0,32평(105.79)"
        },
        {
            "index":345,
            "아파트명":"우암센스뷰",
            "투자타입":"일반",
            "전용면적(m2)":"108.86",
            "전용면적(평)":"32평",
            "법정동주소":"인천시 계양구 작전동 857-5",
            "도로명주소":"인천시 계양구 계산로126번길 19",
            "세대수":0,
            "입주년차":20,
            "용적률점수":"--",
            "건폐율점수":"--",
            "세대당주차수":0,
            "난방방식":30,
            "공급면적":"--",
            "전용률":"--",
            "욕실수":50,
            "현관타입":100,
            "주거총점":22.0,
            "지역구공급총점":0.0,
            "역세권":80,
            "30분내 이동가능 거점":0,
            "1시간내 이동가능 거점":0,
            "교통총점":40.0,
            "백화점":0,
            "아울렛몰":0,
            "대형마트":100,
            "은행":0,
            "병원":60,
            "종합병원":100,
            "공원":80,
            "혐오시설":0,
            "인프라총점":43.4,
            "초등학군":87.44,
            "중학군":44.8,
            "학군총점":53.328,
            "인구수":35.56,
            "인구증감":-5.28,
            "인구총점":23.308,
            "일자리":9.9,
            "소득수준":46.63,
            "일자리총점":20.919,
            "가치 총점":39.4192,
            "매매실거래년":20211028.0,
            "매매실거래가":23500.0,
            "전세실거래년":20220104.0,
            "전세실거래가":17000.0,
            "전세가율":72.34,
            "장기전세가율평균":70.92,
            "전세가율거품지수":-1.42,
            "검색코드":11780,
            "세대수":119.0,
            "준공년월":"2003-12-04",
            "준공년차":20.0,
            "가까운역이름":"경인교대입구",
            "가까운역거리":451.45,
            "역세권여부":"역세권",
            "30분이내주요거점역":0,
            "1시간이내주요거점역":0,
            "3km이내백화점수":0,
            "5km이내아울렛몰수":0,
            "1km이내대형먀트수":2,
            "500m이내은행수":1,
            "500m이내병원수":20,
            "5km이내대형병원수":5,
            "500m이내공원수":1,
            "3km이내혐오시설수":0,
            "초등학교학업성취도":87.44,
            "중학교학업성취도":73.4,
            "용적률":322,
            "건폐율":27,
            "Y":37.535507,
            "X":126.726476,
            "rank":69.0,
            "area_info":"32평(108.86), 36평(119.59)",
            "last_sales":"2021-10-28,23500.0,32평(108.86)"
        },
        {
            "index":511,
            "아파트명":"현대4차",
            "투자타입":"일반",
            "전용면적(m2)":"74.79",
            "전용면적(평)":"22평",
            "법정동주소":"인천시 계양구 효성동 200-1",
            "도로명주소":"인천시 계양구 새벌로112번길 12",
            "세대수":90,
            "입주년차":0,
            "용적률점수":"--",
            "건폐율점수":"--",
            "세대당주차수":30,
            "난방방식":30,
            "공급면적":"--",
            "전용률":"--",
            "욕실수":50,
            "현관타입":10,
            "주거총점":45.0,
            "지역구공급총점":0.0,
            "역세권":50,
            "30분내 이동가능 거점":0,
            "1시간내 이동가능 거점":0,
            "교통총점":25.0,
            "백화점":0,
            "아울렛몰":0,
            "대형마트":80,
            "은행":70,
            "병원":80,
            "종합병원":100,
            "공원":80,
            "혐오시설":0,
            "인프라총점":49.4,
            "초등학군":84.83,
            "중학군":35.8,
            "학군총점":45.606,
            "인구수":35.56,
            "인구증감":-5.28,
            "인구총점":23.308,
            "일자리":9.9,
            "소득수준":46.63,
            "일자리총점":20.919,
            "가치 총점":39.4109,
            "매매실거래년":20211120.0,
            "매매실거래가":32000.0,
            "전세실거래년":20211211.0,
            "전세실거래가":26000.0,
            "전세가율":81.25,
            "장기전세가율평균":70.92,
            "전세가율거품지수":-10.33,
            "검색코드":2480,
            "세대수":919.0,
            "준공년월":"1995-12-15",
            "준공년차":28.0,
            "가까운역이름":"작전",
            "가까운역거리":601.09,
            "역세권여부":"준역세권",
            "30분이내주요거점역":0,
            "1시간이내주요거점역":0,
            "3km이내백화점수":0,
            "5km이내아울렛몰수":0,
            "1km이내대형먀트수":1,
            "500m이내은행수":3,
            "500m이내병원수":32,
            "5km이내대형병원수":8,
            "500m이내공원수":1,
            "3km이내혐오시설수":0,
            "초등학교학업성취도":84.83,
            "중학교학업성취도":59.4,
            "용적률":296,
            "건폐율":19,
            "Y":37.526183,
            "X":126.718286,
            "rank":70.0,
            "area_info":"22평(74.79), 22평(75.05), 32평(105.94), 32평(106.51), 50평(167.33)",
            "last_sales":"2021-11-20,32000.0,22평(74.79)"
        },
        {
            "index":444,
            "아파트명":"대신",
            "투자타입":"재건축",
            "전용면적(m2)":"58.73",
            "전용면적(평)":"17평",
            "법정동주소":"인천시 계양구 효성동 69-4",
            "도로명주소":"인천시 계양구 안남로 526",
            "세대수":0,
            "입주년차":"--",
            "용적률점수":80,
            "건폐율점수":80,
            "세대당주차수":"--",
            "난방방식":"--",
            "공급면적":50,
            "전용률":40,
            "욕실수":"--",
            "현관타입":"--",
            "주거총점":52.5,
            "지역구공급총점":0.0,
            "역세권":50,
            "30분내 이동가능 거점":0,
            "1시간내 이동가능 거점":10,
            "교통총점":27.0,
            "백화점":0,
            "아울렛몰":0,
            "대형마트":80,
            "은행":0,
            "병원":60,
            "종합병원":100,
            "공원":80,
            "혐오시설":0,
            "인프라총점":40.4,
            "초등학군":89.45,
            "중학군":35.8,
            "학군총점":46.53,
            "인구수":35.56,
            "인구증감":-5.28,
            "인구총점":23.308,
            "일자리":9.9,
            "소득수준":46.63,
            "일자리총점":20.919,
            "가치 총점":39.0495,
            "매매실거래년":20211207.0,
            "매매실거래가":8400.0,
            "전세실거래년":20220106.0,
            "전세실거래가":9000.0,
            "전세가율":107.14,
            "장기전세가율평균":70.92,
            "전세가율거품지수":-36.22,
            "검색코드":10366,
            "세대수":120.0,
            "준공년월":"1989-06-10",
            "준공년차":34.0,
            "가까운역이름":"작전",
            "가까운역거리":932.66,
            "역세권여부":"준역세권",
            "30분이내주요거점역":0,
            "1시간이내주요거점역":1,
            "3km이내백화점수":0,
            "5km이내아울렛몰수":0,
            "1km이내대형먀트수":1,
            "500m이내은행수":0,
            "500m이내병원수":20,
            "5km이내대형병원수":5,
            "500m이내공원수":1,
            "3km이내혐오시설수":0,
            "초등학교학업성취도":89.45,
            "중학교학업성취도":59.4,
            "용적률":172,
            "건폐율":29,
            "Y":37.529989,
            "X":126.711964,
            "rank":71.0,
            "area_info":"17평(58.73), 20평(68.03), 21평(69.59), 21평(70.34)",
            "last_sales":"2021-12-07,8400.0,17평(58.73)"
        },
        {
            "index":181,
            "아파트명":"계양한양수자인",
            "투자타입":"일반",
            "전용면적(m2)":"80.09",
            "전용면적(평)":"24평",
            "법정동주소":"인천시 계양구 박촌동 319",
            "도로명주소":"인천시 계양구 장제로 1004",
            "세대수":30,
            "입주년차":60,
            "용적률점수":"--",
            "건폐율점수":"--",
            "세대당주차수":30,
            "난방방식":30,
            "공급면적":"--",
            "전용률":"--",
            "욕실수":100,
            "현관타입":100,
            "주거총점":50.0,
            "지역구공급총점":0.0,
            "역세권":80,
            "30분내 이동가능 거점":0,
            "1시간내 이동가능 거점":10,
            "교통총점":42.0,
            "백화점":0,
            "아울렛몰":0,
            "대형마트":0,
            "은행":0,
            "병원":30,
            "종합병원":100,
            "공원":80,
            "혐오시설":0,
            "인프라총점":25.4,
            "초등학군":85.56,
            "중학군":34.58,
            "학군총점":44.776,
            "인구수":35.56,
            "인구증감":-5.28,
            "인구총점":23.308,
            "일자리":9.9,
            "소득수준":46.63,
            "일자리총점":20.919,
            "가치 총점":39.0364,
            "매매실거래년":20220107.0,
            "매매실거래가":60500.0,
            "전세실거래년":20211210.0,
            "전세실거래가":28665.0,
            "전세가율":55.12,
            "장기전세가율평균":70.92,
            "전세가율거품지수":15.8,
            "검색코드":103713,
            "세대수":376.0,
            "준공년월":"2011-12-22",
            "준공년차":12.0,
            "가까운역이름":"박촌",
            "가까운역거리":181.74,
            "역세권여부":"역세권",
            "30분이내주요거점역":0,
            "1시간이내주요거점역":1,
            "3km이내백화점수":0,
            "5km이내아울렛몰수":0,
            "1km이내대형먀트수":0,
            "500m이내은행수":0,
            "500m이내병원수":7,
            "5km이내대형병원수":3,
            "500m이내공원수":1,
            "3km이내혐오시설수":0,
            "초등학교학업성취도":85.56,
            "중학교학업성취도":57.1,
            "용적률":229,
            "건폐율":26,
            "Y":37.555134,
            "X":126.746073,
            "rank":72.0,
            "area_info":"24평(80.09), 34평(113.69), 34평(114.01), 48평(159.95)",
            "last_sales":"2022-01-07,60500.0,34평(113.69)"
        },
        {
            "index":502,
            "아파트명":"현대1차",
            "투자타입":"재건축",
            "전용면적(m2)":"86.84",
            "전용면적(평)":"26평",
            "법정동주소":"인천시 계양구 효성동 21-11",
            "도로명주소":"인천시 계양구 길마로 70",
            "세대수":80,
            "입주년차":"--",
            "용적률점수":60,
            "건폐율점수":0,
            "세대당주차수":"--",
            "난방방식":"--",
            "공급면적":70,
            "전용률":80,
            "욕실수":"--",
            "현관타입":"--",
            "주거총점":55.5,
            "지역구공급총점":0.0,
            "역세권":50,
            "30분내 이동가능 거점":0,
            "1시간내 이동가능 거점":0,
            "교통총점":25.0,
            "백화점":0,
            "아울렛몰":0,
            "대형마트":80,
            "은행":0,
            "병원":60,
            "종합병원":100,
            "공원":80,
            "혐오시설":0,
            "인프라총점":40.4,
            "초등학군":89.45,
            "중학군":35.8,
            "학군총점":46.53,
            "인구수":35.56,
            "인구증감":-5.28,
            "인구총점":23.308,
            "일자리":9.9,
            "소득수준":46.63,
            "일자리총점":20.919,
            "가치 총점":38.9495,
            "매매실거래년":20211030.0,
            "매매실거래가":56000.0,
            "전세실거래년":20210811.0,
            "전세실거래가":20450.0,
            "전세가율":67.05,
            "장기전세가율평균":70.92,
            "전세가율거품지수":3.87,
            "검색코드":2477,
            "세대수":874.0,
            "준공년월":"1991-11-29",
            "준공년차":32.0,
            "가까운역이름":"작전",
            "가까운역거리":813.98,
            "역세권여부":"준역세권",
            "30분이내주요거점역":0,
            "1시간이내주요거점역":0,
            "3km이내백화점수":0,
            "5km이내아울렛몰수":0,
            "1km이내대형먀트수":1,
            "500m이내은행수":0,
            "500m이내병원수":15,
            "5km이내대형병원수":5,
            "500m이내공원수":1,
            "3km이내혐오시설수":0,
            "초등학교학업성취도":89.45,
            "중학교학업성취도":59.4,
            "용적률":197,
            "건폐율":0,
            "Y":37.533137,
            "X":126.713958,
            "rank":73.0,
            "area_info":"26평(86.84), 26평(86.84), 31평(103.64), 47평(158.28)",
            "last_sales":"2021-10-30,56000.0,47평(158.28)"
        },
        {
            "index":259,
            "아파트명":"유호",
            "투자타입":"재건축",
            "전용면적(m2)":"73.12",
            "전용면적(평)":"22평",
            "법정동주소":"인천시 계양구 임학동 30",
            "도로명주소":"인천시 계양구 임학안로 34-10",
            "세대수":0,
            "입주년차":"--",
            "용적률점수":0,
            "건폐율점수":40,
            "세대당주차수":"--",
            "난방방식":"--",
            "공급면적":50,
            "전용률":60,
            "욕실수":"--",
            "현관타입":"--",
            "주거총점":13.5,
            "지역구공급총점":0.0,
            "역세권":80,
            "30분내 이동가능 거점":0,
            "1시간내 이동가능 거점":0,
            "교통총점":40.0,
            "백화점":0,
            "아울렛몰":0,
            "대형마트":100,
            "은행":0,
            "병원":80,
            "종합병원":100,
            "공원":100,
            "혐오시설":0,
            "인프라총점":46.0,
            "초등학군":82.8,
            "중학군":48.04,
            "학군총점":54.992,
            "인구수":35.56,
            "인구증감":-5.28,
            "인구총점":23.308,
            "일자리":9.9,
            "소득수준":46.63,
            "일자리총점":20.919,
            "가치 총점":38.7488,
            "매매실거래년":20210904.0,
            "매매실거래가":16800.0,
            "전세실거래년":20211016.0,
            "전세실거래가":14000.0,
            "전세가율":90.91,
            "장기전세가율평균":70.92,
            "전세가율거품지수":-19.99,
            "검색코드":8270,
            "세대수":156.0,
            "준공년월":"1990-09-03",
            "준공년차":33.0,
            "가까운역이름":"임학",
            "가까운역거리":298.83,
            "역세권여부":"역세권",
            "30분이내주요거점역":0,
            "1시간이내주요거점역":0,
            "3km이내백화점수":0,
            "5km이내아울렛몰수":0,
            "1km이내대형먀트수":2,
            "500m이내은행수":1,
            "500m이내병원수":33,
            "5km이내대형병원수":5,
            "500m이내공원수":3,
            "3km이내혐오시설수":0,
            "초등학교학업성취도":82.8,
            "중학교학업성취도":77.0,
            "용적률":237,
            "건폐율":39,
            "Y":37.546692,
            "X":126.735973,
            "rank":74.0,
            "area_info":"22평(73.12), 22평(76.02)",
            "last_sales":"2021-09-04,16800.0,22평(76.02)"
        },
        {
            "index":134,
            "아파트명":"한미삼오",
            "투자타입":"일반",
            "전용면적(m2)":"57.28",
            "전용면적(평)":"17평",
            "법정동주소":"인천시 계양구 계산동 953-5",
            "도로명주소":"인천시 계양구 어사대로9번길 5",
            "세대수":0,
            "입주년차":0,
            "용적률점수":"--",
            "건폐율점수":"--",
            "세대당주차수":0,
            "난방방식":30,
            "공급면적":"--",
            "전용률":"--",
            "욕실수":50,
            "현관타입":10,
            "주거총점":9.0,
            "지역구공급총점":0.0,
            "역세권":80,
            "30분내 이동가능 거점":0,
            "1시간내 이동가능 거점":0,
            "교통총점":40.0,
            "백화점":0,
            "아울렛몰":0,
            "대형마트":100,
            "은행":70,
            "병원":80,
            "종합병원":100,
            "공원":100,
            "혐오시설":0,
            "인프라총점":53.0,
            "초등학군":85.85,
            "중학군":37.1,
            "학군총점":46.85,
            "인구수":35.56,
            "인구증감":-5.28,
            "인구총점":23.308,
            "일자리":9.9,
            "소득수준":46.63,
            "일자리총점":20.919,
            "가치 총점":38.7275,
            "매매실거래년":20210907.0,
            "매매실거래가":26000.0,
            "전세실거래년":20191111.0,
            "전세실거래가":11000.0,
            "전세가율":81.48,
            "장기전세가율평균":70.92,
            "전세가율거품지수":-10.56,
            "검색코드":8511,
            "세대수":151.0,
            "준공년월":"1996-12-26",
            "준공년차":27.0,
            "가까운역이름":"계산",
            "가까운역거리":257.28,
            "역세권여부":"역세권",
            "30분이내주요거점역":0,
            "1시간이내주요거점역":0,
            "3km이내백화점수":0,
            "5km이내아울렛몰수":0,
            "1km이내대형먀트수":2,
            "500m이내은행수":3,
            "500m이내병원수":47,
            "5km이내대형병원수":4,
            "500m이내공원수":5,
            "3km이내혐오시설수":0,
            "초등학교학업성취도":85.85,
            "중학교학업성취도":60.7,
            "용적률":251,
            "건폐율":29,
            "Y":37.542398,
            "X":126.725409,
            "rank":75.0,
            "area_info":"17평(57.28), 29평(96.18), 29평(98.3), 32평(107.37)",
            "last_sales":"2021-09-07,26000.0,32평(107.37)"
        },
        {
            "index":28,
            "아파트명":"기산",
            "투자타입":"일반",
            "전용면적(m2)":"81.36",
            "전용면적(평)":"24평",
            "법정동주소":"인천시 계양구 계산동 949-4",
            "도로명주소":"인천시 계양구 어사대로 39",
            "세대수":0,
            "입주년차":0,
            "용적률점수":"--",
            "건폐율점수":"--",
            "세대당주차수":0,
            "난방방식":30,
            "공급면적":"--",
            "전용률":"--",
            "욕실수":50,
            "현관타입":10,
            "주거총점":9.0,
            "지역구공급총점":0.0,
            "역세권":80,
            "30분내 이동가능 거점":0,
            "1시간내 이동가능 거점":0,
            "교통총점":40.0,
            "백화점":0,
            "아울렛몰":0,
            "대형마트":100,
            "은행":70,
            "병원":80,
            "종합병원":100,
            "공원":100,
            "혐오시설":0,
            "인프라총점":53.0,
            "초등학군":85.85,
            "중학군":37.1,
            "학군총점":46.85,
            "인구수":35.56,
            "인구증감":-5.28,
            "인구총점":23.308,
            "일자리":9.9,
            "소득수준":46.63,
            "일자리총점":20.919,
            "가치 총점":38.7275,
            "매매실거래년":20211206.0,
            "매매실거래가":24000.0,
            "전세실거래년":20210721.0,
            "전세실거래가":19000.0,
            "전세가율":79.17,
            "장기전세가율평균":70.92,
            "전세가율거품지수":-8.25,
            "검색코드":8503,
            "세대수":142.0,
            "준공년월":"1996-07-08",
            "준공년차":27.0,
            "가까운역이름":"계산",
            "가까운역거리":268.64,
            "역세권여부":"역세권",
            "30분이내주요거점역":0,
            "1시간이내주요거점역":0,
            "3km이내백화점수":0,
            "5km이내아울렛몰수":0,
            "1km이내대형먀트수":3,
            "500m이내은행수":4,
            "500m이내병원수":54,
            "5km이내대형병원수":5,
            "500m이내공원수":3,
            "3km이내혐오시설수":0,
            "초등학교학업성취도":85.85,
            "중학교학업성취도":60.7,
            "용적률":330,
            "건폐율":28,
            "Y":37.541018,
            "X":126.726926,
            "rank":75.0,
            "area_info":"24평(81.36), 28평(93.26)",
            "last_sales":"2021-12-06,24000.0,24평(81.36)"
        },
        {
            "index":351,
            "아파트명":"작전동보2차",
            "투자타입":"일반",
            "전용면적(m2)":"112.3",
            "전용면적(평)":"33평",
            "법정동주소":"인천시 계양구 작전동 286-1",
            "도로명주소":"인천시 계양구 장제로663번길 13",
            "세대수":50,
            "입주년차":20,
            "용적률점수":"--",
            "건폐율점수":"--",
            "세대당주차수":30,
            "난방방식":30,
            "공급면적":"--",
            "전용률":"--",
            "욕실수":100,
            "현관타입":100,
            "주거총점":49.0,
            "지역구공급총점":0.0,
            "역세권":50,
            "30분내 이동가능 거점":0,
            "1시간내 이동가능 거점":0,
            "교통총점":25.0,
            "백화점":0,
            "아울렛몰":0,
            "대형마트":100,
            "은행":0,
            "병원":30,
            "종합병원":100,
            "공원":80,
            "혐오시설":0,
            "인프라총점":40.4,
            "초등학군":88.4,
            "중학군":44.8,
            "학군총점":53.52,
            "인구수":35.56,
            "인구증감":-5.28,
            "인구총점":23.308,
            "일자리":9.9,
            "소득수준":46.63,
            "일자리총점":20.919,
            "가치 총점":38.698,
            "매매실거래년":20211116.0,
            "매매실거래가":46300.0,
            "전세실거래년":20220115.0,
            "전세실거래가":27000.0,
            "전세가율":58.32,
            "장기전세가율평균":70.92,
            "전세가율거품지수":12.6,
            "검색코드":8237,
            "세대수":502.0,
            "준공년월":"2000-05-04",
            "준공년차":23.0,
            "가까운역이름":"작전",
            "가까운역거리":954.48,
            "역세권여부":"준역세권",
            "30분이내주요거점역":0,
            "1시간이내주요거점역":0,
            "3km이내백화점수":0,
            "5km이내아울렛몰수":0,
            "1km이내대형먀트수":2,
            "500m이내은행수":0,
            "500m이내병원수":9,
            "5km이내대형병원수":7,
            "500m이내공원수":1,
            "3km이내혐오시설수":0,
            "초등학교학업성취도":88.4,
            "중학교학업성취도":73.4,
            "용적률":243,
            "건폐율":18,
            "Y":37.526241,
            "X":126.731985,
            "rank":76.0,
            "area_info":"33평(112.3), 83평(275.69)",
            "last_sales":"2021-11-16,46300.0,33평(112.3)"
        },
        {
            "index":34,
            "아파트명":"동남(898-1)",
            "투자타입":"재건축",
            "전용면적(m2)":"60.45",
            "전용면적(평)":"18평",
            "법정동주소":"인천시 계양구 계산동 898-1",
            "도로명주소":"인천시 계양구 경명대로1029번길 36",
            "세대수":0,
            "입주년차":"--",
            "용적률점수":80,
            "건폐율점수":60,
            "세대당주차수":"--",
            "난방방식":"--",
            "공급면적":50,
            "전용률":60,
            "욕실수":"--",
            "현관타입":"--",
            "주거총점":49.5,
            "지역구공급총점":0.0,
            "역세권":50,
            "30분내 이동가능 거점":0,
            "1시간내 이동가능 거점":0,
            "교통총점":25.0,
            "백화점":0,
            "아울렛몰":0,
            "대형마트":80,
            "은행":0,
            "병원":60,
            "종합병원":100,
            "공원":100,
            "혐오시설":0,
            "인프라총점":41.0,
            "초등학군":87.3,
            "중학군":40.4,
            "학군총점":49.78,
            "인구수":35.56,
            "인구증감":-5.28,
            "인구총점":23.308,
            "일자리":9.9,
            "소득수준":46.63,
            "일자리총점":20.919,
            "가치 총점":38.417,
            "매매실거래년":20211215.0,
            "매매실거래가":19700.0,
            "전세실거래년":20180523.0,
            "전세실거래가":6500.0,
            "전세가율":68.42,
            "장기전세가율평균":70.92,
            "전세가율거품지수":2.5,
            "검색코드":8513,
            "세대수":102.0,
            "준공년월":"1989-04-29",
            "준공년차":34.0,
            "가까운역이름":"계산",
            "가까운역거리":690.42,
            "역세권여부":"준역세권",
            "30분이내주요거점역":0,
            "1시간이내주요거점역":0,
            "3km이내백화점수":0,
            "5km이내아울렛몰수":0,
            "1km이내대형먀트수":1,
            "500m이내은행수":1,
            "500m이내병원수":18,
            "5km이내대형병원수":4,
            "500m이내공원수":4,
            "3km이내혐오시설수":0,
            "초등학교학업성취도":87.3,
            "중학교학업성취도":64.6,
            "용적률":178,
            "건폐율":31,
            "Y":37.546773,
            "X":126.72169,
            "rank":77.0,
            "area_info":"18평(60.45), 19평(63.39), 21평(71.4), 23평(76.11), 26평(88.02)",
            "last_sales":"2021-12-15,19700.0,23평(76.11)"
        },
        {
            "index":174,
            "아파트명":"계양하우스토리2차",
            "투자타입":"일반",
            "전용면적(m2)":"110.07",
            "전용면적(평)":"33평",
            "법정동주소":"인천시 계양구 박촌동 317",
            "도로명주소":"인천시 계양구 장제로995번길 18",
            "세대수":0,
            "입주년차":60,
            "용적률점수":"--",
            "건폐율점수":"--",
            "세대당주차수":60,
            "난방방식":30,
            "공급면적":"--",
            "전용률":"--",
            "욕실수":100,
            "현관타입":100,
            "주거총점":44.0,
            "지역구공급총점":0.0,
            "역세권":80,
            "30분내 이동가능 거점":0,
            "1시간내 이동가능 거점":10,
            "교통총점":42.0,
            "백화점":0,
            "아울렛몰":0,
            "대형마트":0,
            "은행":0,
            "병원":30,
            "종합병원":100,
            "공원":100,
            "혐오시설":0,
            "인프라총점":26.0,
            "초등학군":85.56,
            "중학군":34.58,
            "학군총점":44.776,
            "인구수":35.56,
            "인구증감":-5.28,
            "인구총점":23.308,
            "일자리":9.9,
            "소득수준":46.63,
            "일자리총점":20.919,
            "가치 총점":38.0164,
            "매매실거래년":20210616.0,
            "매매실거래가":69500.0,
            "전세실거래년":20211113.0,
            "전세실거래가":28350.0,
            "전세가율":74.61,
            "장기전세가율평균":70.92,
            "전세가율거품지수":-3.69,
            "검색코드":100106,
            "세대수":182.0,
            "준공년월":"2010-04-28",
            "준공년차":13.0,
            "가까운역이름":"박촌",
            "가까운역거리":197.55,
            "역세권여부":"역세권",
            "30분이내주요거점역":0,
            "1시간이내주요거점역":1,
            "3km이내백화점수":0,
            "5km이내아울렛몰수":0,
            "1km이내대형먀트수":0,
            "500m이내은행수":0,
            "500m이내병원수":7,
            "5km이내대형병원수":3,
            "500m이내공원수":2,
            "3km이내혐오시설수":0,
            "초등학교학업성취도":85.56,
            "중학교학업성취도":57.1,
            "용적률":225,
            "건폐율":27,
            "Y":37.554744,
            "X":126.743261,
            "rank":78.0,
            "area_info":"33평(110.07), 33평(110.33), 41평(136.25), 46평(153.54), 50평(167.02), 50평(168.29), 70평(232.21)",
            "last_sales":"2021-06-16,69500.0,50평(168.29)"
        },
        {
            "index":318,
            "아파트명":"삼성홈타운",
            "투자타입":"일반",
            "전용면적(m2)":"75.33",
            "전용면적(평)":"22평",
            "법정동주소":"인천시 계양구 작전동 947",
            "도로명주소":"인천시 계양구 효서로303번길 19",
            "세대수":0,
            "입주년차":60,
            "용적률점수":"--",
            "건폐율점수":"--",
            "세대당주차수":30,
            "난방방식":30,
            "공급면적":"--",
            "전용률":"--",
            "욕실수":100,
            "현관타입":100,
            "주거총점":39.5,
            "지역구공급총점":0.0,
            "역세권":50,
            "30분내 이동가능 거점":0,
            "1시간내 이동가능 거점":0,
            "교통총점":25.0,
            "백화점":0,
            "아울렛몰":0,
            "대형마트":100,
            "은행":0,
            "병원":60,
            "종합병원":100,
            "공원":100,
            "혐오시설":0,
            "인프라총점":44.0,
            "초등학군":88.4,
            "중학군":44.8,
            "학군총점":53.52,
            "인구수":35.56,
            "인구증감":-5.28,
            "인구총점":23.308,
            "일자리":9.9,
            "소득수준":46.63,
            "일자리총점":20.919,
            "가치 총점":37.878,
            "매매실거래년":20210422.0,
            "매매실거래가":29000.0,
            "전세실거래년":null,
            "전세실거래가":null,
            "전세가율":null,
            "장기전세가율평균":70.92,
            "전세가율거품지수":null,
            "검색코드":104931,
            "세대수":102.0,
            "준공년월":"2013-03-01",
            "준공년차":10.0,
            "가까운역이름":"작전",
            "가까운역거리":659.71,
            "역세권여부":"준역세권",
            "30분이내주요거점역":0,
            "1시간이내주요거점역":0,
            "3km이내백화점수":0,
            "5km이내아울렛몰수":0,
            "1km이내대형먀트수":2,
            "500m이내은행수":0,
            "500m이내병원수":18,
            "5km이내대형병원수":7,
            "500m이내공원수":2,
            "3km이내혐오시설수":0,
            "초등학교학업성취도":88.4,
            "중학교학업성취도":73.4,
            "용적률":236,
            "건폐율":29,
            "Y":37.529598,
            "X":126.729937,
            "rank":79.0,
            "area_info":"22평(75.33), 27평(91.57), 28평(93.87), 34평(114.37), 42평(138.94), 42평(141.4), 43평(144.68)",
            "last_sales":"2021-04-22,29000.0,28평(93.87)"
        },
        {
            "index":476,
            "아파트명":"신진",
            "투자타입":"재건축",
            "전용면적(m2)":"63.94",
            "전용면적(평)":"19평",
            "법정동주소":"인천시 계양구 효성동 242-6",
            "도로명주소":"인천시 계양구 효서로 150",
            "세대수":0,
            "입주년차":"--",
            "용적률점수":80,
            "건폐율점수":60,
            "세대당주차수":"--",
            "난방방식":"--",
            "공급면적":50,
            "전용률":80,
            "욕실수":"--",
            "현관타입":"--",
            "주거총점":50.5,
            "지역구공급총점":0.0,
            "역세권":50,
            "30분내 이동가능 거점":0,
            "1시간내 이동가능 거점":0,
            "교통총점":25.0,
            "백화점":0,
            "아울렛몰":0,
            "대형마트":80,
            "은행":0,
            "병원":60,
            "종합병원":100,
            "공원":80,
            "혐오시설":0,
            "인프라총점":40.4,
            "초등학군":86.15,
            "중학군":35.8,
            "학군총점":45.87,
            "인구수":35.56,
            "인구증감":-5.28,
            "인구총점":23.308,
            "일자리":9.9,
            "소득수준":46.63,
            "일자리총점":20.919,
            "가치 총점":37.8505,
            "매매실거래년":20211018.0,
            "매매실거래가":23400.0,
            "전세실거래년":20211029.0,
            "전세실거래가":8000.0,
            "전세가율":47.06,
            "장기전세가율평균":70.92,
            "전세가율거품지수":23.86,
            "검색코드":8355,
            "세대수":285.0,
            "준공년월":"1984-12-28",
            "준공년차":39.0,
            "가까운역이름":"작전",
            "가까운역거리":902.99,
            "역세권여부":"준역세권",
            "30분이내주요거점역":0,
            "1시간이내주요거점역":0,
            "3km이내백화점수":0,
            "5km이내아울렛몰수":0,
            "1km이내대형먀트수":1,
            "500m이내은행수":0,
            "500m이내병원수":11,
            "5km이내대형병원수":6,
            "500m이내공원수":1,
            "3km이내혐오시설수":0,
            "초등학교학업성취도":86.15,
            "중학교학업성취도":59.4,
            "용적률":158,
            "건폐율":31,
            "Y":37.52694,
            "X":126.713272,
            "rank":80.0,
            "area_info":"19평(63.94), 22평(73.66), 24평(82.01), 29평(95.98)",
            "last_sales":"2021-10-18,23400.0,24평(82.01)"
        },
        {
            "index":147,
            "아파트명":"계양센트레빌2단지",
            "투자타입":"일반",
            "전용면적(m2)":"110.8",
            "전용면적(평)":"33평",
            "법정동주소":"인천시 계양구 귤현동 532",
            "도로명주소":"인천시 계양구 형제봉길 50",
            "세대수":0,
            "입주년차":60,
            "용적률점수":"--",
            "건폐율점수":"--",
            "세대당주차수":60,
            "난방방식":30,
            "공급면적":"--",
            "전용률":"--",
            "욕실수":100,
            "현관타입":100,
            "주거총점":44.0,
            "지역구공급총점":0.0,
            "역세권":50,
            "30분내 이동가능 거점":0,
            "1시간내 이동가능 거점":30,
            "교통총점":31.0,
            "백화점":0,
            "아울렛몰":100,
            "대형마트":0,
            "은행":0,
            "병원":10,
            "종합병원":100,
            "공원":100,
            "혐오시설":0,
            "인프라총점":34.0,
            "초등학군":81.12,
            "중학군":44.36,
            "학군총점":51.712,
            "인구수":35.56,
            "인구증감":-5.28,
            "인구총점":23.308,
            "일자리":9.9,
            "소득수준":46.63,
            "일자리총점":20.919,
            "가치 총점":37.6068,
            "매매실거래년":20211004.0,
            "매매실거래가":64200.0,
            "전세실거래년":20211207.0,
            "전세실거래가":29400.0,
            "전세가율":48.6,
            "장기전세가율평균":70.92,
            "전세가율거품지수":22.32,
            "검색코드":103841,
            "세대수":256.0,
            "준공년월":"2013-06-24",
            "준공년차":10.0,
            "가까운역이름":"귤현",
            "가까운역거리":691.08,
            "역세권여부":"준역세권",
            "30분이내주요거점역":0,
            "1시간이내주요거점역":3,
            "3km이내백화점수":0,
            "5km이내아울렛몰수":2,
            "1km이내대형먀트수":0,
            "500m이내은행수":0,
            "500m이내병원수":3,
            "5km이내대형병원수":3,
            "500m이내공원수":3,
            "3km이내혐오시설수":0,
            "초등학교학업성취도":81.12,
            "중학교학업성취도":72.6,
            "용적률":166,
            "건폐율":18,
            "Y":37.566246,
            "X":126.750493,
            "rank":81.0,
            "area_info":"33평(110.8), 33평(110.95), 33평(111.19), 40평(132.29), 45평(150.36), 45평(150.36)",
            "last_sales":"2021-10-04,64200.0,33평(111.19)"
        },
        {
            "index":75,
            "아파트명":"신도브래뉴",
            "투자타입":"일반",
            "전용면적(m2)":"79.63",
            "전용면적(평)":"24평",
            "법정동주소":"인천시 계양구 계산동 941",
            "도로명주소":"인천시 계양구 계양대로 215",
            "세대수":50,
            "입주년차":40,
            "용적률점수":"--",
            "건폐율점수":"--",
            "세대당주차수":30,
            "난방방식":30,
            "공급면적":"--",
            "전용률":"--",
            "욕실수":50,
            "현관타입":10,
            "주거총점":39.0,
            "지역구공급총점":0.0,
            "역세권":50,
            "30분내 이동가능 거점":0,
            "1시간내 이동가능 거점":0,
            "교통총점":25.0,
            "백화점":0,
            "아울렛몰":0,
            "대형마트":80,
            "은행":20,
            "병원":80,
            "종합병원":100,
            "공원":100,
            "혐오시설":0,
            "인프라총점":45.0,
            "초등학군":85.85,
            "중학군":40.4,
            "학군총점":49.49,
            "인구수":35.56,
            "인구증감":-5.28,
            "인구총점":23.308,
            "일자리":9.9,
            "소득수준":46.63,
            "일자리총점":20.919,
            "가치 총점":37.4735,
            "매매실거래년":20211130.0,
            "매매실거래가":37850.0,
            "전세실거래년":20211220.0,
            "전세실거래가":28000.0,
            "전세가율":73.98,
            "장기전세가율평균":70.92,
            "전세가율거품지수":-3.06,
            "검색코드":11386,
            "세대수":481.0,
            "준공년월":"2005-05-23",
            "준공년차":18.0,
            "가까운역이름":"경인교대입구",
            "가까운역거리":551.9,
            "역세권여부":"준역세권",
            "30분이내주요거점역":0,
            "1시간이내주요거점역":0,
            "3km이내백화점수":0,
            "5km이내아울렛몰수":0,
            "1km이내대형먀트수":1,
            "500m이내은행수":2,
            "500m이내병원수":31,
            "5km이내대형병원수":4,
            "500m이내공원수":4,
            "3km이내혐오시설수":0,
            "초등학교학업성취도":85.85,
            "중학교학업성취도":64.6,
            "용적률":336,
            "건폐율":25,
            "Y":37.54307,
            "X":126.721708,
            "rank":82.0,
            "area_info":"24평(79.63), 31평(105.49), 35평(115.84)",
            "last_sales":"2021-11-30,37850.0,24평(79.63)"
        },
        {
            "index":271,
            "아파트명":"뉴서울1차",
            "투자타입":"재건축",
            "전용면적(m2)":"52.5",
            "전용면적(평)":"15평",
            "법정동주소":"인천시 계양구 작전동 102-3",
            "도로명주소":"인천시 계양구 봉오대로744번길 7",
            "세대수":80,
            "입주년차":"--",
            "용적률점수":0,
            "건폐율점수":60,
            "세대당주차수":"--",
            "난방방식":"--",
            "공급면적":50,
            "전용률":60,
            "욕실수":"--",
            "현관타입":"--",
            "주거총점":41.5,
            "지역구공급총점":0.0,
            "역세권":50,
            "30분내 이동가능 거점":0,
            "1시간내 이동가능 거점":0,
            "교통총점":25.0,
            "백화점":0,
            "아울렛몰":0,
            "대형마트":80,
            "은행":0,
            "병원":60,
            "종합병원":100,
            "공원":100,
            "혐오시설":0,
            "인프라총점":41.0,
            "초등학군":88.4,
            "중학군":44.8,
            "학군총점":53.52,
            "인구수":35.56,
            "인구증감":-5.28,
            "인구총점":23.308,
            "일자리":9.9,
            "소득수준":46.63,
            "일자리총점":20.919,
            "가치 총점":37.378,
            "매매실거래년":20211204.0,
            "매매실거래가":20600.0,
            "전세실거래년":20211226.0,
            "전세실거래가":7000.0,
            "전세가율":42.94,
            "장기전세가율평균":70.92,
            "전세가율거품지수":27.98,
            "검색코드":8300,
            "세대수":791.0,
            "준공년월":"1988-05-27",
            "준공년차":35.0,
            "가까운역이름":"작전",
            "가까운역거리":882.46,
            "역세권여부":"준역세권",
            "30분이내주요거점역":0,
            "1시간이내주요거점역":0,
            "3km이내백화점수":0,
            "5km이내아울렛몰수":0,
            "1km이내대형먀트수":1,
            "500m이내은행수":0,
            "500m이내병원수":18,
            "5km이내대형병원수":6,
            "500m이내공원수":2,
            "3km이내혐오시설수":0,
            "초등학교학업성취도":88.4,
            "중학교학업성취도":73.4,
            "용적률":274,
            "건폐율":32,
            "Y":37.52945,
            "X":126.73246,
            "rank":83.0,
            "area_info":"15평(52.5), 17평(57.08)",
            "last_sales":"2021-12-04,20600.0,17평(57.08)"
        },
        {
            "index":63,
            "아파트명":"서해2차",
            "투자타입":"재건축",
            "전용면적(m2)":"73.91",
            "전용면적(평)":"22평",
            "법정동주소":"인천시 계양구 계산동 753",
            "도로명주소":"인천시 계양구 계산로 18-1",
            "세대수":0,
            "입주년차":"--",
            "용적률점수":60,
            "건폐율점수":60,
            "세대당주차수":"--",
            "난방방식":"--",
            "공급면적":50,
            "전용률":60,
            "욕실수":"--",
            "현관타입":"--",
            "주거총점":41.5,
            "지역구공급총점":0.0,
            "역세권":50,
            "30분내 이동가능 거점":0,
            "1시간내 이동가능 거점":0,
            "교통총점":25.0,
            "백화점":0,
            "아울렛몰":0,
            "대형마트":80,
            "은행":20,
            "병원":60,
            "종합병원":100,
            "공원":100,
            "혐오시설":0,
            "인프라총점":43.0,
            "초등학군":82.49,
            "중학군":40.4,
            "학군총점":48.818,
            "인구수":35.56,
            "인구증감":-5.28,
            "인구총점":23.308,
            "일자리":9.9,
            "소득수준":46.63,
            "일자리총점":20.919,
            "가치 총점":37.2727,
            "매매실거래년":20211222.0,
            "매매실거래가":16400.0,
            "전세실거래년":20211023.0,
            "전세실거래가":10500.0,
            "전세가율":63.64,
            "장기전세가율평균":70.92,
            "전세가율거품지수":7.28,
            "검색코드":8510,
            "세대수":222.0,
            "준공년월":"1990-09-13",
            "준공년차":33.0,
            "가까운역이름":"경인교대입구",
            "가까운역거리":604.12,
            "역세권여부":"준역세권",
            "30분이내주요거점역":0,
            "1시간이내주요거점역":0,
            "3km이내백화점수":0,
            "5km이내아울렛몰수":0,
            "1km이내대형먀트수":1,
            "500m이내은행수":2,
            "500m이내병원수":20,
            "5km이내대형병원수":4,
            "500m이내공원수":2,
            "3km이내혐오시설수":0,
            "초등학교학업성취도":82.49,
            "중학교학업성취도":64.6,
            "용적률":182,
            "건폐율":30,
            "Y":37.542327,
            "X":126.718205,
            "rank":84.0,
            "area_info":"22평(73.91), 22평(75.99), 25평(83.19), 25평(83.75), 27평(89.91), 29평(96.98), 31평(102.58)",
            "last_sales":"2021-12-22,16400.0,22평(75.99)"
        },
        {
            "index":261,
            "아파트명":"한국",
            "투자타입":"재건축",
            "전용면적(m2)":"53.7",
            "전용면적(평)":"16평",
            "법정동주소":"인천시 계양구 임학동 31-1",
            "도로명주소":"인천시 계양구 임학안로6번길 23",
            "세대수":0,
            "입주년차":"--",
            "용적률점수":0,
            "건폐율점수":0,
            "세대당주차수":"--",
            "난방방식":"--",
            "공급면적":50,
            "전용률":60,
            "욕실수":"--",
            "현관타입":"--",
            "주거총점":5.5,
            "지역구공급총점":0.0,
            "역세권":80,
            "30분내 이동가능 거점":0,
            "1시간내 이동가능 거점":0,
            "교통총점":40.0,
            "백화점":0,
            "아울렛몰":0,
            "대형마트":100,
            "은행":0,
            "병원":80,
            "종합병원":100,
            "공원":100,
            "혐오시설":0,
            "인프라총점":46.0,
            "초등학군":78.91,
            "중학군":48.04,
            "학군총점":54.214,
            "인구수":35.56,
            "인구증감":-5.28,
            "인구총점":23.308,
            "일자리":9.9,
            "소득수준":46.63,
            "일자리총점":20.919,
            "가치 총점":37.0321,
            "매매실거래년":20211125.0,
            "매매실거래가":17500.0,
            "전세실거래년":20210712.0,
            "전세실거래가":8500.0,
            "전세가율":60.71,
            "장기전세가율평균":70.92,
            "전세가율거품지수":10.21,
            "검색코드":8276,
            "세대수":180.0,
            "준공년월":"1989-04-18",
            "준공년차":34.0,
            "가까운역이름":"임학",
            "가까운역거리":239.19,
            "역세권여부":"역세권",
            "30분이내주요거점역":0,
            "1시간이내주요거점역":0,
            "3km이내백화점수":0,
            "5km이내아울렛몰수":0,
            "1km이내대형먀트수":2,
            "500m이내은행수":1,
            "500m이내병원수":36,
            "5km이내대형병원수":5,
            "500m이내공원수":3,
            "3km이내혐오시설수":0,
            "초등학교학업성취도":78.91,
            "중학교학업성취도":77.0,
            "용적률":227,
            "건폐율":52,
            "Y":37.546255,
            "X":126.73641,
            "rank":85.0,
            "area_info":"16평(53.7), 19평(63.58), 20평(66.4)",
            "last_sales":"2021-11-25,17500.0,19평(63.58)"
        },
        {
            "index":375,
            "아파트명":"한신",
            "투자타입":"재건축",
            "전용면적(m2)":"82.69",
            "전용면적(평)":"25평",
            "법정동주소":"인천시 계양구 작전동 382-1",
            "도로명주소":"인천시 계양구 효서로 284",
            "세대수":0,
            "입주년차":"--",
            "용적률점수":20,
            "건폐율점수":80,
            "세대당주차수":"--",
            "난방방식":"--",
            "공급면적":70,
            "전용률":60,
            "욕실수":"--",
            "현관타입":"--",
            "주거총점":30.5,
            "지역구공급총점":0.0,
            "역세권":50,
            "30분내 이동가능 거점":0,
            "1시간내 이동가능 거점":0,
            "교통총점":25.0,
            "백화점":0,
            "아울렛몰":0,
            "대형마트":100,
            "은행":20,
            "병원":60,
            "종합병원":100,
            "공원":100,
            "혐오시설":0,
            "인프라총점":46.0,
            "초등학군":88.4,
            "중학군":44.8,
            "학군총점":53.52,
            "인구수":35.56,
            "인구증감":-5.28,
            "인구총점":23.308,
            "일자리":9.9,
            "소득수준":46.63,
            "일자리총점":20.919,
            "가치 총점":36.678,
            "매매실거래년":20211129.0,
            "매매실거래가":34200.0,
            "전세실거래년":20210525.0,
            "전세실거래가":17000.0,
            "전세가율":68.27,
            "장기전세가율평균":70.92,
            "전세가율거품지수":2.65,
            "검색코드":2434,
            "세대수":259.0,
            "준공년월":"1991-10-25",
            "준공년차":32.0,
            "가까운역이름":"작전",
            "가까운역거리":581.64,
            "역세권여부":"준역세권",
            "30분이내주요거점역":0,
            "1시간이내주요거점역":0,
            "3km이내백화점수":0,
            "5km이내아울렛몰수":0,
            "1km이내대형먀트수":2,
            "500m이내은행수":2,
            "500m이내병원수":21,
            "5km이내대형병원수":7,
            "500m이내공원수":2,
            "3km이내혐오시설수":0,
            "초등학교학업성취도":88.4,
            "중학교학업성취도":73.4,
            "용적률":217,
            "건폐율":25,
            "Y":37.52737,
            "X":126.72789,
            "rank":86.0,
            "area_info":"25평(82.69), 31평(103.2)",
            "last_sales":"2021-11-29,34200.0,31평(103.2)"
        },
        {
            "index":381,
            "아파트명":"한일",
            "투자타입":"재건축",
            "전용면적(m2)":"79.39",
            "전용면적(평)":"24평",
            "법정동주소":"인천시 계양구 작전동 855-2",
            "도로명주소":"인천시 계양구 계산로108번길 20",
            "세대수":0,
            "입주년차":"--",
            "용적률점수":0,
            "건폐율점수":20,
            "세대당주차수":"--",
            "난방방식":"--",
            "공급면적":50,
            "전용률":60,
            "욕실수":"--",
            "현관타입":"--",
            "주거총점":9.5,
            "지역구공급총점":0.0,
            "역세권":80,
            "30분내 이동가능 거점":0,
            "1시간내 이동가능 거점":0,
            "교통총점":40.0,
            "백화점":0,
            "아울렛몰":0,
            "대형마트":80,
            "은행":20,
            "병원":60,
            "종합병원":100,
            "공원":80,
            "혐오시설":0,
            "인프라총점":42.4,
            "초등학군":87.44,
            "중학군":44.8,
            "학군총점":53.328,
            "인구수":35.56,
            "인구증감":-5.28,
            "인구총점":23.308,
            "일자리":9.9,
            "소득수준":46.63,
            "일자리총점":20.919,
            "가치 총점":36.6192,
            "매매실거래년":20210927.0,
            "매매실거래가":23200.0,
            "전세실거래년":20210925.0,
            "전세실거래가":16000.0,
            "전세가율":68.97,
            "장기전세가율평균":70.92,
            "전세가율거품지수":1.95,
            "검색코드":2436,
            "세대수":168.0,
            "준공년월":"1991-05-08",
            "준공년차":32.0,
            "가까운역이름":"경인교대입구",
            "가까운역거리":249.22,
            "역세권여부":"역세권",
            "30분이내주요거점역":0,
            "1시간이내주요거점역":0,
            "3km이내백화점수":0,
            "5km이내아울렛몰수":0,
            "1km이내대형먀트수":1,
            "500m이내은행수":2,
            "500m이내병원수":22,
            "5km이내대형병원수":5,
            "500m이내공원수":1,
            "3km이내혐오시설수":0,
            "초등학교학업성취도":87.44,
            "중학교학업성취도":73.4,
            "용적률":314,
            "건폐율":45,
            "Y":37.536034,
            "X":126.723503,
            "rank":87.0,
            "area_info":"24평(79.39), 24평(82.18), 25평(82.85), 27평(90.97), 28평(94.05)",
            "last_sales":"2021-09-27,23200.0,24평(79.39)"
        },
        {
            "index":433,
            "아파트명":"뉴서울3차",
            "투자타입":"일반",
            "전용면적(m2)":"105.78",
            "전용면적(평)":"31평",
            "법정동주소":"인천시 계양구 효성동 207-1",
            "도로명주소":"인천시 계양구 새벌로 88",
            "세대수":50,
            "입주년차":0,
            "용적률점수":"--",
            "건폐율점수":"--",
            "세대당주차수":0,
            "난방방식":30,
            "공급면적":"--",
            "전용률":"--",
            "욕실수":100,
            "현관타입":100,
            "주거총점":40.5,
            "지역구공급총점":0.0,
            "역세권":50,
            "30분내 이동가능 거점":0,
            "1시간내 이동가능 거점":0,
            "교통총점":25.0,
            "백화점":0,
            "아울렛몰":0,
            "대형마트":80,
            "은행":20,
            "병원":60,
            "종합병원":100,
            "공원":80,
            "혐오시설":0,
            "인프라총점":42.4,
            "초등학군":84.83,
            "중학군":35.8,
            "학군총점":45.606,
            "인구수":35.56,
            "인구증감":-5.28,
            "인구총점":23.308,
            "일자리":9.9,
            "소득수준":46.63,
            "일자리총점":20.919,
            "가치 총점":36.4109,
            "매매실거래년":20211230.0,
            "매매실거래가":37000.0,
            "전세실거래년":20211117.0,
            "전세실거래가":26500.0,
            "전세가율":71.62,
            "장기전세가율평균":70.92,
            "전세가율거품지수":-0.7,
            "검색코드":2471,
            "세대수":542.0,
            "준공년월":"1993-08-14",
            "준공년차":30.0,
            "가까운역이름":"작전",
            "가까운역거리":786.31,
            "역세권여부":"준역세권",
            "30분이내주요거점역":0,
            "1시간이내주요거점역":0,
            "3km이내백화점수":0,
            "5km이내아울렛몰수":0,
            "1km이내대형먀트수":1,
            "500m이내은행수":2,
            "500m이내병원수":11,
            "5km이내대형병원수":7,
            "500m이내공원수":1,
            "3km이내혐오시설수":0,
            "초등학교학업성취도":84.83,
            "중학교학업성취도":59.4,
            "용적률":299,
            "건폐율":22,
            "Y":37.524934,
            "X":126.716893,
            "rank":88.0,
            "area_info":"31평(105.78), 32평(109.09)",
            "last_sales":"2021-12-30,37000.0,31평(105.78)"
        },
        {
            "index":418,
            "아파트명":"금호어울림",
            "투자타입":"일반",
            "전용면적(m2)":"76.22",
            "전용면적(평)":"23평",
            "법정동주소":"인천시 계양구 효성동 675",
            "도로명주소":"인천시 계양구 아나지로198번길 11",
            "세대수":50,
            "입주년차":40,
            "용적률점수":"--",
            "건폐율점수":"--",
            "세대당주차수":30,
            "난방방식":30,
            "공급면적":"--",
            "전용률":"--",
            "욕실수":50,
            "현관타입":100,
            "주거총점":48.0,
            "지역구공급총점":0.0,
            "역세권":50,
            "30분내 이동가능 거점":0,
            "1시간내 이동가능 거점":0,
            "교통총점":25.0,
            "백화점":0,
            "아울렛몰":0,
            "대형마트":80,
            "은행":0,
            "병원":30,
            "종합병원":100,
            "공원":80,
            "혐오시설":0,
            "인프라총점":37.4,
            "초등학군":84.83,
            "중학군":35.8,
            "학군총점":45.606,
            "인구수":35.56,
            "인구증감":-5.28,
            "인구총점":23.308,
            "일자리":9.9,
            "소득수준":46.63,
            "일자리총점":20.919,
            "가치 총점":36.4109,
            "매매실거래년":20220114.0,
            "매매실거래가":31300.0,
            "전세실거래년":20210910.0,
            "전세실거래가":23000.0,
            "전세가율":73.48,
            "장기전세가율평균":70.92,
            "전세가율거품지수":-2.56,
            "검색코드":14521,
            "세대수":410.0,
            "준공년월":"2005-08-19",
            "준공년차":18.0,
            "가까운역이름":"작전",
            "가까운역거리":916.63,
            "역세권여부":"준역세권",
            "30분이내주요거점역":0,
            "1시간이내주요거점역":0,
            "3km이내백화점수":0,
            "5km이내아울렛몰수":0,
            "1km이내대형먀트수":1,
            "500m이내은행수":1,
            "500m이내병원수":8,
            "5km이내대형병원수":7,
            "500m이내공원수":1,
            "3km이내혐오시설수":0,
            "초등학교학업성취도":84.83,
            "중학교학업성취도":59.4,
            "용적률":281,
            "건폐율":32,
            "Y":37.524324,
            "X":126.715523,
            "rank":88.0,
            "area_info":"23평(76.22), 30평(99.98), 32평(108.31), 45평(149.35), 48평(161.68)",
            "last_sales":"2022-01-14,31300.0,23평(76.22)"
        },
        {
            "index":221,
            "아파트명":"계양효성해링턴플레이스",
            "투자타입":"일반",
            "전용면적(m2)":"55.27",
            "전용면적(평)":"16평",
            "법정동주소":"인천시 계양구 서운동 9-13",
            "도로명주소":"인천시 계양구 서운로 34",
            "세대수":100,
            "입주년차":100,
            "용적률점수":"--",
            "건폐율점수":"--",
            "세대당주차수":30,
            "난방방식":100,
            "공급면적":"--",
            "전용률":"--",
            "욕실수":50,
            "현관타입":100,
            "주거총점":84.5,
            "지역구공급총점":0.0,
            "역세권":0,
            "30분내 이동가능 거점":0,
            "1시간내 이동가능 거점":10,
            "교통총점":2.0,
            "백화점":0,
            "아울렛몰":0,
            "대형마트":80,
            "은행":0,
            "병원":0,
            "종합병원":100,
            "공원":100,
            "혐오시설":0,
            "인프라총점":35.0,
            "초등학군":94.32,
            "중학군":44.78,
            "학군총점":54.688,
            "인구수":35.56,
            "인구증감":-5.28,
            "인구총점":23.308,
            "일자리":9.9,
            "소득수준":46.63,
            "일자리총점":20.919,
            "가치 총점":36.3032,
            "매매실거래년":20210413.0,
            "매매실거래가":67400.0,
            "전세실거래년":null,
            "전세실거래가":null,
            "전세가율":null,
            "장기전세가율평균":70.92,
            "전세가율거품지수":null,
            "검색코드":121375,
            "세대수":1669.0,
            "준공년월":"2021-02-01",
            "준공년차":2.0,
            "가까운역이름":"임학",
            "가까운역거리":1969.67,
            "역세권여부":"비역세권",
            "30분이내주요거점역":0,
            "1시간이내주요거점역":1,
            "3km이내백화점수":0,
            "5km이내아울렛몰수":0,
            "1km이내대형먀트수":1,
            "500m이내은행수":0,
            "500m이내병원수":0,
            "5km이내대형병원수":5,
            "500m이내공원수":3,
            "3km이내혐오시설수":0,
            "초등학교학업성취도":94.32,
            "중학교학업성취도":73.9,
            "용적률":249,
            "건폐율":14,
            "Y":37.528301,
            "X":126.745903,
            "rank":89.0,
            "area_info":"16평(55.27), 24평(82.27), 25평(82.82), 30평(99.91), 30평(99.93), 35평(115.84), 35평(116.26), 40평(135.47)",
            "last_sales":"2021-04-13,67400.0,35평(115.84)"
        },
        {
            "index":185,
            "아파트명":"박촌풍림아이원",
            "투자타입":"일반",
            "전용면적(m2)":"82.33",
            "전용면적(평)":"24평",
            "법정동주소":"인천시 계양구 박촌동 309",
            "도로명주소":"인천시 계양구 동양로 11",
            "세대수":0,
            "입주년차":40,
            "용적률점수":"--",
            "건폐율점수":"--",
            "세대당주차수":30,
            "난방방식":30,
            "공급면적":"--",
            "전용률":"--",
            "욕실수":100,
            "현관타입":100,
            "주거총점":35.5,
            "지역구공급총점":0.0,
            "역세권":80,
            "30분내 이동가능 거점":0,
            "1시간내 이동가능 거점":0,
            "교통총점":40.0,
            "백화점":0,
            "아울렛몰":0,
            "대형마트":0,
            "은행":0,
            "병원":30,
            "종합병원":100,
            "공원":100,
            "혐오시설":0,
            "인프라총점":26.0,
            "초등학군":85.56,
            "중학군":34.58,
            "학군총점":44.776,
            "인구수":35.56,
            "인구증감":-5.28,
            "인구총점":23.308,
            "일자리":9.9,
            "소득수준":46.63,
            "일자리총점":20.919,
            "가치 총점":35.6164,
            "매매실거래년":20211112.0,
            "매매실거래가":53000.0,
            "전세실거래년":20190121.0,
            "전세실거래가":22500.0,
            "전세가율":74.01,
            "장기전세가율평균":70.92,
            "전세가율거품지수":-3.09,
            "검색코드":17559,
            "세대수":207.0,
            "준공년월":"2005-11-25",
            "준공년차":18.0,
            "가까운역이름":"박촌",
            "가까운역거리":394.56,
            "역세권여부":"역세권",
            "30분이내주요거점역":0,
            "1시간이내주요거점역":0,
            "3km이내백화점수":0,
            "5km이내아울렛몰수":0,
            "1km이내대형먀트수":0,
            "500m이내은행수":0,
            "500m이내병원수":7,
            "5km이내대형병원수":3,
            "500m이내공원수":2,
            "3km이내혐오시설수":0,
            "초등학교학업성취도":85.56,
            "중학교학업성취도":57.1,
            "용적률":245,
            "건폐율":29,
            "Y":37.556989,
            "X":126.746766,
            "rank":90.0,
            "area_info":"24평(82.33), 32평(106.44)",
            "last_sales":"2021-11-12,53000.0,32평(106.44)"
        },
        {
            "index":506,
            "아파트명":"현대2차",
            "투자타입":"재건축",
            "전용면적(m2)":"102.11",
            "전용면적(평)":"30평",
            "법정동주소":"인천시 계양구 효성동 24-49",
            "도로명주소":"인천시 계양구 길마로 83",
            "세대수":30,
            "입주년차":"--",
            "용적률점수":0,
            "건폐율점수":100,
            "세대당주차수":"--",
            "난방방식":"--",
            "공급면적":90,
            "전용률":80,
            "욕실수":"--",
            "현관타입":"--",
            "주거총점":37.5,
            "지역구공급총점":0.0,
            "역세권":50,
            "30분내 이동가능 거점":0,
            "1시간내 이동가능 거점":0,
            "교통총점":25.0,
            "백화점":0,
            "아울렛몰":0,
            "대형마트":80,
            "은행":0,
            "병원":60,
            "종합병원":100,
            "공원":80,
            "혐오시설":0,
            "인프라총점":40.4,
            "초등학군":88.41,
            "중학군":35.8,
            "학군총점":46.322,
            "인구수":35.56,
            "인구증감":-5.28,
            "인구총점":23.308,
            "일자리":9.9,
            "소득수준":46.63,
            "일자리총점":20.919,
            "가치 총점":35.3183,
            "매매실거래년":20210824.0,
            "매매실거래가":38000.0,
            "전세실거래년":20211216.0,
            "전세실거래가":30000.0,
            "전세가율":78.95,
            "장기전세가율평균":70.92,
            "전세가율거품지수":-8.03,
            "검색코드":2478,
            "세대수":340.0,
            "준공년월":"1992-11-07",
            "준공년차":31.0,
            "가까운역이름":"경인교대입구",
            "가까운역거리":867.76,
            "역세권여부":"준역세권",
            "30분이내주요거점역":0,
            "1시간이내주요거점역":0,
            "3km이내백화점수":0,
            "5km이내아울렛몰수":0,
            "1km이내대형먀트수":1,
            "500m이내은행수":0,
            "500m이내병원수":15,
            "5km이내대형병원수":5,
            "500m이내공원수":1,
            "3km이내혐오시설수":0,
            "초등학교학업성취도":88.41,
            "중학교학업성취도":59.4,
            "용적률":248,
            "건폐율":12,
            "Y":37.534435,
            "X":126.713947,
            "rank":91.0,
            "area_info":"30평(102.11), 46평(155.03)",
            "last_sales":"2021-08-24,38000.0,30평(102.11)"
        },
        {
            "index":96,
            "아파트명":"은행마을태산",
            "투자타입":"일반",
            "전용면적(m2)":"125.46",
            "전용면적(평)":"37평",
            "법정동주소":"인천시 계양구 계산동 1084-3",
            "도로명주소":"인천시 계양구 오조산로62번길 10",
            "세대수":50,
            "입주년차":0,
            "용적률점수":"--",
            "건폐율점수":"--",
            "세대당주차수":60,
            "난방방식":100,
            "공급면적":"--",
            "전용률":"--",
            "욕실수":100,
            "현관타입":100,
            "주거총점":56.5,
            "지역구공급총점":0.0,
            "역세권":0,
            "30분내 이동가능 거점":0,
            "1시간내 이동가능 거점":0,
            "교통총점":0.0,
            "백화점":0,
            "아울렛몰":0,
            "대형마트":100,
            "은행":70,
            "병원":60,
            "종합병원":100,
            "공원":100,
            "혐오시설":0,
            "인프라총점":51.0,
            "초등학군":89.0,
            "중학군":50.0,
            "학군총점":57.8,
            "인구수":35.56,
            "인구증감":-5.28,
            "인구총점":23.308,
            "일자리":9.9,
            "소득수준":46.63,
            "일자리총점":20.919,
            "가치 총점":35.27,
            "매매실거래년":20210925.0,
            "매매실거래가":59000.0,
            "전세실거래년":20220110.0,
            "전세실거래가":40000.0,
            "전세가율":67.8,
            "장기전세가율평균":70.92,
            "전세가율거품지수":3.12,
            "검색코드":2262,
            "세대수":544.0,
            "준공년월":"1997-08-05",
            "준공년차":26.0,
            "가까운역이름":"임학",
            "가까운역거리":1062.28,
            "역세권여부":"비역세권",
            "30분이내주요거점역":0,
            "1시간이내주요거점역":0,
            "3km이내백화점수":0,
            "5km이내아울렛몰수":0,
            "1km이내대형먀트수":3,
            "500m이내은행수":4,
            "500m이내병원수":21,
            "5km이내대형병원수":5,
            "500m이내공원수":4,
            "3km이내혐오시설수":0,
            "초등학교학업성취도":89.0,
            "중학교학업성취도":79.4,
            "용적률":0,
            "건폐율":19,
            "Y":37.535603,
            "X":126.74038,
            "rank":92.0,
            "area_info":"37평(125.46)",
            "last_sales":"2021-09-25,59000.0,37평(125.46)"
        },
        {
            "index":314,
            "아파트명":"삼보",
            "투자타입":"일반",
            "전용면적(m2)":"84.11",
            "전용면적(평)":"25평",
            "법정동주소":"인천시 계양구 작전동 64-1",
            "도로명주소":"인천시 계양구 주부토로472번길 36",
            "세대수":50,
            "입주년차":0,
            "용적률점수":"--",
            "건폐율점수":"--",
            "세대당주차수":0,
            "난방방식":30,
            "공급면적":"--",
            "전용률":"--",
            "욕실수":50,
            "현관타입":10,
            "주거총점":26.5,
            "지역구공급총점":0.0,
            "역세권":50,
            "30분내 이동가능 거점":0,
            "1시간내 이동가능 거점":0,
            "교통총점":25.0,
            "백화점":0,
            "아울렛몰":0,
            "대형마트":100,
            "은행":0,
            "병원":60,
            "종합병원":100,
            "공원":100,
            "혐오시설":0,
            "인프라총점":44.0,
            "초등학군":87.32,
            "중학군":44.8,
            "학군총점":53.304,
            "인구수":35.56,
            "인구증감":-5.28,
            "인구총점":23.308,
            "일자리":9.9,
            "소득수준":46.63,
            "일자리총점":20.919,
            "가치 총점":35.2456,
            "매매실거래년":20211122.0,
            "매매실거래가":27300.0,
            "전세실거래년":20211219.0,
            "전세실거래가":18000.0,
            "전세가율":65.93,
            "장기전세가율평균":70.92,
            "전세가율거품지수":4.99,
            "검색코드":2429,
            "세대수":454.0,
            "준공년월":"1994-02-28",
            "준공년차":29.0,
            "가까운역이름":"작전",
            "가까운역거리":889.47,
            "역세권여부":"준역세권",
            "30분이내주요거점역":0,
            "1시간이내주요거점역":0,
            "3km이내백화점수":0,
            "5km이내아울렛몰수":0,
            "1km이내대형먀트수":3,
            "500m이내은행수":0,
            "500m이내병원수":14,
            "5km이내대형병원수":6,
            "500m이내공원수":4,
            "3km이내혐오시설수":0,
            "초등학교학업성취도":87.32,
            "중학교학업성취도":73.4,
            "용적률":256,
            "건폐율":23,
            "Y":37.533681,
            "X":126.731735,
            "rank":93.0,
            "area_info":"25평(84.11), 30평(102.41), 31평(105.04), 31평(105.3)",
            "last_sales":"2021-11-22,27300.0,25평(84.11)"
        },
        {
            "index":286,
            "아파트명":"무지개",
            "투자타입":"재건축",
            "전용면적(m2)":"51.98",
            "전용면적(평)":"15평",
            "법정동주소":"인천시 계양구 작전동 103-2",
            "도로명주소":"인천시 계양구 봉오대로744번길 4",
            "세대수":0,
            "입주년차":"--",
            "용적률점수":0,
            "건폐율점수":100,
            "세대당주차수":"--",
            "난방방식":"--",
            "공급면적":50,
            "전용률":60,
            "욕실수":"--",
            "현관타입":"--",
            "주거총점":25.5,
            "지역구공급총점":0.0,
            "역세권":50,
            "30분내 이동가능 거점":0,
            "1시간내 이동가능 거점":0,
            "교통총점":25.0,
            "백화점":0,
            "아울렛몰":0,
            "대형마트":100,
            "은행":0,
            "병원":60,
            "종합병원":100,
            "공원":100,
            "혐오시설":0,
            "인프라총점":44.0,
            "초등학군":88.4,
            "중학군":44.8,
            "학군총점":53.52,
            "인구수":35.56,
            "인구증감":-5.28,
            "인구총점":23.308,
            "일자리":9.9,
            "소득수준":46.63,
            "일자리총점":20.919,
            "가치 총점":35.078,
            "매매실거래년":20211207.0,
            "매매실거래가":17500.0,
            "전세실거래년":20210422.0,
            "전세실거래가":9000.0,
            "전세가율":51.43,
            "장기전세가율평균":70.92,
            "전세가율거품지수":19.49,
            "검색코드":8231,
            "세대수":240.0,
            "준공년월":"1989-06-10",
            "준공년차":34.0,
            "가까운역이름":"작전",
            "가까운역거리":767.05,
            "역세권여부":"준역세권",
            "30분이내주요거점역":0,
            "1시간이내주요거점역":0,
            "3km이내백화점수":0,
            "5km이내아울렛몰수":0,
            "1km이내대형먀트수":2,
            "500m이내은행수":0,
            "500m이내병원수":18,
            "5km이내대형병원수":6,
            "500m이내공원수":3,
            "3km이내혐오시설수":0,
            "초등학교학업성취도":88.4,
            "중학교학업성취도":73.4,
            "용적률":293,
            "건폐율":19,
            "Y":37.52999,
            "X":126.731209,
            "rank":94.0,
            "area_info":"15평(51.98), 17평(56.46), 23평(78.62)",
            "last_sales":"2021-12-07,17500.0,15평(51.98)"
        },
        {
            "index":106,
            "아파트명":"지산그라띠아",
            "투자타입":"일반",
            "전용면적(m2)":"50.76",
            "전용면적(평)":"15평",
            "법정동주소":"인천시 계양구 계산동 931-28",
            "도로명주소":"인천시 계양구 경명대로1045번길 9-9",
            "세대수":0,
            "입주년차":20,
            "용적률점수":"--",
            "건폐율점수":"--",
            "세대당주차수":30,
            "난방방식":30,
            "공급면적":"--",
            "전용률":"--",
            "욕실수":50,
            "현관타입":100,
            "주거총점":26.5,
            "지역구공급총점":0.0,
            "역세권":50,
            "30분내 이동가능 거점":0,
            "1시간내 이동가능 거점":0,
            "교통총점":25.0,
            "백화점":0,
            "아울렛몰":0,
            "대형마트":80,
            "은행":20,
            "병원":80,
            "종합병원":100,
            "공원":100,
            "혐오시설":0,
            "인프라총점":45.0,
            "초등학군":85.85,
            "중학군":40.4,
            "학군총점":49.49,
            "인구수":35.56,
            "인구증감":-5.28,
            "인구총점":23.308,
            "일자리":9.9,
            "소득수준":46.63,
            "일자리총점":20.919,
            "가치 총점":34.9735,
            "매매실거래년":20210508.0,
            "매매실거래가":36200.0,
            "전세실거래년":20200507.0,
            "전세실거래가":9000.0,
            "전세가율":70.31,
            "장기전세가율평균":70.92,
            "전세가율거품지수":0.61,
            "검색코드":9695,
            "세대수":137.0,
            "준공년월":"2003-09-02",
            "준공년차":20.0,
            "가까운역이름":"계산",
            "가까운역거리":513.94,
            "역세권여부":"준역세권",
            "30분이내주요거점역":0,
            "1시간이내주요거점역":0,
            "3km이내백화점수":0,
            "5km이내아울렛몰수":0,
            "1km이내대형먀트수":1,
            "500m이내은행수":2,
            "500m이내병원수":32,
            "5km이내대형병원수":4,
            "500m이내공원수":4,
            "3km이내혐오시설수":0,
            "초등학교학업성취도":85.85,
            "중학교학업성취도":64.6,
            "용적률":345,
            "건폐율":33,
            "Y":37.544195,
            "X":126.722425,
            "rank":95.0,
            "area_info":"15평(50.76), 24평(82.17), 33평(109.62), 36평(119.43)",
            "last_sales":"2021-05-08,36200.0,36평(119.43)"
        },
        {
            "index":435,
            "아파트명":"뉴서울5차",
            "투자타입":"일반",
            "전용면적(m2)":"74.58",
            "전용면적(평)":"22평",
            "법정동주소":"인천시 계양구 효성동 238-1",
            "도로명주소":"인천시 계양구 아나지로 199",
            "세대수":50,
            "입주년차":0,
            "용적률점수":"--",
            "건폐율점수":"--",
            "세대당주차수":0,
            "난방방식":30,
            "공급면적":"--",
            "전용률":"--",
            "욕실수":50,
            "현관타입":100,
            "주거총점":35.5,
            "지역구공급총점":0.0,
            "역세권":50,
            "30분내 이동가능 거점":0,
            "1시간내 이동가능 거점":0,
            "교통총점":25.0,
            "백화점":0,
            "아울렛몰":0,
            "대형마트":80,
            "은행":0,
            "병원":60,
            "종합병원":100,
            "공원":80,
            "혐오시설":0,
            "인프라총점":40.4,
            "초등학군":86.15,
            "중학군":35.8,
            "학군총점":45.87,
            "인구수":35.56,
            "인구증감":-5.28,
            "인구총점":23.308,
            "일자리":9.9,
            "소득수준":46.63,
            "일자리총점":20.919,
            "가치 총점":34.8505,
            "매매실거래년":20211120.0,
            "매매실거래가":43500.0,
            "전세실거래년":20211025.0,
            "전세실거래가":19400.0,
            "전세가율":64.67,
            "장기전세가율평균":70.92,
            "전세가율거품지수":6.25,
            "검색코드":2472,
            "세대수":648.0,
            "준공년월":"1994-12-17",
            "준공년차":29.0,
            "가까운역이름":"작전",
            "가까운역거리":816.33,
            "역세권여부":"준역세권",
            "30분이내주요거점역":0,
            "1시간이내주요거점역":0,
            "3km이내백화점수":0,
            "5km이내아울렛몰수":0,
            "1km이내대형먀트수":1,
            "500m이내은행수":0,
            "500m이내병원수":11,
            "5km이내대형병원수":6,
            "500m이내공원수":1,
            "3km이내혐오시설수":0,
            "초등학교학업성취도":86.15,
            "중학교학업성취도":59.4,
            "용적률":298,
            "건폐율":20,
            "Y":37.526389,
            "X":126.714786,
            "rank":96.0,
            "area_info":"22평(74.58), 31평(105.47)",
            "last_sales":"2021-11-20,43500.0,31평(105.47)"
        },
        {
            "index":508,
            "아파트명":"현대3차",
            "투자타입":"재건축",
            "전용면적(m2)":"79.19",
            "전용면적(평)":"23평",
            "법정동주소":"인천시 계양구 효성동 280-5",
            "도로명주소":"인천시 계양구 새벌로133번길 4",
            "세대수":30,
            "입주년차":"--",
            "용적률점수":0,
            "건폐율점수":100,
            "세대당주차수":"--",
            "난방방식":"--",
            "공급면적":50,
            "전용률":60,
            "욕실수":"--",
            "현관타입":"--",
            "주거총점":34.5,
            "지역구공급총점":0.0,
            "역세권":50,
            "30분내 이동가능 거점":0,
            "1시간내 이동가능 거점":0,
            "교통총점":25.0,
            "백화점":0,
            "아울렛몰":0,
            "대형마트":100,
            "은행":0,
            "병원":30,
            "종합병원":100,
            "공원":80,
            "혐오시설":0,
            "인프라총점":40.4,
            "초등학군":86.15,
            "중학군":35.8,
            "학군총점":45.87,
            "인구수":35.56,
            "인구증감":-5.28,
            "인구총점":23.308,
            "일자리":9.9,
            "소득수준":46.63,
            "일자리총점":20.919,
            "가치 총점":34.6505,
            "매매실거래년":20211103.0,
            "매매실거래가":41000.0,
            "전세실거래년":20210803.0,
            "전세실거래가":20000.0,
            "전세가율":97.56,
            "장기전세가율평균":70.92,
            "전세가율거품지수":-26.64,
            "검색코드":2479,
            "세대수":374.0,
            "준공년월":"1992-11-07",
            "준공년차":31.0,
            "가까운역이름":"작전",
            "가까운역거리":561.02,
            "역세권여부":"준역세권",
            "30분이내주요거점역":0,
            "1시간이내주요거점역":0,
            "3km이내백화점수":0,
            "5km이내아울렛몰수":0,
            "1km이내대형먀트수":2,
            "500m이내은행수":0,
            "500m이내병원수":9,
            "5km이내대형병원수":5,
            "500m이내공원수":1,
            "3km이내혐오시설수":0,
            "초등학교학업성취도":86.15,
            "중학교학업성취도":59.4,
            "용적률":295,
            "건폐율":18,
            "Y":37.529909,
            "X":126.716197,
            "rank":97.0,
            "area_info":"23평(79.19), 26평(87.35), 30평(102.36)",
            "last_sales":"2021-11-03,41000.0,30평(102.36)"
        },
        {
            "index":428,
            "아파트명":"뉴서울2차",
            "투자타입":"재건축",
            "전용면적(m2)":"44.6",
            "전용면적(평)":"13평",
            "법정동주소":"인천시 계양구 효성동 24",
            "도로명주소":"인천시 계양구 길마로 49",
            "세대수":80,
            "입주년차":"--",
            "용적률점수":80,
            "건폐율점수":60,
            "세대당주차수":"--",
            "난방방식":"--",
            "공급면적":50,
            "전용률":60,
            "욕실수":"--",
            "현관타입":"--",
            "주거총점":73.5,
            "지역구공급총점":0.0,
            "역세권":0,
            "30분내 이동가능 거점":0,
            "1시간내 이동가능 거점":10,
            "교통총점":2.0,
            "백화점":0,
            "아울렛몰":0,
            "대형마트":80,
            "은행":0,
            "병원":60,
            "종합병원":100,
            "공원":80,
            "혐오시설":0,
            "인프라총점":40.4,
            "초등학군":89.45,
            "중학군":35.8,
            "학군총점":46.53,
            "인구수":35.56,
            "인구증감":-5.28,
            "인구총점":23.308,
            "일자리":9.9,
            "소득수준":46.63,
            "일자리총점":20.919,
            "가치 총점":34.4995,
            "매매실거래년":20211227.0,
            "매매실거래가":13000.0,
            "전세실거래년":20220105.0,
            "전세실거래가":4500.0,
            "전세가율":34.62,
            "장기전세가율평균":70.92,
            "전세가율거품지수":36.3,
            "검색코드":8240,
            "세대수":775.0,
            "준공년월":"1986-12-11",
            "준공년차":37.0,
            "가까운역이름":"작전",
            "가까운역거리":1002.96,
            "역세권여부":"비역세권",
            "30분이내주요거점역":0,
            "1시간이내주요거점역":1,
            "3km이내백화점수":0,
            "5km이내아울렛몰수":0,
            "1km이내대형먀트수":1,
            "500m이내은행수":0,
            "500m이내병원수":15,
            "5km이내대형병원수":5,
            "500m이내공원수":1,
            "3km이내혐오시설수":0,
            "초등학교학업성취도":89.45,
            "중학교학업성취도":59.4,
            "용적률":153,
            "건폐율":31,
            "Y":37.533348,
            "X":126.711771,
            "rank":98.0,
            "area_info":"13평(44.6), 14평(48.0), 16평(54.12), 19평(62.82), 20평(66.94)",
            "last_sales":"2021-12-27,13000.0,13평(44.6)"
        },
        {
            "index":493,
            "아파트명":"풍림",
            "투자타입":"일반",
            "전용면적(m2)":"81.19",
            "전용면적(평)":"24평",
            "법정동주소":"인천시 계양구 효성동 225-1",
            "도로명주소":"인천시 계양구 아나지로213번길 22",
            "세대수":30,
            "입주년차":0,
            "용적률점수":"--",
            "건폐율점수":"--",
            "세대당주차수":30,
            "난방방식":30,
            "공급면적":"--",
            "전용률":"--",
            "욕실수":50,
            "현관타입":100,
            "주거총점":33.0,
            "지역구공급총점":0.0,
            "역세권":50,
            "30분내 이동가능 거점":0,
            "1시간내 이동가능 거점":0,
            "교통총점":25.0,
            "백화점":0,
            "아울렛몰":0,
            "대형마트":80,
            "은행":0,
            "병원":60,
            "종합병원":100,
            "공원":80,
            "혐오시설":0,
            "인프라총점":40.4,
            "초등학군":86.15,
            "중학군":35.8,
            "학군총점":45.87,
            "인구수":35.56,
            "인구증감":-5.28,
            "인구총점":23.308,
            "일자리":9.9,
            "소득수준":46.63,
            "일자리총점":20.919,
            "가치 총점":34.3505,
            "매매실거래년":20211015.0,
            "매매실거래가":34600.0,
            "전세실거래년":20211113.0,
            "전세실거래가":21000.0,
            "전세가율":60.69,
            "장기전세가율평균":70.92,
            "전세가율거품지수":10.23,
            "검색코드":2475,
            "세대수":342.0,
            "준공년월":"1997-07-29",
            "준공년차":26.0,
            "가까운역이름":"작전",
            "가까운역거리":669.42,
            "역세권여부":"준역세권",
            "30분이내주요거점역":0,
            "1시간이내주요거점역":0,
            "3km이내백화점수":0,
            "5km이내아울렛몰수":0,
            "1km이내대형먀트수":1,
            "500m이내은행수":1,
            "500m이내병원수":11,
            "5km이내대형병원수":6,
            "500m이내공원수":1,
            "3km이내혐오시설수":0,
            "초등학교학업성취도":86.15,
            "중학교학업성취도":59.4,
            "용적률":360,
            "건폐율":30,
            "Y":37.527321,
            "X":126.716015,
            "rank":99.0,
            "area_info":"24평(81.19), 32평(108.59), 41평(137.37), 43평(144.72), 56평(186.54), 72평(239.66)",
            "last_sales":"2021-10-15,34600.0,24평(81.19)"
        },
        {
            "index":364,
            "아파트명":"중앙하이츠",
            "투자타입":"재건축",
            "전용면적(m2)":"61.47",
            "전용면적(평)":"18평",
            "법정동주소":"인천시 계양구 작전동 99-5",
            "도로명주소":"인천시 계양구 효서로303번길 20",
            "세대수":0,
            "입주년차":"--",
            "용적률점수":0,
            "건폐율점수":80,
            "세대당주차수":"--",
            "난방방식":"--",
            "공급면적":50,
            "전용률":60,
            "욕실수":"--",
            "현관타입":"--",
            "주거총점":21.5,
            "지역구공급총점":0.0,
            "역세권":50,
            "30분내 이동가능 거점":0,
            "1시간내 이동가능 거점":0,
            "교통총점":25.0,
            "백화점":0,
            "아울렛몰":0,
            "대형마트":100,
            "은행":0,
            "병원":60,
            "종합병원":100,
            "공원":100,
            "혐오시설":0,
            "인프라총점":44.0,
            "초등학군":88.4,
            "중학군":44.8,
            "학군총점":53.52,
            "인구수":35.56,
            "인구증감":-5.28,
            "인구총점":23.308,
            "일자리":9.9,
            "소득수준":46.63,
            "일자리총점":20.919,
            "가치 총점":34.278,
            "매매실거래년":20211224.0,
            "매매실거래가":17400.0,
            "전세실거래년":20210901.0,
            "전세실거래가":14000.0,
            "전세가율":80.46,
            "장기전세가율평균":70.92,
            "전세가율거품지수":-9.54,
            "검색코드":8140,
            "세대수":186.0,
            "준공년월":"1990-10-29",
            "준공년차":33.0,
            "가까운역이름":"작전",
            "가까운역거리":725.61,
            "역세권여부":"준역세권",
            "30분이내주요거점역":0,
            "1시간이내주요거점역":0,
            "3km이내백화점수":0,
            "5km이내아울렛몰수":0,
            "1km이내대형먀트수":2,
            "500m이내은행수":0,
            "500m이내병원수":19,
            "5km이내대형병원수":7,
            "500m이내공원수":3,
            "3km이내혐오시설수":0,
            "초등학교학업성취도":88.4,
            "중학교학업성취도":73.4,
            "용적률":301,
            "건폐율":24,
            "Y":37.529444,
            "X":126.730664,
            "rank":100.0,
            "area_info":"18평(61.47), 24평(82.32)",
            "last_sales":"2021-12-24,17400.0,18평(61.47)"
        },
        {
            "index":377,
            "아파트명":"한아름",
            "투자타입":"재건축",
            "전용면적(m2)":"73.35",
            "전용면적(평)":"22평",
            "법정동주소":"인천시 계양구 작전동 72-2",
            "도로명주소":"인천시 계양구 봉오대로743번길 25",
            "세대수":0,
            "입주년차":"--",
            "용적률점수":0,
            "건폐율점수":80,
            "세대당주차수":"--",
            "난방방식":"--",
            "공급면적":50,
            "전용률":40,
            "욕실수":"--",
            "현관타입":"--",
            "주거총점":20.5,
            "지역구공급총점":0.0,
            "역세권":50,
            "30분내 이동가능 거점":0,
            "1시간내 이동가능 거점":0,
            "교통총점":25.0,
            "백화점":0,
            "아울렛몰":0,
            "대형마트":100,
            "은행":0,
            "병원":60,
            "종합병원":100,
            "공원":100,
            "혐오시설":0,
            "인프라총점":44.0,
            "초등학군":87.44,
            "중학군":44.8,
            "학군총점":53.328,
            "인구수":35.56,
            "인구증감":-5.28,
            "인구총점":23.308,
            "일자리":9.9,
            "소득수준":46.63,
            "일자리총점":20.919,
            "가치 총점":34.0492,
            "매매실거래년":20210929.0,
            "매매실거래가":18000.0,
            "전세실거래년":20210812.0,
            "전세실거래가":13000.0,
            "전세가율":72.22,
            "장기전세가율평균":70.92,
            "전세가율거품지수":-1.3,
            "검색코드":9475,
            "세대수":150.0,
            "준공년월":"1991-04-13",
            "준공년차":32.0,
            "가까운역이름":"작전",
            "가까운역거리":880.13,
            "역세권여부":"준역세권",
            "30분이내주요거점역":0,
            "1시간이내주요거점역":0,
            "3km이내백화점수":0,
            "5km이내아울렛몰수":0,
            "1km이내대형먀트수":3,
            "500m이내은행수":0,
            "500m이내병원수":12,
            "5km이내대형병원수":6,
            "500m이내공원수":3,
            "3km이내혐오시설수":0,
            "초등학교학업성취도":87.44,
            "중학교학업성취도":73.4,
            "용적률":238,
            "건폐율":29,
            "Y":37.532972,
            "X":126.731973,
            "rank":101.0,
            "area_info":"22평(73.35), 26평(87.48)",
            "last_sales":"2021-09-29,18000.0,22평(73.35)"
        },
        {
            "index":423,
            "아파트명":"뉴서울1차",
            "투자타입":"재건축",
            "전용면적(m2)":"56.45",
            "전용면적(평)":"17평",
            "법정동주소":"인천시 계양구 효성동 99-11",
            "도로명주소":"인천시 계양구 안남로573번길 16",
            "세대수":50,
            "입주년차":"--",
            "용적률점수":100,
            "건폐율점수":60,
            "세대당주차수":"--",
            "난방방식":"--",
            "공급면적":50,
            "전용률":60,
            "욕실수":"--",
            "현관타입":"--",
            "주거총점":72.5,
            "지역구공급총점":0.0,
            "역세권":0,
            "30분내 이동가능 거점":0,
            "1시간내 이동가능 거점":0,
            "교통총점":0.0,
            "백화점":0,
            "아울렛몰":0,
            "대형마트":80,
            "은행":0,
            "병원":30,
            "종합병원":100,
            "공원":80,
            "혐오시설":0,
            "인프라총점":37.4,
            "초등학군":84.59,
            "중학군":42.7,
            "학군총점":51.078,
            "인구수":35.56,
            "인구증감":-5.28,
            "인구총점":23.308,
            "일자리":9.9,
            "소득수준":46.63,
            "일자리총점":20.919,
            "가치 총점":33.3817,
            "매매실거래년":20211207.0,
            "매매실거래가":25000.0,
            "전세실거래년":20211119.0,
            "전세실거래가":7000.0,
            "전세가율":35.0,
            "장기전세가율평균":70.92,
            "전세가율거품지수":35.92,
            "검색코드":8239,
            "세대수":460.0,
            "준공년월":"1985-06-22",
            "준공년차":38.0,
            "가까운역이름":"경인교대입구",
            "가까운역거리":1151.31,
            "역세권여부":"비역세권",
            "30분이내주요거점역":0,
            "1시간이내주요거점역":0,
            "3km이내백화점수":0,
            "5km이내아울렛몰수":0,
            "1km이내대형먀트수":1,
            "500m이내은행수":0,
            "500m이내병원수":7,
            "5km이내대형병원수":5,
            "500m이내공원수":1,
            "3km이내혐오시설수":0,
            "초등학교학업성취도":84.59,
            "중학교학업성취도":68.5,
            "용적률":139,
            "건폐율":33,
            "Y":37.536731,
            "X":126.709664,
            "rank":102.0,
            "area_info":"17평(56.45), 17평(58.5), 18평(61.36), 20평(67.36), 21평(70.47)",
            "last_sales":"2021-12-07,25000.0,21평(70.47)"
        },
        {
            "index":99,
            "아파트명":"인정프린스",
            "투자타입":"재건축",
            "전용면적(m2)":"85.58",
            "전용면적(평)":"25평",
            "법정동주소":"인천시 계양구 계산동 57-2",
            "도로명주소":"인천시 계양구 계산새로5번길 14",
            "세대수":0,
            "입주년차":"--",
            "용적률점수":0,
            "건폐율점수":80,
            "세대당주차수":"--",
            "난방방식":"--",
            "공급면적":70,
            "전용률":60,
            "욕실수":"--",
            "현관타입":"--",
            "주거총점":22.5,
            "지역구공급총점":0.0,
            "역세권":50,
            "30분내 이동가능 거점":0,
            "1시간내 이동가능 거점":0,
            "교통총점":25.0,
            "백화점":0,
            "아울렛몰":0,
            "대형마트":100,
            "은행":0,
            "병원":60,
            "종합병원":100,
            "공원":100,
            "혐오시설":0,
            "인프라총점":44.0,
            "초등학군":82.29,
            "중학군":37.1,
            "학군총점":46.138,
            "인구수":35.56,
            "인구증감":-5.28,
            "인구총점":23.308,
            "일자리":9.9,
            "소득수준":46.63,
            "일자리총점":20.919,
            "가치 총점":33.3707,
            "매매실거래년":20210617.0,
            "매매실거래가":31000.0,
            "전세실거래년":20210618.0,
            "전세실거래가":17100.0,
            "전세가율":87.69,
            "장기전세가율평균":70.92,
            "전세가율거품지수":-16.77,
            "검색코드":2261,
            "세대수":299.0,
            "준공년월":"1992-04-28",
            "준공년차":31.0,
            "가까운역이름":"계산",
            "가까운역거리":501.15,
            "역세권여부":"준역세권",
            "30분이내주요거점역":0,
            "1시간이내주요거점역":0,
            "3km이내백화점수":0,
            "5km이내아울렛몰수":0,
            "1km이내대형먀트수":3,
            "500m이내은행수":1,
            "500m이내병원수":25,
            "5km이내대형병원수":5,
            "500m이내공원수":3,
            "3km이내혐오시설수":0,
            "초등학교학업성취도":82.29,
            "중학교학업성취도":60.7,
            "용적률":293,
            "건폐율":21,
            "Y":37.538855,
            "X":126.729452,
            "rank":103.0,
            "area_info":"25평(85.58), 28평(93.73), 29평(97.87), 30평(101.14), 32평(108.24), 34평(112.46), 39평(131.41)",
            "last_sales":"2021-06-17,31000.0,39평(131.41)"
        },
        {
            "index":361,
            "아파트명":"작전현대2-2차",
            "투자타입":"일반",
            "전용면적(m2)":"104.47",
            "전용면적(평)":"31평",
            "법정동주소":"인천시 계양구 작전동 555-1",
            "도로명주소":"인천시 계양구 효서로 381",
            "세대수":90,
            "입주년차":0,
            "용적률점수":"--",
            "건폐율점수":"--",
            "세대당주차수":30,
            "난방방식":30,
            "공급면적":"--",
            "전용률":"--",
            "욕실수":100,
            "현관타입":100,
            "주거총점":59.0,
            "지역구공급총점":0.0,
            "역세권":0,
            "30분내 이동가능 거점":0,
            "1시간내 이동가능 거점":0,
            "교통총점":0.0,
            "백화점":0,
            "아울렛몰":0,
            "대형마트":80,
            "은행":0,
            "병원":60,
            "종합병원":100,
            "공원":100,
            "혐오시설":0,
            "인프라총점":41.0,
            "초등학군":96.27,
            "중학군":50.0,
            "학군총점":59.254,
            "인구수":35.56,
            "인구증감":-5.28,
            "인구총점":23.308,
            "일자리":9.9,
            "소득수준":46.63,
            "일자리총점":20.919,
            "가치 총점":32.9881,
            "매매실거래년":20211208.0,
            "매매실거래가":64300.0,
            "전세실거래년":20211225.0,
            "전세실거래가":26775.0,
            "전세가율":58.46,
            "장기전세가율평균":70.92,
            "전세가율거품지수":12.46,
            "검색코드":2441,
            "세대수":904.0,
            "준공년월":"1993-12-27",
            "준공년차":30.0,
            "가까운역이름":"작전",
            "가까운역거리":1332.09,
            "역세권여부":"비역세권",
            "30분이내주요거점역":0,
            "1시간이내주요거점역":0,
            "3km이내백화점수":0,
            "5km이내아울렛몰수":0,
            "1km이내대형먀트수":1,
            "500m이내은행수":1,
            "500m이내병원수":20,
            "5km이내대형병원수":6,
            "500m이내공원수":4,
            "3km이내혐오시설수":0,
            "초등학교학업성취도":96.27,
            "중학교학업성취도":79.4,
            "용적률":257,
            "건폐율":20,
            "Y":37.529383,
            "X":126.737577,
            "rank":104.0,
            "area_info":"31평(104.47), 50평(168.24), 55평(183.3)",
            "last_sales":"2021-12-08,64300.0,50평(168.24)"
        },
        {
            "index":268,
            "아파트명":"까치마을태화,한진",
            "투자타입":"일반",
            "전용면적(m2)":"54.3",
            "전용면적(평)":"16평",
            "법정동주소":"인천시 계양구 작전동 915-1",
            "도로명주소":"인천시 계양구 효서로 393",
            "세대수":100,
            "입주년차":0,
            "용적률점수":"--",
            "건폐율점수":"--",
            "세대당주차수":30,
            "난방방식":100,
            "공급면적":"--",
            "전용률":"--",
            "욕실수":50,
            "현관타입":10,
            "주거총점":55.5,
            "지역구공급총점":0.0,
            "역세권":0,
            "30분내 이동가능 거점":0,
            "1시간내 이동가능 거점":10,
            "교통총점":2.0,
            "백화점":0,
            "아울렛몰":0,
            "대형마트":80,
            "은행":20,
            "병원":60,
            "종합병원":100,
            "공원":100,
            "혐오시설":0,
            "인프라총점":43.0,
            "초등학군":94.32,
            "중학군":44.78,
            "학군총점":54.688,
            "인구수":35.56,
            "인구증감":-5.28,
            "인구총점":23.308,
            "일자리":9.9,
            "소득수준":46.63,
            "일자리총점":20.919,
            "가치 총점":32.9032,
            "매매실거래년":20211204.0,
            "매매실거래가":19800.0,
            "전세실거래년":20211227.0,
            "전세실거래가":13000.0,
            "전세가율":65.66,
            "장기전세가율평균":70.92,
            "전세가율거품지수":5.26,
            "검색코드":2433,
            "세대수":1674.0,
            "준공년월":"1997-11-14",
            "준공년차":26.0,
            "가까운역이름":"작전",
            "가까운역거리":1641.14,
            "역세권여부":"비역세권",
            "30분이내주요거점역":0,
            "1시간이내주요거점역":1,
            "3km이내백화점수":0,
            "5km이내아울렛몰수":0,
            "1km이내대형먀트수":1,
            "500m이내은행수":2,
            "500m이내병원수":12,
            "5km이내대형병원수":5,
            "500m이내공원수":3,
            "3km이내혐오시설수":0,
            "초등학교학업성취도":94.32,
            "중학교학업성취도":73.9,
            "용적률":249,
            "건폐율":19,
            "Y":37.529537,
            "X":126.741105,
            "rank":105.0,
            "area_info":"16평(54.3), 16평(54.7), 24평(81.19)",
            "last_sales":"2021-12-04,19800.0,16평(54.3)"
        },
        {
            "index":275,
            "아파트명":"도두리마을동남,롯데",
            "투자타입":"일반",
            "전용면적(m2)":"55.83",
            "전용면적(평)":"16평",
            "법정동주소":"인천시 계양구 작전동 912-4",
            "도로명주소":"인천시 계양구 도두리로 62",
            "세대수":90,
            "입주년차":0,
            "용적률점수":"--",
            "건폐율점수":"--",
            "세대당주차수":30,
            "난방방식":100,
            "공급면적":"--",
            "전용률":"--",
            "욕실수":50,
            "현관타입":10,
            "주거총점":52.0,
            "지역구공급총점":0.0,
            "역세권":0,
            "30분내 이동가능 거점":0,
            "1시간내 이동가능 거점":0,
            "교통총점":0.0,
            "백화점":0,
            "아울렛몰":0,
            "대형마트":100,
            "은행":20,
            "병원":60,
            "종합병원":100,
            "공원":100,
            "혐오시설":0,
            "인프라총점":46.0,
            "초등학군":89.0,
            "중학군":50.0,
            "학군총점":57.8,
            "인구수":35.56,
            "인구증감":-5.28,
            "인구총점":23.308,
            "일자리":9.9,
            "소득수준":46.63,
            "일자리총점":20.919,
            "가치 총점":32.87,
            "매매실거래년":20220108.0,
            "매매실거래가":20400.0,
            "전세실거래년":20220108.0,
            "전세실거래가":17000.0,
            "전세가율":83.33,
            "장기전세가율평균":70.92,
            "전세가율거품지수":-12.41,
            "검색코드":8230,
            "세대수":1282.0,
            "준공년월":"1997-10-31",
            "준공년차":26.0,
            "가까운역이름":"임학",
            "가까운역거리":1470.05,
            "역세권여부":"비역세권",
            "30분이내주요거점역":0,
            "1시간이내주요거점역":0,
            "3km이내백화점수":0,
            "5km이내아울렛몰수":0,
            "1km이내대형먀트수":2,
            "500m이내은행수":2,
            "500m이내병원수":18,
            "5km이내대형병원수":5,
            "500m이내공원수":4,
            "3km이내혐오시설수":0,
            "초등학교학업성취도":89.0,
            "중학교학업성취도":79.4,
            "용적률":245,
            "건폐율":19,
            "Y":37.531929,
            "X":126.740612,
            "rank":106.0,
            "area_info":"16평(55.83), 23평(78.26)",
            "last_sales":"2022-01-08,20400.0,16평(55.83)"
        },
        {
            "index":277,
            "아파트명":"도두리마을동보",
            "투자타입":"일반",
            "전용면적(m2)":"35.57",
            "전용면적(평)":"10평",
            "법정동주소":"인천시 계양구 작전동 912-3",
            "도로명주소":"인천시 계양구 도두리로 52",
            "세대수":90,
            "입주년차":0,
            "용적률점수":"--",
            "건폐율점수":"--",
            "세대당주차수":30,
            "난방방식":100,
            "공급면적":"--",
            "전용률":"--",
            "욕실수":50,
            "현관타입":10,
            "주거총점":52.0,
            "지역구공급총점":0.0,
            "역세권":0,
            "30분내 이동가능 거점":0,
            "1시간내 이동가능 거점":0,
            "교통총점":0.0,
            "백화점":0,
            "아울렛몰":0,
            "대형마트":100,
            "은행":20,
            "병원":60,
            "종합병원":100,
            "공원":100,
            "혐오시설":0,
            "인프라총점":46.0,
            "초등학군":89.0,
            "중학군":50.0,
            "학군총점":57.8,
            "인구수":35.56,
            "인구증감":-5.28,
            "인구총점":23.308,
            "일자리":9.9,
            "소득수준":46.63,
            "일자리총점":20.919,
            "가치 총점":32.87,
            "매매실거래년":20211231.0,
            "매매실거래가":39000.0,
            "전세실거래년":20211122.0,
            "전세실거래가":7850.0,
            "전세가율":56.47,
            "장기전세가율평균":70.92,
            "전세가율거품지수":14.45,
            "검색코드":2427,
            "세대수":1276.0,
            "준공년월":"1996-12-20",
            "준공년차":27.0,
            "가까운역이름":"임학",
            "가까운역거리":1461.32,
            "역세권여부":"비역세권",
            "30분이내주요거점역":0,
            "1시간이내주요거점역":0,
            "3km이내백화점수":0,
            "5km이내아울렛몰수":0,
            "1km이내대형먀트수":2,
            "500m이내은행수":2,
            "500m이내병원수":28,
            "5km이내대형병원수":5,
            "500m이내공원수":4,
            "3km이내혐오시설수":0,
            "초등학교학업성취도":89.0,
            "중학교학업성취도":79.4,
            "용적률":249,
            "건폐율":21,
            "Y":37.531922,
            "X":126.739118,
            "rank":106.0,
            "area_info":"10평(35.57), 24평(79.68)",
            "last_sales":"2021-12-31,39000.0,24평(79.68)"
        },
        {
            "index":373,
            "아파트명":"한국",
            "투자타입":"일반",
            "전용면적(m2)":"85.43",
            "전용면적(평)":"25평",
            "법정동주소":"인천시 계양구 작전동 79",
            "도로명주소":"인천시 계양구 봉오대로743번길 9",
            "세대수":0,
            "입주년차":0,
            "용적률점수":"--",
            "건폐율점수":"--",
            "세대당주차수":30,
            "난방방식":30,
            "공급면적":"--",
            "전용률":"--",
            "욕실수":50,
            "현관타입":10,
            "주거총점":13.5,
            "지역구공급총점":0.0,
            "역세권":50,
            "30분내 이동가능 거점":0,
            "1시간내 이동가능 거점":0,
            "교통총점":25.0,
            "백화점":0,
            "아울렛몰":0,
            "대형마트":100,
            "은행":0,
            "병원":60,
            "종합병원":100,
            "공원":100,
            "혐오시설":0,
            "인프라총점":44.0,
            "초등학군":88.4,
            "중학군":44.8,
            "학군총점":53.52,
            "인구수":35.56,
            "인구증감":-5.28,
            "인구총점":23.308,
            "일자리":9.9,
            "소득수준":46.63,
            "일자리총점":20.919,
            "가치 총점":32.678,
            "매매실거래년":20211204.0,
            "매매실거래가":37500.0,
            "전세실거래년":20211005.0,
            "전세실거래가":22000.0,
            "전세가율":81.48,
            "장기전세가율평균":70.92,
            "전세가율거품지수":-10.56,
            "검색코드":8232,
            "세대수":250.0,
            "준공년월":"1998-03-30",
            "준공년차":25.0,
            "가까운역이름":"작전",
            "가까운역거리":789.49,
            "역세권여부":"준역세권",
            "30분이내주요거점역":0,
            "1시간이내주요거점역":0,
            "3km이내백화점수":0,
            "5km이내아울렛몰수":0,
            "1km이내대형먀트수":2,
            "500m이내은행수":0,
            "500m이내병원수":17,
            "5km이내대형병원수":6,
            "500m이내공원수":3,
            "3km이내혐오시설수":0,
            "초등학교학업성취도":88.4,
            "중학교학업성취도":73.4,
            "용적률":271,
            "건폐율":20,
            "Y":37.53198,
            "X":126.73126,
            "rank":107.0,
            "area_info":"25평(85.43), 32평(108.66)",
            "last_sales":"2021-12-04,37500.0,32평(108.66)"
        },
        {
            "index":386,
            "아파트명":"한화",
            "투자타입":"일반",
            "전용면적(m2)":"83.29",
            "전용면적(평)":"25평",
            "법정동주소":"인천시 계양구 작전동 858",
            "도로명주소":"인천시 계양구 계산로126번길 27",
            "세대수":0,
            "입주년차":0,
            "용적률점수":"--",
            "건폐율점수":"--",
            "세대당주차수":0,
            "난방방식":30,
            "공급면적":"--",
            "전용률":"--",
            "욕실수":100,
            "현관타입":10,
            "주거총점":14.0,
            "지역구공급총점":0.0,
            "역세권":50,
            "30분내 이동가능 거점":0,
            "1시간내 이동가능 거점":0,
            "교통총점":25.0,
            "백화점":0,
            "아울렛몰":0,
            "대형마트":100,
            "은행":0,
            "병원":60,
            "종합병원":100,
            "공원":80,
            "혐오시설":0,
            "인프라총점":43.4,
            "초등학군":87.44,
            "중학군":44.8,
            "학군총점":53.328,
            "인구수":35.56,
            "인구증감":-5.28,
            "인구총점":23.308,
            "일자리":9.9,
            "소득수준":46.63,
            "일자리총점":20.919,
            "가치 총점":32.5692,
            "매매실거래년":20210713.0,
            "매매실거래가":25500.0,
            "전세실거래년":20210519.0,
            "전세실거래가":16800.0,
            "전세가율":65.88,
            "장기전세가율평균":70.92,
            "전세가율거품지수":5.04,
            "검색코드":8541,
            "세대수":179.0,
            "준공년월":"1998-01-20",
            "준공년차":25.0,
            "가까운역이름":"경인교대입구",
            "가까운역거리":514.29,
            "역세권여부":"준역세권",
            "30분이내주요거점역":0,
            "1시간이내주요거점역":0,
            "3km이내백화점수":0,
            "5km이내아울렛몰수":0,
            "1km이내대형먀트수":3,
            "500m이내은행수":1,
            "500m이내병원수":19,
            "5km이내대형병원수":5,
            "500m이내공원수":1,
            "3km이내혐오시설수":0,
            "초등학교학업성취도":87.44,
            "중학교학업성취도":73.4,
            "용적률":254,
            "건폐율":29,
            "Y":37.534907,
            "X":126.726747,
            "rank":108.0,
            "area_info":"25평(83.29)",
            "last_sales":"2021-07-13,25500.0,25평(83.29)"
        },
        {
            "index":304,
            "아파트명":"백조",
            "투자타입":"재건축",
            "전용면적(m2)":"70.37",
            "전용면적(평)":"21평",
            "법정동주소":"인천시 계양구 작전동 859-2",
            "도로명주소":"인천시 계양구 주부토로449번길 7",
            "세대수":0,
            "입주년차":"--",
            "용적률점수":0,
            "건폐율점수":20,
            "세대당주차수":"--",
            "난방방식":"--",
            "공급면적":50,
            "전용률":80,
            "욕실수":"--",
            "현관타입":"--",
            "주거총점":10.5,
            "지역구공급총점":0.0,
            "역세권":50,
            "30분내 이동가능 거점":0,
            "1시간내 이동가능 거점":0,
            "교통총점":25.0,
            "백화점":0,
            "아울렛몰":0,
            "대형마트":100,
            "은행":20,
            "병원":60,
            "종합병원":100,
            "공원":80,
            "혐오시설":0,
            "인프라총점":45.4,
            "초등학군":87.44,
            "중학군":44.8,
            "학군총점":53.328,
            "인구수":35.56,
            "인구증감":-5.28,
            "인구총점":23.308,
            "일자리":9.9,
            "소득수준":46.63,
            "일자리총점":20.919,
            "가치 총점":32.4692,
            "매매실거래년":20211103.0,
            "매매실거래가":16000.0,
            "전세실거래년":20210608.0,
            "전세실거래가":14000.0,
            "전세가율":84.85,
            "장기전세가율평균":70.92,
            "전세가율거품지수":-13.93,
            "검색코드":11350,
            "세대수":105.0,
            "준공년월":"1985-02-07",
            "준공년차":38.0,
            "가까운역이름":"작전",
            "가까운역거리":561.51,
            "역세권여부":"준역세권",
            "30분이내주요거점역":0,
            "1시간이내주요거점역":0,
            "3km이내백화점수":0,
            "5km이내아울렛몰수":0,
            "1km이내대형먀트수":2,
            "500m이내은행수":2,
            "500m이내병원수":15,
            "5km이내대형병원수":5,
            "500m이내공원수":1,
            "3km이내혐오시설수":0,
            "초등학교학업성취도":87.44,
            "중학교학업성취도":73.4,
            "용적률":238,
            "건폐율":47,
            "Y":37.534097,
            "X":126.726885,
            "rank":109.0,
            "area_info":"21평(70.37), 21평(70.74), 21평(72.45), 24평(79.6)",
            "last_sales":"2021-11-03,16000.0,21평(72.45)"
        },
        {
            "index":488,
            "아파트명":"중앙하이츠",
            "투자타입":"일반",
            "전용면적(m2)":"80.96",
            "전용면적(평)":"24평",
            "법정동주소":"인천시 계양구 효성동 24-3",
            "도로명주소":"인천시 계양구 안남로572번길 17",
            "세대수":30,
            "입주년차":0,
            "용적률점수":"--",
            "건폐율점수":"--",
            "세대당주차수":0,
            "난방방식":30,
            "공급면적":"--",
            "전용률":"--",
            "욕실수":50,
            "현관타입":10,
            "주거총점":19.5,
            "지역구공급총점":0.0,
            "역세권":50,
            "30분내 이동가능 거점":0,
            "1시간내 이동가능 거점":0,
            "교통총점":25.0,
            "백화점":0,
            "아울렛몰":0,
            "대형마트":80,
            "은행":0,
            "병원":60,
            "종합병원":100,
            "공원":80,
            "혐오시설":0,
            "인프라총점":40.4,
            "초등학군":84.59,
            "중학군":42.7,
            "학군총점":51.078,
            "인구수":35.56,
            "인구증감":-5.28,
            "인구총점":23.308,
            "일자리":9.9,
            "소득수준":46.63,
            "일자리총점":20.919,
            "가치 총점":32.4317,
            "매매실거래년":20211124.0,
            "매매실거래가":26600.0,
            "전세실거래년":20211104.0,
            "전세실거래가":19000.0,
            "전세가율":71.43,
            "장기전세가율평균":70.92,
            "전세가율거품지수":-0.51,
            "검색코드":8238,
            "세대수":375.0,
            "준공년월":"1996-11-19",
            "준공년차":27.0,
            "가까운역이름":"경인교대입구",
            "가까운역거리":974.26,
            "역세권여부":"준역세권",
            "30분이내주요거점역":0,
            "1시간이내주요거점역":0,
            "3km이내백화점수":0,
            "5km이내아울렛몰수":0,
            "1km이내대형먀트수":1,
            "500m이내은행수":0,
            "500m이내병원수":15,
            "5km이내대형병원수":5,
            "500m이내공원수":1,
            "3km이내혐오시설수":0,
            "초등학교학업성취도":84.59,
            "중학교학업성취도":68.5,
            "용적률":273,
            "건폐율":17,
            "Y":37.535083,
            "X":126.71225,
            "rank":110.0,
            "area_info":"24평(80.96), 32평(107.44), 35평(116.72)",
            "last_sales":"2021-11-24,26600.0,24평(80.96)"
        },
        {
            "index":448,
            "아파트명":"동남",
            "투자타입":"재건축",
            "전용면적(m2)":"59.61",
            "전용면적(평)":"18평",
            "법정동주소":"인천시 계양구 효성동 25-20",
            "도로명주소":"인천시 계양구 안남로 590",
            "세대수":0,
            "입주년차":"--",
            "용적률점수":100,
            "건폐율점수":80,
            "세대당주차수":"--",
            "난방방식":"--",
            "공급면적":50,
            "전용률":80,
            "욕실수":"--",
            "현관타입":"--",
            "주거총점":62.5,
            "지역구공급총점":0.0,
            "역세권":0,
            "30분내 이동가능 거점":0,
            "1시간내 이동가능 거점":0,
            "교통총점":0.0,
            "백화점":0,
            "아울렛몰":0,
            "대형마트":80,
            "은행":0,
            "병원":60,
            "종합병원":100,
            "공원":80,
            "혐오시설":0,
            "인프라총점":40.4,
            "초등학군":84.59,
            "중학군":42.7,
            "학군총점":51.078,
            "인구수":35.56,
            "인구증감":-5.28,
            "인구총점":23.308,
            "일자리":9.9,
            "소득수준":46.63,
            "일자리총점":20.919,
            "가치 총점":32.2817,
            "매매실거래년":20211202.0,
            "매매실거래가":19400.0,
            "전세실거래년":20211014.0,
            "전세실거래가":6000.0,
            "전세가율":42.86,
            "장기전세가율평균":70.92,
            "전세가율거품지수":28.06,
            "검색코드":9677,
            "세대수":120.0,
            "준공년월":"1984-06-22",
            "준공년차":39.0,
            "가까운역이름":"경인교대입구",
            "가까운역거리":1033.82,
            "역세권여부":"비역세권",
            "30분이내주요거점역":0,
            "1시간이내주요거점역":0,
            "3km이내백화점수":0,
            "5km이내아울렛몰수":0,
            "1km이내대형먀트수":1,
            "500m이내은행수":0,
            "500m이내병원수":15,
            "5km이내대형병원수":5,
            "500m이내공원수":1,
            "3km이내혐오시설수":0,
            "초등학교학업성취도":84.59,
            "중학교학업성취도":68.5,
            "용적률":126,
            "건폐율":25,
            "Y":37.534941,
            "X":126.711596,
            "rank":111.0,
            "area_info":"18평(59.61), 20평(66.29), 20평(67.29)",
            "last_sales":"2021-12-02,19400.0,20평(67.29)"
        },
        {
            "index":273,
            "아파트명":"도두리마을대동",
            "투자타입":"일반",
            "전용면적(m2)":"56.28",
            "전용면적(평)":"17평",
            "법정동주소":"인천시 계양구 작전동 912-5",
            "도로명주소":"인천시 계양구 도두리로 74",
            "세대수":90,
            "입주년차":0,
            "용적률점수":"--",
            "건폐율점수":"--",
            "세대당주차수":30,
            "난방방식":100,
            "공급면적":"--",
            "전용률":"--",
            "욕실수":50,
            "현관타입":10,
            "주거총점":52.0,
            "지역구공급총점":0.0,
            "역세권":0,
            "30분내 이동가능 거점":0,
            "1시간내 이동가능 거점":0,
            "교통총점":0.0,
            "백화점":0,
            "아울렛몰":0,
            "대형마트":100,
            "은행":0,
            "병원":60,
            "종합병원":100,
            "공원":100,
            "혐오시설":0,
            "인프라총점":44.0,
            "초등학군":89.0,
            "중학군":50.0,
            "학군총점":57.8,
            "인구수":35.56,
            "인구증감":-5.28,
            "인구총점":23.308,
            "일자리":9.9,
            "소득수준":46.63,
            "일자리총점":20.919,
            "가치 총점":32.27,
            "매매실거래년":20211217.0,
            "매매실거래가":38000.0,
            "전세실거래년":20211214.0,
            "전세실거래가":17000.0,
            "전세가율":77.98,
            "장기전세가율평균":70.92,
            "전세가율거품지수":-7.06,
            "검색코드":2254,
            "세대수":1299.0,
            "준공년월":"1997-09-30",
            "준공년차":26.0,
            "가까운역이름":"임학",
            "가까운역거리":1438.68,
            "역세권여부":"비역세권",
            "30분이내주요거점역":0,
            "1시간이내주요거점역":0,
            "3km이내백화점수":0,
            "5km이내아울렛몰수":0,
            "1km이내대형먀트수":2,
            "500m이내은행수":1,
            "500m이내병원수":16,
            "5km이내대형병원수":5,
            "500m이내공원수":2,
            "3km이내혐오시설수":0,
            "초등학교학업성취도":89.0,
            "중학교학업성취도":79.4,
            "용적률":249,
            "건폐율":18,
            "Y":37.532452,
            "X":126.742334,
            "rank":112.0,
            "area_info":"17평(56.28), 24평(80.91)",
            "last_sales":"2021-12-17,38000.0,24평(80.91)"
        },
        {
            "index":189,
            "아파트명":"계양산대창센시티",
            "투자타입":"일반",
            "전용면적(m2)":"85.71",
            "전용면적(평)":"25평",
            "법정동주소":"인천시 계양구 방축동 120",
            "도로명주소":"인천시 계양구 장제로933번길 5",
            "세대수":0,
            "입주년차":40,
            "용적률점수":"--",
            "건폐율점수":"--",
            "세대당주차수":30,
            "난방방식":30,
            "공급면적":"--",
            "전용률":"--",
            "욕실수":100,
            "현관타입":100,
            "주거총점":35.5,
            "지역구공급총점":0.0,
            "역세권":50,
            "30분내 이동가능 거점":0,
            "1시간내 이동가능 거점":0,
            "교통총점":25.0,
            "백화점":0,
            "아울렛몰":0,
            "대형마트":0,
            "은행":0,
            "병원":60,
            "종합병원":100,
            "공원":100,
            "혐오시설":0,
            "인프라총점":29.0,
            "초등학군":87.19,
            "중학군":40.78,
            "학군총점":50.062,
            "인구수":35.56,
            "인구증감":-5.28,
            "인구총점":23.308,
            "일자리":9.9,
            "소득수준":46.63,
            "일자리총점":20.919,
            "가치 총점":32.0593,
            "매매실거래년":20210527.0,
            "매매실거래가":32000.0,
            "전세실거래년":20210925.0,
            "전세실거래가":25000.0,
            "전세가율":78.12,
            "장기전세가율평균":70.92,
            "전세가율거품지수":-7.2,
            "검색코드":22825,
            "세대수":187.0,
            "준공년월":"2006-08-17",
            "준공년차":17.0,
            "가까운역이름":"박촌",
            "가까운역거리":537.48,
            "역세권여부":"준역세권",
            "30분이내주요거점역":0,
            "1시간이내주요거점역":0,
            "3km이내백화점수":0,
            "5km이내아울렛몰수":0,
            "1km이내대형먀트수":0,
            "500m이내은행수":0,
            "500m이내병원수":28,
            "5km이내대형병원수":3,
            "500m이내공원수":3,
            "3km이내혐오시설수":0,
            "초등학교학업성취도":87.19,
            "중학교학업성취도":67.1,
            "용적률":220,
            "건폐율":25,
            "Y":37.550071,
            "X":126.741054,
            "rank":113.0,
            "area_info":"25평(85.71), 29평(98.49), 33평(110.05)",
            "last_sales":"2021-05-27,32000.0,25평(85.71)"
        },
        {
            "index":216,
            "아파트명":"계양임광그대가",
            "투자타입":"일반",
            "전용면적(m2)":"112.62",
            "전용면적(평)":"34평",
            "법정동주소":"인천시 계양구 서운동 203",
            "도로명주소":"인천시 계양구 효서로 417",
            "세대수":30,
            "입주년차":60,
            "용적률점수":"--",
            "건폐율점수":"--",
            "세대당주차수":60,
            "난방방식":100,
            "공급면적":"--",
            "전용률":"--",
            "욕실수":100,
            "현관타입":100,
            "주거총점":61.5,
            "지역구공급총점":0.0,
            "역세권":0,
            "30분내 이동가능 거점":0,
            "1시간내 이동가능 거점":0,
            "교통총점":0.0,
            "백화점":0,
            "아울렛몰":0,
            "대형마트":80,
            "은행":0,
            "병원":30,
            "종합병원":100,
            "공원":100,
            "혐오시설":0,
            "인프라총점":38.0,
            "초등학군":94.32,
            "중학군":44.78,
            "학군총점":54.688,
            "인구수":35.56,
            "인구증감":-5.28,
            "인구총점":23.308,
            "일자리":9.9,
            "소득수준":46.63,
            "일자리총점":20.919,
            "가치 총점":31.9032,
            "매매실거래년":20211113.0,
            "매매실거래가":59500.0,
            "전세실거래년":20191125.0,
            "전세실거래가":29000.0,
            "전세가율":48.74,
            "장기전세가율평균":70.92,
            "전세가율거품지수":22.18,
            "검색코드":27340,
            "세대수":373.0,
            "준공년월":"2009-10-01",
            "준공년차":14.0,
            "가까운역이름":"작전",
            "가까운역거리":1831.45,
            "역세권여부":"비역세권",
            "30분이내주요거점역":0,
            "1시간이내주요거점역":0,
            "3km이내백화점수":0,
            "5km이내아울렛몰수":0,
            "1km이내대형먀트수":1,
            "500m이내은행수":1,
            "500m이내병원수":6,
            "5km이내대형병원수":5,
            "500m이내공원수":2,
            "3km이내혐오시설수":0,
            "초등학교학업성취도":94.32,
            "중학교학업성취도":73.9,
            "용적률":298,
            "건폐율":21,
            "Y":37.528388,
            "X":126.743138,
            "rank":114.0,
            "area_info":"34평(112.62), 34평(112.79), 34평(112.79), 43평(144.84), 43평(144.86)",
            "last_sales":"2021-11-13,59500.0,34평(112.62)"
        },
        {
            "index":347,
            "아파트명":"유호",
            "투자타입":"일반",
            "전용면적(m2)":"80.12",
            "전용면적(평)":"24평",
            "법정동주소":"인천시 계양구 작전동 381-3",
            "도로명주소":"인천시 계양구 주부토로363번길 4",
            "세대수":0,
            "입주년차":0,
            "용적률점수":"--",
            "건폐율점수":"--",
            "세대당주차수":0,
            "난방방식":30,
            "공급면적":"--",
            "전용률":"--",
            "욕실수":50,
            "현관타입":10,
            "주거총점":9.0,
            "지역구공급총점":0.0,
            "역세권":50,
            "30분내 이동가능 거점":0,
            "1시간내 이동가능 거점":0,
            "교통총점":25.0,
            "백화점":0,
            "아울렛몰":0,
            "대형마트":100,
            "은행":0,
            "병원":60,
            "종합병원":100,
            "공원":100,
            "혐오시설":0,
            "인프라총점":44.0,
            "초등학군":88.4,
            "중학군":44.8,
            "학군총점":53.52,
            "인구수":35.56,
            "인구증감":-5.28,
            "인구총점":23.308,
            "일자리":9.9,
            "소득수준":46.63,
            "일자리총점":20.919,
            "가치 총점":31.778,
            "매매실거래년":20211218.0,
            "매매실거래가":34500.0,
            "전세실거래년":20210807.0,
            "전세실거래가":20000.0,
            "전세가율":76.92,
            "장기전세가율평균":70.92,
            "전세가율거품지수":-6.0,
            "검색코드":2431,
            "세대수":299.0,
            "준공년월":"1995-03-25",
            "준공년차":28.0,
            "가까운역이름":"작전",
            "가까운역거리":678.78,
            "역세권여부":"준역세권",
            "30분이내주요거점역":0,
            "1시간이내주요거점역":0,
            "3km이내백화점수":0,
            "5km이내아울렛몰수":0,
            "1km이내대형먀트수":2,
            "500m이내은행수":0,
            "500m이내병원수":14,
            "5km이내대형병원수":7,
            "500m이내공원수":2,
            "3km이내혐오시설수":0,
            "초등학교학업성취도":88.4,
            "중학교학업성취도":73.4,
            "용적률":297,
            "건폐율":24,
            "Y":37.527319,
            "X":126.729161,
            "rank":115.0,
            "area_info":"24평(80.12), 31평(105.58)",
            "last_sales":"2021-12-18,34500.0,31평(105.58)"
        },
        {
            "index":97,
            "아파트명":"은행마을태평",
            "투자타입":"일반",
            "전용면적(m2)":"86.97",
            "전용면적(평)":"26평",
            "법정동주소":"인천시 계양구 계산동 1085-2",
            "도로명주소":"인천시 계양구 용종로 26",
            "세대수":50,
            "입주년차":0,
            "용적률점수":"--",
            "건폐율점수":"--",
            "세대당주차수":30,
            "난방방식":100,
            "공급면적":"--",
            "전용률":"--",
            "욕실수":50,
            "현관타입":100,
            "주거총점":47.0,
            "지역구공급총점":0.0,
            "역세권":0,
            "30분내 이동가능 거점":0,
            "1시간내 이동가능 거점":0,
            "교통총점":0.0,
            "백화점":0,
            "아울렛몰":0,
            "대형마트":100,
            "은행":0,
            "병원":60,
            "종합병원":100,
            "공원":100,
            "혐오시설":0,
            "인프라총점":44.0,
            "초등학군":89.0,
            "중학군":50.0,
            "학군총점":57.8,
            "인구수":35.56,
            "인구증감":-5.28,
            "인구총점":23.308,
            "일자리":9.9,
            "소득수준":46.63,
            "일자리총점":20.919,
            "가치 총점":31.27,
            "매매실거래년":20211209.0,
            "매매실거래가":39900.0,
            "전세실거래년":20220107.0,
            "전세실거래가":34000.0,
            "전세가율":85.21,
            "장기전세가율평균":70.92,
            "전세가율거품지수":-14.29,
            "검색코드":2263,
            "세대수":574.0,
            "준공년월":"1997-06-27",
            "준공년차":26.0,
            "가까운역이름":"임학",
            "가까운역거리":1133.75,
            "역세권여부":"비역세권",
            "30분이내주요거점역":0,
            "1시간이내주요거점역":0,
            "3km이내백화점수":0,
            "5km이내아울렛몰수":0,
            "1km이내대형먀트수":3,
            "500m이내은행수":1,
            "500m이내병원수":13,
            "5km이내대형병원수":5,
            "500m이내공원수":4,
            "3km이내혐오시설수":0,
            "초등학교학업성취도":89.0,
            "중학교학업성취도":79.4,
            "용적률":249,
            "건폐율":20,
            "Y":37.535347,
            "X":126.74258,
            "rank":116.0,
            "area_info":"26평(86.97), 31평(103.98)",
            "last_sales":"2021-12-09,39900.0,26평(86.97)"
        },
        {
            "index":264,
            "아파트명":"광명",
            "투자타입":"재건축",
            "전용면적(m2)":"61.12",
            "전용면적(평)":"18평",
            "법정동주소":"인천시 계양구 작전동 131-1",
            "도로명주소":"인천시 계양구 효서로341번길 5",
            "세대수":0,
            "입주년차":"--",
            "용적률점수":80,
            "건폐율점수":80,
            "세대당주차수":"--",
            "난방방식":"--",
            "공급면적":50,
            "전용률":60,
            "욕실수":"--",
            "현관타입":"--",
            "주거총점":53.5,
            "지역구공급총점":0.0,
            "역세권":0,
            "30분내 이동가능 거점":0,
            "1시간내 이동가능 거점":0,
            "교통총점":0.0,
            "백화점":0,
            "아울렛몰":0,
            "대형마트":80,
            "은행":0,
            "병원":60,
            "종합병원":100,
            "공원":100,
            "혐오시설":0,
            "인프라총점":41.0,
            "초등학군":96.27,
            "중학군":44.8,
            "학군총점":55.094,
            "인구수":35.56,
            "인구증감":-5.28,
            "인구총점":23.308,
            "일자리":9.9,
            "소득수준":46.63,
            "일자리총점":20.919,
            "가치 총점":31.2641,
            "매매실거래년":20211214.0,
            "매매실거래가":18900.0,
            "전세실거래년":20211210.0,
            "전세실거래가":9000.0,
            "전세가율":47.62,
            "장기전세가율평균":70.92,
            "전세가율거품지수":23.3,
            "검색코드":8233,
            "세대수":288.0,
            "준공년월":"1989-12-08",
            "준공년차":34.0,
            "가까운역이름":"작전",
            "가까운역거리":1046.53,
            "역세권여부":"비역세권",
            "30분이내주요거점역":0,
            "1시간이내주요거점역":0,
            "3km이내백화점수":0,
            "5km이내아울렛몰수":0,
            "1km이내대형먀트수":1,
            "500m이내은행수":1,
            "500m이내병원수":28,
            "5km이내대형병원수":6,
            "500m이내공원수":3,
            "3km이내혐오시설수":0,
            "초등학교학업성취도":96.27,
            "중학교학업성취도":73.4,
            "용적률":153,
            "건폐율":25,
            "Y":37.529285,
            "X":126.734309,
            "rank":117.0,
            "area_info":"18평(61.12), 22평(74.33), 23평(77.5), 24평(81.07)",
            "last_sales":"2021-12-14,18900.0,18평(61.12)"
        },
        {
            "index":392,
            "아파트명":"현대2-1차",
            "투자타입":"재건축",
            "전용면적(m2)":"94.33",
            "전용면적(평)":"28평",
            "법정동주소":"인천시 계양구 작전동 580",
            "도로명주소":"인천시 계양구 효서로 381",
            "세대수":80,
            "입주년차":"--",
            "용적률점수":0,
            "건폐율점수":100,
            "세대당주차수":"--",
            "난방방식":"--",
            "공급면적":70,
            "전용률":80,
            "욕실수":"--",
            "현관타입":"--",
            "주거총점":51.5,
            "지역구공급총점":0.0,
            "역세권":0,
            "30분내 이동가능 거점":0,
            "1시간내 이동가능 거점":0,
            "교통총점":0.0,
            "백화점":0,
            "아울렛몰":0,
            "대형마트":80,
            "은행":0,
            "병원":60,
            "종합병원":100,
            "공원":100,
            "혐오시설":0,
            "인프라총점":41.0,
            "초등학군":96.27,
            "중학군":44.78,
            "학군총점":55.078,
            "인구수":35.56,
            "인구증감":-5.28,
            "인구총점":23.308,
            "일자리":9.9,
            "소득수준":46.63,
            "일자리총점":20.919,
            "가치 총점":30.8617,
            "매매실거래년":20211218.0,
            "매매실거래가":43500.0,
            "전세실거래년":20220115.0,
            "전세실거래가":20000.0,
            "전세가율":54.79,
            "장기전세가율평균":70.92,
            "전세가율거품지수":16.13,
            "검색코드":2439,
            "세대수":840.0,
            "준공년월":"1991-10-15",
            "준공년차":32.0,
            "가까운역이름":"작전",
            "가까운역거리":1443.39,
            "역세권여부":"비역세권",
            "30분이내주요거점역":0,
            "1시간이내주요거점역":0,
            "3km이내백화점수":0,
            "5km이내아울렛몰수":0,
            "1km이내대형먀트수":1,
            "500m이내은행수":1,
            "500m이내병원수":18,
            "5km이내대형병원수":5,
            "500m이내공원수":4,
            "3km이내혐오시설수":0,
            "초등학교학업성취도":96.27,
            "중학교학업성취도":73.9,
            "용적률":225,
            "건폐율":17,
            "Y":37.529053,
            "X":126.738805,
            "rank":118.0,
            "area_info":"28평(94.33), 30평(101.65), 30평(102.18)",
            "last_sales":"2021-12-18,43500.0,30평(101.65)"
        },
        {
            "index":440,
            "아파트명":"대산",
            "투자타입":"일반",
            "전용면적(m2)":"78.19",
            "전용면적(평)":"23평",
            "법정동주소":"인천시 계양구 효성동 196-6",
            "도로명주소":"인천시 계양구 새벌로 120",
            "세대수":0,
            "입주년차":20,
            "용적률점수":"--",
            "건폐율점수":"--",
            "세대당주차수":0,
            "난방방식":30,
            "공급면적":"--",
            "전용률":"--",
            "욕실수":50,
            "현관타입":10,
            "주거총점":13.0,
            "지역구공급총점":0.0,
            "역세권":50,
            "30분내 이동가능 거점":0,
            "1시간내 이동가능 거점":0,
            "교통총점":25.0,
            "백화점":0,
            "아울렛몰":0,
            "대형마트":80,
            "은행":0,
            "병원":60,
            "종합병원":100,
            "공원":80,
            "혐오시설":0,
            "인프라총점":40.4,
            "초등학군":86.15,
            "중학군":35.8,
            "학군총점":45.87,
            "인구수":35.56,
            "인구증감":-5.28,
            "인구총점":23.308,
            "일자리":9.9,
            "소득수준":46.63,
            "일자리총점":20.919,
            "가치 총점":30.3505,
            "매매실거래년":20210924.0,
            "매매실거래가":37000.0,
            "전세실거래년":20210501.0,
            "전세실거래가":16000.0,
            "전세가율":64.0,
            "장기전세가율평균":70.92,
            "전세가율거품지수":6.92,
            "검색코드":14309,
            "세대수":130.0,
            "준공년월":"2003-03-04",
            "준공년차":20.0,
            "가까운역이름":"작전",
            "가까운역거리":563.75,
            "역세권여부":"준역세권",
            "30분이내주요거점역":0,
            "1시간이내주요거점역":0,
            "3km이내백화점수":0,
            "5km이내아울렛몰수":0,
            "1km이내대형먀트수":1,
            "500m이내은행수":1,
            "500m이내병원수":25,
            "5km이내대형병원수":7,
            "500m이내공원수":1,
            "3km이내혐오시설수":0,
            "초등학교학업성취도":86.15,
            "중학교학업성취도":59.4,
            "용적률":398,
            "건폐율":44,
            "Y":37.527729,
            "X":126.717105,
            "rank":119.0,
            "area_info":"23평(78.19), 24평(81.28), 26평(86.73), 34평(114.91)",
            "last_sales":"2021-09-24,37000.0,34평(114.91)"
        },
        {
            "index":483,
            "아파트명":"유승그린",
            "투자타입":"일반",
            "전용면적(m2)":"84.07",
            "전용면적(평)":"25평",
            "법정동주소":"인천시 계양구 효성동 273",
            "도로명주소":"인천시 계양구 아나지로197번길 9",
            "세대수":0,
            "입주년차":0,
            "용적률점수":"--",
            "건폐율점수":"--",
            "세대당주차수":0,
            "난방방식":30,
            "공급면적":"--",
            "전용률":"--",
            "욕실수":50,
            "현관타입":10,
            "주거총점":9.0,
            "지역구공급총점":0.0,
            "역세권":50,
            "30분내 이동가능 거점":0,
            "1시간내 이동가능 거점":0,
            "교통총점":25.0,
            "백화점":0,
            "아울렛몰":0,
            "대형마트":80,
            "은행":0,
            "병원":60,
            "종합병원":100,
            "공원":80,
            "혐오시설":0,
            "인프라총점":40.4,
            "초등학군":86.15,
            "중학군":35.8,
            "학군총점":45.87,
            "인구수":35.56,
            "인구증감":-5.28,
            "인구총점":23.308,
            "일자리":9.9,
            "소득수준":46.63,
            "일자리총점":20.919,
            "가치 총점":29.5505,
            "매매실거래년":20211221.0,
            "매매실거래가":20500.0,
            "전세실거래년":20211109.0,
            "전세실거래가":20000.0,
            "전세가율":97.56,
            "장기전세가율평균":70.92,
            "전세가율거품지수":-26.64,
            "검색코드":8268,
            "세대수":279.0,
            "준공년월":"1996-11-01",
            "준공년차":27.0,
            "가까운역이름":"작전",
            "가까운역거리":938.83,
            "역세권여부":"준역세권",
            "30분이내주요거점역":0,
            "1시간이내주요거점역":0,
            "3km이내백화점수":0,
            "5km이내아울렛몰수":0,
            "1km이내대형먀트수":1,
            "500m이내은행수":0,
            "500m이내병원수":11,
            "5km이내대형병원수":6,
            "500m이내공원수":1,
            "3km이내혐오시설수":0,
            "초등학교학업성취도":86.15,
            "중학교학업성취도":59.4,
            "용적률":299,
            "건폐율":22,
            "Y":37.526389,
            "X":126.713169,
            "rank":120.0,
            "area_info":"25평(84.07)",
            "last_sales":"2021-12-21,20500.0,25평(84.07)"
        },
        {
            "index":162,
            "아파트명":"동양휴먼빌",
            "투자타입":"일반",
            "전용면적(m2)":"110.64",
            "전용면적(평)":"33평",
            "법정동주소":"인천시 계양구 동양동 613",
            "도로명주소":"인천시 계양구 당미길 43",
            "세대수":50,
            "입주년차":40,
            "용적률점수":"--",
            "건폐율점수":"--",
            "세대당주차수":30,
            "난방방식":30,
            "공급면적":"--",
            "전용률":"--",
            "욕실수":100,
            "현관타입":100,
            "주거총점":53.0,
            "지역구공급총점":0.0,
            "역세권":0,
            "30분내 이동가능 거점":0,
            "1시간내 이동가능 거점":0,
            "교통총점":0.0,
            "백화점":0,
            "아울렛몰":100,
            "대형마트":0,
            "은행":0,
            "병원":30,
            "종합병원":100,
            "공원":100,
            "혐오시설":0,
            "인프라총점":36.0,
            "초등학군":85.59,
            "중학군":44.36,
            "학군총점":52.606,
            "인구수":35.56,
            "인구증감":-5.28,
            "인구총점":23.308,
            "일자리":9.9,
            "소득수준":46.63,
            "일자리총점":20.919,
            "가치 총점":29.2909,
            "매매실거래년":20211006.0,
            "매매실거래가":54000.0,
            "전세실거래년":20220106.0,
            "전세실거래가":37000.0,
            "전세가율":68.52,
            "장기전세가율평균":70.92,
            "전세가율거품지수":2.4,
            "검색코드":11412,
            "세대수":466.0,
            "준공년월":"2007-10-04",
            "준공년차":16.0,
            "가까운역이름":"귤현",
            "가까운역거리":1426.8,
            "역세권여부":"비역세권",
            "30분이내주요거점역":0,
            "1시간이내주요거점역":0,
            "3km이내백화점수":0,
            "5km이내아울렛몰수":2,
            "1km이내대형먀트수":0,
            "500m이내은행수":0,
            "500m이내병원수":8,
            "5km이내대형병원수":3,
            "500m이내공원수":6,
            "3km이내혐오시설수":0,
            "초등학교학업성취도":85.59,
            "중학교학업성취도":72.6,
            "용적률":198,
            "건폐율":17,
            "Y":37.563084,
            "X":126.758299,
            "rank":121.0,
            "area_info":"33평(110.64), 43평(142.86)",
            "last_sales":"2021-10-06,54000.0,33평(110.64)"
        },
        {
            "index":451,
            "아파트명":"동서",
            "투자타입":"재건축",
            "전용면적(m2)":"58.6",
            "전용면적(평)":"17평",
            "법정동주소":"인천시 계양구 효성동 21-6",
            "도로명주소":"인천시 계양구 길마로 57",
            "세대수":0,
            "입주년차":"--",
            "용적률점수":0,
            "건폐율점수":0,
            "세대당주차수":"--",
            "난방방식":"--",
            "공급면적":50,
            "전용률":60,
            "욕실수":"--",
            "현관타입":"--",
            "주거총점":5.5,
            "지역구공급총점":0.0,
            "역세권":50,
            "30분내 이동가능 거점":0,
            "1시간내 이동가능 거점":0,
            "교통총점":25.0,
            "백화점":0,
            "아울렛몰":0,
            "대형마트":80,
            "은행":0,
            "병원":60,
            "종합병원":100,
            "공원":80,
            "혐오시설":0,
            "인프라총점":40.4,
            "초등학군":89.45,
            "중학군":35.8,
            "학군총점":46.53,
            "인구수":35.56,
            "인구증감":-5.28,
            "인구총점":23.308,
            "일자리":9.9,
            "소득수준":46.63,
            "일자리총점":20.919,
            "가치 총점":28.9495,
            "매매실거래년":20211130.0,
            "매매실거래가":12000.0,
            "전세실거래년":20201103.0,
            "전세실거래가":5000.0,
            "전세가율":41.67,
            "장기전세가율평균":70.92,
            "전세가율거품지수":29.25,
            "검색코드":14782,
            "세대수":112.0,
            "준공년월":"1981-10-15",
            "준공년차":42.0,
            "가까운역이름":"작전",
            "가까운역거리":977.81,
            "역세권여부":"준역세권",
            "30분이내주요거점역":0,
            "1시간이내주요거점역":0,
            "3km이내백화점수":0,
            "5km이내아울렛몰수":0,
            "1km이내대형먀트수":1,
            "500m이내은행수":0,
            "500m이내병원수":15,
            "5km이내대형병원수":5,
            "500m이내공원수":1,
            "3km이내혐오시설수":0,
            "초등학교학업성취도":89.45,
            "중학교학업성취도":59.4,
            "용적률":0,
            "건폐율":0,
            "Y":37.534284,
            "X":126.712569,
            "rank":122.0,
            "area_info":"17평(58.6), 18평(62.54), 18평(62.51), 22평(75.58)",
            "last_sales":"2021-11-30,12000.0,17평(58.6)"
        },
        {
            "index":229,
            "아파트명":"서운경남아너스빌",
            "투자타입":"일반",
            "전용면적(m2)":"130.93",
            "전용면적(평)":"39평",
            "법정동주소":"인천시 계양구 서운동 178",
            "도로명주소":"인천시 계양구 살라리로 21",
            "세대수":0,
            "입주년차":40,
            "용적률점수":"--",
            "건폐율점수":"--",
            "세대당주차수":60,
            "난방방식":30,
            "공급면적":"--",
            "전용률":"--",
            "욕실수":100,
            "현관타입":100,
            "주거총점":40.0,
            "지역구공급총점":0.0,
            "역세권":0,
            "30분내 이동가능 거점":0,
            "1시간내 이동가능 거점":0,
            "교통총점":0.0,
            "백화점":0,
            "아울렛몰":0,
            "대형마트":100,
            "은행":0,
            "병원":0,
            "종합병원":100,
            "공원":100,
            "혐오시설":0,
            "인프라총점":38.0,
            "초등학군":89.87,
            "중학군":52.3,
            "학군총점":59.814,
            "인구수":35.56,
            "인구증감":-5.28,
            "인구총점":23.308,
            "일자리":9.9,
            "소득수준":46.63,
            "일자리총점":20.919,
            "가치 총점":28.3721,
            "매매실거래년":20211115.0,
            "매매실거래가":72000.0,
            "전세실거래년":20210402.0,
            "전세실거래가":35000.0,
            "전세가율":58.43,
            "장기전세가율평균":70.92,
            "전세가율거품지수":12.49,
            "검색코드":26053,
            "세대수":255.0,
            "준공년월":"2007-09-28",
            "준공년차":16.0,
            "가까운역이름":"임학",
            "가까운역거리":1022.78,
            "역세권여부":"비역세권",
            "30분이내주요거점역":0,
            "1시간이내주요거점역":0,
            "3km이내백화점수":0,
            "5km이내아울렛몰수":0,
            "1km이내대형먀트수":2,
            "500m이내은행수":0,
            "500m이내병원수":1,
            "5km이내대형병원수":5,
            "500m이내공원수":3,
            "3km이내혐오시설수":0,
            "초등학교학업성취도":89.87,
            "중학교학업성취도":84.3,
            "용적률":228,
            "건폐율":18,
            "Y":37.537777,
            "X":126.745752,
            "rank":123.0,
            "area_info":"39평(130.93), 49평(162.91)",
            "last_sales":"2021-11-15,72000.0,49평(162.91)"
        },
        {
            "index":416,
            "아파트명":"경남2차",
            "투자타입":"재건축",
            "전용면적(m2)":"63.95",
            "전용면적(평)":"19평",
            "법정동주소":"인천시 계양구 효성동 623-6",
            "도로명주소":"인천시 계양구 봉오대로463번길 7",
            "세대수":0,
            "입주년차":"--",
            "용적률점수":100,
            "건폐율점수":80,
            "세대당주차수":"--",
            "난방방식":"--",
            "공급면적":50,
            "전용률":80,
            "욕실수":"--",
            "현관타입":"--",
            "주거총점":62.5,
            "지역구공급총점":0.0,
            "역세권":0,
            "30분내 이동가능 거점":0,
            "1시간내 이동가능 거점":10,
            "교통총점":2.0,
            "백화점":0,
            "아울렛몰":0,
            "대형마트":0,
            "은행":0,
            "병원":30,
            "종합병원":100,
            "공원":0,
            "혐오시설":0,
            "인프라총점":23.0,
            "초등학군":86.59,
            "중학군":47.28,
            "학군총점":55.142,
            "인구수":35.56,
            "인구증감":-5.28,
            "인구총점":23.308,
            "일자리":9.9,
            "소득수준":46.63,
            "일자리총점":20.919,
            "가치 총점":28.3713,
            "매매실거래년":20210927.0,
            "매매실거래가":14000.0,
            "전세실거래년":20210222.0,
            "전세실거래가":7000.0,
            "전세가율":50.0,
            "장기전세가율평균":70.92,
            "전세가율거품지수":20.92,
            "검색코드":8505,
            "세대수":156.0,
            "준공년월":"1990-05-22",
            "준공년차":33.0,
            "가까운역이름":"작전",
            "가까운역거리":2008.63,
            "역세권여부":"비역세권",
            "30분이내주요거점역":0,
            "1시간이내주요거점역":1,
            "3km이내백화점수":0,
            "5km이내아울렛몰수":0,
            "1km이내대형먀트수":0,
            "500m이내은행수":0,
            "500m이내병원수":5,
            "5km이내대형병원수":6,
            "500m이내공원수":0,
            "3km이내혐오시설수":0,
            "초등학교학업성취도":86.59,
            "중학교학업성취도":77.2,
            "용적률":129,
            "건폐율":22,
            "Y":37.52864,
            "X":126.699859,
            "rank":124.0,
            "area_info":"19평(63.95), 22평(73.9)",
            "last_sales":"2021-09-27,14000.0,19평(63.95)"
        },
        {
            "index":349,
            "아파트명":"작전뉴서울2차",
            "투자타입":"재건축",
            "전용면적(m2)":"90.31",
            "전용면적(평)":"27평",
            "법정동주소":"인천시 계양구 작전동 26-1",
            "도로명주소":"인천시 계양구 장제로743번길 14",
            "세대수":50,
            "입주년차":"--",
            "용적률점수":0,
            "건폐율점수":40,
            "세대당주차수":"--",
            "난방방식":"--",
            "공급면적":70,
            "전용률":80,
            "욕실수":"--",
            "현관타입":"--",
            "주거총점":30.5,
            "지역구공급총점":0.0,
            "역세권":0,
            "30분내 이동가능 거점":0,
            "1시간내 이동가능 거점":0,
            "교통총점":0.0,
            "백화점":0,
            "아울렛몰":0,
            "대형마트":100,
            "은행":0,
            "병원":60,
            "종합병원":100,
            "공원":100,
            "혐오시설":0,
            "인프라총점":44.0,
            "초등학군":87.32,
            "중학군":53.68,
            "학군총점":60.408,
            "인구수":35.56,
            "인구증감":-5.28,
            "인구총점":23.308,
            "일자리":9.9,
            "소득수준":46.63,
            "일자리총점":20.919,
            "가치 총점":28.3612,
            "매매실거래년":20211018.0,
            "매매실거래가":34500.0,
            "전세실거래년":20211009.0,
            "전세실거래가":24000.0,
            "전세가율":76.43,
            "장기전세가율평균":70.92,
            "전세가율거품지수":-5.51,
            "검색코드":2426,
            "세대수":400.0,
            "준공년월":"1992-11-06",
            "준공년차":31.0,
            "가까운역이름":"경인교대입구",
            "가까운역거리":1023.22,
            "역세권여부":"비역세권",
            "30분이내주요거점역":0,
            "1시간이내주요거점역":0,
            "3km이내백화점수":0,
            "5km이내아울렛몰수":0,
            "1km이내대형먀트수":3,
            "500m이내은행수":1,
            "500m이내병원수":22,
            "5km이내대형병원수":6,
            "500m이내공원수":5,
            "3km이내혐오시설수":0,
            "초등학교학업성취도":87.32,
            "중학교학업성취도":87.8,
            "용적률":592,
            "건폐율":37,
            "Y":37.535006,
            "X":126.7335,
            "rank":125.0,
            "area_info":"27평(90.31), 30평(100.18)",
            "last_sales":"2021-10-18,34500.0,30평(100.18)"
        },
        {
            "index":404,
            "아파트명":"계양벽산블루밍",
            "투자타입":"일반",
            "전용면적(m2)":"113.22",
            "전용면적(평)":"34평",
            "법정동주소":"인천시 계양구 장기동 131-10",
            "도로명주소":"인천시 계양구 황어로115번길 13",
            "세대수":0,
            "입주년차":60,
            "용적률점수":"--",
            "건폐율점수":"--",
            "세대당주차수":30,
            "난방방식":30,
            "공급면적":"--",
            "전용률":"--",
            "욕실수":100,
            "현관타입":100,
            "주거총점":39.5,
            "지역구공급총점":0.0,
            "역세권":50,
            "30분내 이동가능 거점":0,
            "1시간내 이동가능 거점":20,
            "교통총점":29.0,
            "백화점":0,
            "아울렛몰":0,
            "대형마트":0,
            "은행":0,
            "병원":10,
            "종합병원":0,
            "공원":100,
            "혐오시설":0,
            "인프라총점":4.0,
            "초등학군":85.39,
            "중학군":51.54,
            "학군총점":58.31,
            "인구수":35.56,
            "인구증감":-5.28,
            "인구총점":23.308,
            "일자리":9.9,
            "소득수준":46.63,
            "일자리총점":20.919,
            "가치 총점":27.9965,
            "매매실거래년":20211110.0,
            "매매실거래가":49000.0,
            "전세실거래년":20211224.0,
            "전세실거래가":23000.0,
            "전세가율":46.94,
            "장기전세가율평균":70.92,
            "전세가율거품지수":23.98,
            "검색코드":100556,
            "세대수":138.0,
            "준공년월":"2009-10-22",
            "준공년차":14.0,
            "가까운역이름":"계양",
            "가까운역거리":943.9,
            "역세권여부":"준역세권",
            "30분이내주요거점역":0,
            "1시간이내주요거점역":2,
            "3km이내백화점수":0,
            "5km이내아울렛몰수":0,
            "1km이내대형먀트수":0,
            "500m이내은행수":0,
            "500m이내병원수":3,
            "5km이내대형병원수":0,
            "500m이내공원수":4,
            "3km이내혐오시설수":0,
            "초등학교학업성취도":85.39,
            "중학교학업성취도":82.7,
            "용적률":192,
            "건폐율":24,
            "Y":37.57939,
            "X":126.731809,
            "rank":126.0,
            "area_info":"34평(113.22), 35평(116.56), 41평(137.25), 41평(138.34)",
            "last_sales":"2021-11-10,49000.0,34평(113.22)"
        },
        {
            "index":167,
            "아파트명":"한진해모로",
            "투자타입":"일반",
            "전용면적(m2)":"79.0",
            "전용면적(평)":"23평",
            "법정동주소":"인천시 계양구 동양동 582",
            "도로명주소":"인천시 계양구 동양로 100",
            "세대수":50,
            "입주년차":40,
            "용적률점수":"--",
            "건폐율점수":"--",
            "세대당주차수":0,
            "난방방식":30,
            "공급면적":"--",
            "전용률":"--",
            "욕실수":50,
            "현관타입":100,
            "주거총점":43.5,
            "지역구공급총점":0.0,
            "역세권":0,
            "30분내 이동가능 거점":0,
            "1시간내 이동가능 거점":0,
            "교통총점":0.0,
            "백화점":0,
            "아울렛몰":80,
            "대형마트":0,
            "은행":0,
            "병원":30,
            "종합병원":100,
            "공원":100,
            "혐오시설":0,
            "인프라총점":34.0,
            "초등학군":85.59,
            "중학군":44.36,
            "학군총점":52.606,
            "인구수":35.56,
            "인구증감":-5.28,
            "인구총점":23.308,
            "일자리":9.9,
            "소득수준":46.63,
            "일자리총점":20.919,
            "가치 총점":26.7909,
            "매매실거래년":20210904.0,
            "매매실거래가":37800.0,
            "전세실거래년":20211218.0,
            "전세실거래가":21000.0,
            "전세가율":55.56,
            "장기전세가율평균":70.92,
            "전세가율거품지수":15.36,
            "검색코드":24201,
            "세대수":478.0,
            "준공년월":"2006-06-22",
            "준공년차":17.0,
            "가까운역이름":"박촌",
            "가까운역거리":1166.15,
            "역세권여부":"비역세권",
            "30분이내주요거점역":0,
            "1시간이내주요거점역":0,
            "3km이내백화점수":0,
            "5km이내아울렛몰수":1,
            "1km이내대형먀트수":0,
            "500m이내은행수":0,
            "500m이내병원수":8,
            "5km이내대형병원수":3,
            "500m이내공원수":6,
            "3km이내혐오시설수":0,
            "초등학교학업성취도":85.59,
            "중학교학업성취도":72.6,
            "용적률":192,
            "건폐율":16,
            "Y":37.558286,
            "X":126.756976,
            "rank":127.0,
            "area_info":"23평(79.0)",
            "last_sales":"2021-09-04,37800.0,23평(79.0)"
        },
        {
            "index":164,
            "아파트명":"우남푸르미아",
            "투자타입":"일반",
            "전용면적(m2)":"109.74",
            "전용면적(평)":"33평",
            "법정동주소":"인천시 계양구 동양동 615",
            "도로명주소":"인천시 계양구 당미5길 7",
            "세대수":0,
            "입주년차":60,
            "용적률점수":"--",
            "건폐율점수":"--",
            "세대당주차수":30,
            "난방방식":30,
            "공급면적":"--",
            "전용률":"--",
            "욕실수":100,
            "현관타입":100,
            "주거총점":39.5,
            "지역구공급총점":0.0,
            "역세권":0,
            "30분내 이동가능 거점":0,
            "1시간내 이동가능 거점":0,
            "교통총점":0.0,
            "백화점":0,
            "아울렛몰":100,
            "대형마트":0,
            "은행":0,
            "병원":30,
            "종합병원":100,
            "공원":100,
            "혐오시설":0,
            "인프라총점":36.0,
            "초등학군":85.59,
            "중학군":44.36,
            "학군총점":52.606,
            "인구수":35.56,
            "인구증감":-5.28,
            "인구총점":23.308,
            "일자리":9.9,
            "소득수준":46.63,
            "일자리총점":20.919,
            "가치 총점":26.5909,
            "매매실거래년":20210502.0,
            "매매실거래가":44200.0,
            "전세실거래년":20220105.0,
            "전세실거래가":38000.0,
            "전세가율":85.97,
            "장기전세가율평균":70.92,
            "전세가율거품지수":-15.05,
            "검색코드":102309,
            "세대수":158.0,
            "준공년월":"2011-12-22",
            "준공년차":12.0,
            "가까운역이름":"귤현",
            "가까운역거리":1376.19,
            "역세권여부":"비역세권",
            "30분이내주요거점역":0,
            "1시간이내주요거점역":0,
            "3km이내백화점수":0,
            "5km이내아울렛몰수":2,
            "1km이내대형먀트수":0,
            "500m이내은행수":0,
            "500m이내병원수":8,
            "5km이내대형병원수":3,
            "500m이내공원수":7,
            "3km이내혐오시설수":0,
            "초등학교학업성취도":85.59,
            "중학교학업성취도":72.6,
            "용적률":198,
            "건폐율":19,
            "Y":37.561947,
            "X":126.757232,
            "rank":128.0,
            "area_info":"33평(109.74), 33평(110.3), 33평(110.36)",
            "last_sales":"2021-05-02,44200.0,33평(109.74)"
        },
        {
            "index":459,
            "아파트명":"두산",
            "투자타입":"일반",
            "전용면적(m2)":"79.72",
            "전용면적(평)":"24평",
            "법정동주소":"인천시 계양구 효성동 33-2",
            "도로명주소":"인천시 계양구 안남로573번길 18",
            "세대수":90,
            "입주년차":0,
            "용적률점수":"--",
            "건폐율점수":"--",
            "세대당주차수":30,
            "난방방식":30,
            "공급면적":"--",
            "전용률":"--",
            "욕실수":50,
            "현관타입":100,
            "주거총점":54.0,
            "지역구공급총점":0.0,
            "역세권":0,
            "30분내 이동가능 거점":0,
            "1시간내 이동가능 거점":0,
            "교통총점":0.0,
            "백화점":0,
            "아울렛몰":0,
            "대형마트":0,
            "은행":0,
            "병원":30,
            "종합병원":100,
            "공원":80,
            "혐오시설":0,
            "인프라총점":25.4,
            "초등학군":84.59,
            "중학군":42.7,
            "학군총점":51.078,
            "인구수":35.56,
            "인구증감":-5.28,
            "인구총점":23.308,
            "일자리":9.9,
            "소득수준":46.63,
            "일자리총점":20.919,
            "가치 총점":26.0817,
            "매매실거래년":20211123.0,
            "매매실거래가":31500.0,
            "전세실거래년":20211224.0,
            "전세실거래가":22000.0,
            "전세가율":69.84,
            "장기전세가율평균":70.92,
            "전세가율거품지수":1.08,
            "검색코드":8271,
            "세대수":957.0,
            "준공년월":"1997-09-19",
            "준공년차":26.0,
            "가까운역이름":"경인교대입구",
            "가까운역거리":1262.42,
            "역세권여부":"비역세권",
            "30분이내주요거점역":0,
            "1시간이내주요거점역":0,
            "3km이내백화점수":0,
            "5km이내아울렛몰수":0,
            "1km이내대형먀트수":0,
            "500m이내은행수":0,
            "500m이내병원수":7,
            "5km이내대형병원수":5,
            "500m이내공원수":1,
            "3km이내혐오시설수":0,
            "초등학교학업성취도":84.59,
            "중학교학업성취도":68.5,
            "용적률":261,
            "건폐율":24,
            "Y":37.53642,
            "X":126.708448,
            "rank":129.0,
            "area_info":"24평(79.72), 24평(79.73), 32평(107.72), 32평(107.73), 32평(107.84), 41평(138.2)",
            "last_sales":"2021-11-23,31500.0,24평(79.72)"
        },
        {
            "index":491,
            "아파트명":"태산",
            "투자타입":"일반",
            "전용면적(m2)":"78.31",
            "전용면적(평)":"23평",
            "법정동주소":"인천시 계양구 효성동 123-57",
            "도로명주소":"인천시 계양구 봉오대로477번길 20",
            "세대수":90,
            "입주년차":0,
            "용적률점수":"--",
            "건폐율점수":"--",
            "세대당주차수":30,
            "난방방식":30,
            "공급면적":"--",
            "전용률":"--",
            "욕실수":50,
            "현관타입":100,
            "주거총점":54.0,
            "지역구공급총점":0.0,
            "역세권":0,
            "30분내 이동가능 거점":0,
            "1시간내 이동가능 거점":0,
            "교통총점":0.0,
            "백화점":0,
            "아울렛몰":0,
            "대형마트":0,
            "은행":0,
            "병원":10,
            "종합병원":100,
            "공원":0,
            "혐오시설":0,
            "인프라총점":21.0,
            "초등학군":86.59,
            "중학군":47.28,
            "학군총점":55.142,
            "인구수":35.56,
            "인구증감":-5.28,
            "인구총점":23.308,
            "일자리":9.9,
            "소득수준":46.63,
            "일자리총점":20.919,
            "가치 총점":25.3713,
            "매매실거래년":20220105.0,
            "매매실거래가":27000.0,
            "전세실거래년":20211020.0,
            "전세실거래가":17200.0,
            "전세가율":63.7,
            "장기전세가율평균":70.92,
            "전세가율거품지수":7.22,
            "검색코드":2522,
            "세대수":1178.0,
            "준공년월":"1997-10-29",
            "준공년차":26.0,
            "가까운역이름":"작전",
            "가까운역거리":1967.89,
            "역세권여부":"비역세권",
            "30분이내주요거점역":0,
            "1시간이내주요거점역":0,
            "3km이내백화점수":0,
            "5km이내아울렛몰수":0,
            "1km이내대형먀트수":0,
            "500m이내은행수":0,
            "500m이내병원수":4,
            "5km이내대형병원수":6,
            "500m이내공원수":0,
            "3km이내혐오시설수":0,
            "초등학교학업성취도":86.59,
            "중학교학업성취도":77.2,
            "용적률":274,
            "건폐율":21,
            "Y":37.530842,
            "X":126.700217,
            "rank":130.0,
            "area_info":"23평(78.31), 33평(109.35)",
            "last_sales":"2022-01-05,27000.0,23평(78.31)"
        },
        {
            "index":387,
            "아파트명":"현광",
            "투자타입":"재건축",
            "전용면적(m2)":"73.86",
            "전용면적(평)":"22평",
            "법정동주소":"인천시 계양구 작전동 707-5",
            "도로명주소":"인천시 계양구 아나지로 388",
            "세대수":30,
            "입주년차":"--",
            "용적률점수":0,
            "건폐율점수":80,
            "세대당주차수":"--",
            "난방방식":"--",
            "공급면적":50,
            "전용률":60,
            "욕실수":"--",
            "현관타입":"--",
            "주거총점":30.5,
            "지역구공급총점":0.0,
            "역세권":0,
            "30분내 이동가능 거점":0,
            "1시간내 이동가능 거점":0,
            "교통총점":0.0,
            "백화점":0,
            "아울렛몰":0,
            "대형마트":80,
            "은행":0,
            "병원":30,
            "종합병원":100,
            "공원":0,
            "혐오시설":0,
            "인프라총점":35.0,
            "초등학군":96.27,
            "중학군":48.08,
            "학군총점":57.718,
            "인구수":35.56,
            "인구증감":-5.28,
            "인구총점":23.308,
            "일자리":9.9,
            "소득수준":46.63,
            "일자리총점":20.919,
            "가치 총점":25.2577,
            "매매실거래년":20211227.0,
            "매매실거래가":20000.0,
            "전세실거래년":20211231.0,
            "전세실거래가":15000.0,
            "전세가율":71.43,
            "장기전세가율평균":70.92,
            "전세가율거품지수":-0.51,
            "검색코드":2437,
            "세대수":392.0,
            "준공년월":"1992-08-05",
            "준공년차":31.0,
            "가까운역이름":"작전",
            "가까운역거리":1236.29,
            "역세권여부":"비역세권",
            "30분이내주요거점역":0,
            "1시간이내주요거점역":0,
            "3km이내백화점수":0,
            "5km이내아울렛몰수":0,
            "1km이내대형먀트수":1,
            "500m이내은행수":0,
            "500m이내병원수":9,
            "5km이내대형병원수":7,
            "500m이내공원수":0,
            "3km이내혐오시설수":0,
            "초등학교학업성취도":96.27,
            "중학교학업성취도":78.4,
            "용적률":299,
            "건폐율":24,
            "Y":37.525137,
            "X":126.734866,
            "rank":131.0,
            "area_info":"22평(73.86), 23평(77.84), 25평(85.8)",
            "last_sales":"2021-12-27,20000.0,23평(77.84)"
        },
        {
            "index":231,
            "아파트명":"신동아",
            "투자타입":"일반",
            "전용면적(m2)":"78.03",
            "전용면적(평)":"23평",
            "법정동주소":"인천시 계양구 오류동 180",
            "도로명주소":"인천시 계양구 황어로115번길 12",
            "세대수":90,
            "입주년차":0,
            "용적률점수":"--",
            "건폐율점수":"--",
            "세대당주차수":30,
            "난방방식":30,
            "공급면적":"--",
            "전용률":"--",
            "욕실수":50,
            "현관타입":100,
            "주거총점":54.0,
            "지역구공급총점":0.0,
            "역세권":0,
            "30분내 이동가능 거점":0,
            "1시간내 이동가능 거점":30,
            "교통총점":6.0,
            "백화점":0,
            "아울렛몰":80,
            "대형마트":0,
            "은행":0,
            "병원":10,
            "종합병원":0,
            "공원":100,
            "혐오시설":0,
            "인프라총점":12.0,
            "초등학군":85.39,
            "중학군":51.54,
            "학군총점":58.31,
            "인구수":35.56,
            "인구증감":-5.28,
            "인구총점":23.308,
            "일자리":9.9,
            "소득수준":46.63,
            "일자리총점":20.919,
            "가치 총점":25.2465,
            "매매실거래년":20211120.0,
            "매매실거래가":32000.0,
            "전세실거래년":20220117.0,
            "전세실거래가":23000.0,
            "전세가율":71.88,
            "장기전세가율평균":70.92,
            "전세가율거품지수":-0.96,
            "검색코드":8434,
            "세대수":1192.0,
            "준공년월":"1997-03-26",
            "준공년차":26.0,
            "가까운역이름":"계양",
            "가까운역거리":1033.85,
            "역세권여부":"비역세권",
            "30분이내주요거점역":0,
            "1시간이내주요거점역":3,
            "3km이내백화점수":0,
            "5km이내아울렛몰수":1,
            "1km이내대형먀트수":0,
            "500m이내은행수":0,
            "500m이내병원수":3,
            "5km이내대형병원수":0,
            "500m이내공원수":4,
            "3km이내혐오시설수":0,
            "초등학교학업성취도":85.39,
            "중학교학업성취도":82.7,
            "용적률":189,
            "건폐율":17,
            "Y":37.58054,
            "X":126.733102,
            "rank":132.0,
            "area_info":"23평(78.03), 31평(105.27), 41평(137.95)",
            "last_sales":"2021-11-20,32000.0,23평(78.03)"
        },
        {
            "index":516,
            "아파트명":"효성대림",
            "투자타입":"일반",
            "전용면적(m2)":"74.52",
            "전용면적(평)":"22평",
            "법정동주소":"인천시 계양구 효성동 28",
            "도로명주소":"인천시 계양구 안남로 583",
            "세대수":0,
            "입주년차":20,
            "용적률점수":"--",
            "건폐율점수":"--",
            "세대당주차수":30,
            "난방방식":30,
            "공급면적":"--",
            "전용률":"--",
            "욕실수":50,
            "현관타입":100,
            "주거총점":26.5,
            "지역구공급총점":0.0,
            "역세권":0,
            "30분내 이동가능 거점":0,
            "1시간내 이동가능 거점":0,
            "교통총점":0.0,
            "백화점":0,
            "아울렛몰":0,
            "대형마트":80,
            "은행":0,
            "병원":60,
            "종합병원":100,
            "공원":80,
            "혐오시설":0,
            "인프라총점":40.4,
            "초등학군":84.59,
            "중학군":42.7,
            "학군총점":51.078,
            "인구수":35.56,
            "인구증감":-5.28,
            "인구총점":23.308,
            "일자리":9.9,
            "소득수준":46.63,
            "일자리총점":20.919,
            "가치 총점":25.0817,
            "매매실거래년":20210506.0,
            "매매실거래가":32800.0,
            "전세실거래년":null,
            "전세실거래가":null,
            "전세가율":null,
            "장기전세가율평균":70.92,
            "전세가율거품지수":null,
            "검색코드":8925,
            "세대수":298.0,
            "준공년월":"1999-09-20",
            "준공년차":24.0,
            "가까운역이름":"경인교대입구",
            "가까운역거리":1124.84,
            "역세권여부":"비역세권",
            "30분이내주요거점역":0,
            "1시간이내주요거점역":0,
            "3km이내백화점수":0,
            "5km이내아울렛몰수":0,
            "1km이내대형먀트수":1,
            "500m이내은행수":0,
            "500m이내병원수":15,
            "5km이내대형병원수":5,
            "500m이내공원수":1,
            "3km이내혐오시설수":0,
            "초등학교학업성취도":84.59,
            "중학교학업성취도":68.5,
            "용적률":284,
            "건폐율":24,
            "Y":37.535306,
            "X":126.710357,
            "rank":133.0,
            "area_info":"22평(74.52), 24평(81.52), 32평(108.91), 33평(110.02)",
            "last_sales":"2021-05-06,32800.0,33평(110.02)"
        },
        {
            "index":465,
            "아파트명":"미도",
            "투자타입":"재건축",
            "전용면적(m2)":"54.46",
            "전용면적(평)":"16평",
            "법정동주소":"인천시 계양구 효성동 228-1",
            "도로명주소":"인천시 계양구 효서로 115",
            "세대수":0,
            "입주년차":"--",
            "용적률점수":80,
            "건폐율점수":40,
            "세대당주차수":"--",
            "난방방식":"--",
            "공급면적":50,
            "전용률":80,
            "욕실수":"--",
            "현관타입":"--",
            "주거총점":46.5,
            "지역구공급총점":0.0,
            "역세권":0,
            "30분내 이동가능 거점":0,
            "1시간내 이동가능 거점":10,
            "교통총점":2.0,
            "백화점":0,
            "아울렛몰":0,
            "대형마트":0,
            "은행":0,
            "병원":60,
            "종합병원":100,
            "공원":0,
            "혐오시설":0,
            "인프라총점":26.0,
            "초등학군":89.45,
            "중학군":35.8,
            "학군총점":46.53,
            "인구수":35.56,
            "인구증감":-5.28,
            "인구총점":23.308,
            "일자리":9.9,
            "소득수준":46.63,
            "일자리총점":20.919,
            "가치 총점":24.7795,
            "매매실거래년":20210224.0,
            "매매실거래가":17400.0,
            "전세실거래년":20160706.0,
            "전세실거래가":4500.0,
            "전세가율":61.64,
            "장기전세가율평균":70.92,
            "전세가율거품지수":9.28,
            "검색코드":8512,
            "세대수":205.0,
            "준공년월":"1985-01-30",
            "준공년차":38.0,
            "가까운역이름":"작전",
            "가까운역거리":1228.59,
            "역세권여부":"비역세권",
            "30분이내주요거점역":0,
            "1시간이내주요거점역":1,
            "3km이내백화점수":0,
            "5km이내아울렛몰수":0,
            "1km이내대형먀트수":0,
            "500m이내은행수":0,
            "500m이내병원수":15,
            "5km이내대형병원수":5,
            "500m이내공원수":0,
            "3km이내혐오시설수":0,
            "초등학교학업성취도":89.45,
            "중학교학업성취도":59.4,
            "용적률":177,
            "건폐율":35,
            "Y":37.528585,
            "X":126.708787,
            "rank":134.0,
            "area_info":"16평(54.46), 21평(71.02), 23평(78.35), 24평(80.83), 25평(85.15), 28평(94.77), 32평(106.57)",
            "last_sales":"2021-02-24,17400.0,32평(106.57)"
        },
        {
            "index":437,
            "아파트명":"뉴서울6차",
            "투자타입":"일반",
            "전용면적(m2)":"76.75",
            "전용면적(평)":"23평",
            "법정동주소":"인천시 계양구 효성동 301-1",
            "도로명주소":"인천시 계양구 아나지로198번길 8",
            "세대수":30,
            "입주년차":0,
            "용적률점수":"--",
            "건폐율점수":"--",
            "세대당주차수":0,
            "난방방식":30,
            "공급면적":"--",
            "전용률":"--",
            "욕실수":50,
            "현관타입":100,
            "주거총점":28.5,
            "지역구공급총점":0.0,
            "역세권":0,
            "30분내 이동가능 거점":0,
            "1시간내 이동가능 거점":0,
            "교통총점":0.0,
            "백화점":0,
            "아울렛몰":0,
            "대형마트":80,
            "은행":20,
            "병원":30,
            "종합병원":100,
            "공원":80,
            "혐오시설":0,
            "인프라총점":39.4,
            "초등학군":86.15,
            "중학군":35.8,
            "학군총점":45.87,
            "인구수":35.56,
            "인구증감":-5.28,
            "인구총점":23.308,
            "일자리":9.9,
            "소득수준":46.63,
            "일자리총점":20.919,
            "가치 총점":24.4005,
            "매매실거래년":20211205.0,
            "매매실거래가":38800.0,
            "전세실거래년":20211129.0,
            "전세실거래가":16600.0,
            "전세가율":54.97,
            "장기전세가율평균":70.92,
            "전세가율거품지수":15.95,
            "검색코드":2473,
            "세대수":370.0,
            "준공년월":"1995-05-30",
            "준공년차":28.0,
            "가까운역이름":"작전",
            "가까운역거리":1063.97,
            "역세권여부":"비역세권",
            "30분이내주요거점역":0,
            "1시간이내주요거점역":0,
            "3km이내백화점수":0,
            "5km이내아울렛몰수":0,
            "1km이내대형먀트수":1,
            "500m이내은행수":2,
            "500m이내병원수":9,
            "5km이내대형병원수":7,
            "500m이내공원수":1,
            "3km이내혐오시설수":0,
            "초등학교학업성취도":86.15,
            "중학교학업성취도":59.4,
            "용적률":263,
            "건폐율":17,
            "Y":37.524906,
            "X":126.712662,
            "rank":135.0,
            "area_info":"23평(76.75), 28평(95.29), 31평(103.81)",
            "last_sales":"2021-12-05,38800.0,31평(103.81)"
        },
        {
            "index":254,
            "아파트명":"이화신동아파밀리에",
            "투자타입":"일반",
            "전용면적(m2)":"112.54",
            "전용면적(평)":"34평",
            "법정동주소":"인천시 계양구 이화동 407",
            "도로명주소":"인천시 계양구 황어로 139",
            "세대수":30,
            "입주년차":40,
            "용적률점수":"--",
            "건폐율점수":"--",
            "세대당주차수":30,
            "난방방식":30,
            "공급면적":"--",
            "전용률":"--",
            "욕실수":100,
            "현관타입":100,
            "주거총점":46.0,
            "지역구공급총점":0.0,
            "역세권":0,
            "30분내 이동가능 거점":0,
            "1시간내 이동가능 거점":40,
            "교통총점":8.0,
            "백화점":0,
            "아울렛몰":80,
            "대형마트":0,
            "은행":0,
            "병원":10,
            "종합병원":0,
            "공원":100,
            "혐오시설":0,
            "인프라총점":12.0,
            "초등학군":85.39,
            "중학군":51.54,
            "학군총점":58.31,
            "인구수":35.56,
            "인구증감":-5.28,
            "인구총점":23.308,
            "일자리":9.9,
            "소득수준":46.63,
            "일자리총점":20.919,
            "가치 총점":24.3465,
            "매매실거래년":20220114.0,
            "매매실거래가":49000.0,
            "전세실거래년":20220117.0,
            "전세실거래가":30000.0,
            "전세가율":66.08,
            "장기전세가율평균":70.92,
            "전세가율거품지수":4.84,
            "검색코드":25336,
            "세대수":399.0,
            "준공년월":"2007-07-27",
            "준공년차":16.0,
            "가까운역이름":"계양",
            "가까운역거리":1054.7,
            "역세권여부":"비역세권",
            "30분이내주요거점역":0,
            "1시간이내주요거점역":4,
            "3km이내백화점수":0,
            "5km이내아울렛몰수":1,
            "1km이내대형먀트수":0,
            "500m이내은행수":0,
            "500m이내병원수":3,
            "5km이내대형병원수":0,
            "500m이내공원수":2,
            "3km이내혐오시설수":0,
            "초등학교학업성취도":85.39,
            "중학교학업성취도":82.7,
            "용적률":199,
            "건폐율":20,
            "Y":37.580934,
            "X":126.736266,
            "rank":136.0,
            "area_info":"34평(112.54), 34평(112.93), 34평(112.51), 41평(135.94), 41평(136.06)",
            "last_sales":"2022-01-14,49000.0,41평(136.06)"
        },
        {
            "index":499,
            "아파트명":"하나",
            "투자타입":"일반",
            "전용면적(m2)":"79.05",
            "전용면적(평)":"23평",
            "법정동주소":"인천시 계양구 효성동 623-3",
            "도로명주소":"인천시 계양구 봉오대로463번길 12",
            "세대수":50,
            "입주년차":0,
            "용적률점수":"--",
            "건폐율점수":"--",
            "세대당주차수":30,
            "난방방식":30,
            "공급면적":"--",
            "전용률":"--",
            "욕실수":50,
            "현관타입":100,
            "주거총점":40.0,
            "지역구공급총점":0.0,
            "역세권":0,
            "30분내 이동가능 거점":0,
            "1시간내 이동가능 거점":0,
            "교통총점":0.0,
            "백화점":0,
            "아울렛몰":0,
            "대형마트":0,
            "은행":0,
            "병원":30,
            "종합병원":100,
            "공원":0,
            "혐오시설":0,
            "인프라총점":23.0,
            "초등학군":86.59,
            "중학군":47.28,
            "학군총점":55.142,
            "인구수":35.56,
            "인구증감":-5.28,
            "인구총점":23.308,
            "일자리":9.9,
            "소득수준":46.63,
            "일자리총점":20.919,
            "가치 총점":23.1713,
            "매매실거래년":20211009.0,
            "매매실거래가":27500.0,
            "전세실거래년":20211203.0,
            "전세실거래가":15100.0,
            "전세가율":54.91,
            "장기전세가율평균":70.92,
            "전세가율거품지수":16.01,
            "검색코드":2476,
            "세대수":498.0,
            "준공년월":"1996-09-17",
            "준공년차":27.0,
            "가까운역이름":"작전",
            "가까운역거리":1943.79,
            "역세권여부":"비역세권",
            "30분이내주요거점역":0,
            "1시간이내주요거점역":0,
            "3km이내백화점수":0,
            "5km이내아울렛몰수":0,
            "1km이내대형먀트수":0,
            "500m이내은행수":0,
            "500m이내병원수":5,
            "5km이내대형병원수":6,
            "500m이내공원수":0,
            "3km이내혐오시설수":0,
            "초등학교학업성취도":86.59,
            "중학교학업성취도":77.2,
            "용적률":272,
            "건폐율":17,
            "Y":37.52917,
            "X":126.70054,
            "rank":137.0,
            "area_info":"23평(79.05), 32평(107.01), 39평(130.22)",
            "last_sales":"2021-10-09,27500.0,23평(79.05)"
        },
        {
            "index":482,
            "아파트명":"유승",
            "투자타입":"일반",
            "전용면적(m2)":"89.24",
            "전용면적(평)":"26평",
            "법정동주소":"인천시 계양구 효성동 556",
            "도로명주소":"인천시 계양구 새풀로 27",
            "세대수":30,
            "입주년차":20,
            "용적률점수":"--",
            "건폐율점수":"--",
            "세대당주차수":0,
            "난방방식":30,
            "공급면적":"--",
            "전용률":"--",
            "욕실수":100,
            "현관타입":100,
            "주거총점":37.5,
            "지역구공급총점":0.0,
            "역세권":0,
            "30분내 이동가능 거점":0,
            "1시간내 이동가능 거점":0,
            "교통총점":0.0,
            "백화점":0,
            "아울렛몰":0,
            "대형마트":0,
            "은행":0,
            "병원":10,
            "종합병원":100,
            "공원":0,
            "혐오시설":0,
            "인프라총점":21.0,
            "초등학군":86.59,
            "중학군":47.28,
            "학군총점":55.142,
            "인구수":35.56,
            "인구증감":-5.28,
            "인구총점":23.308,
            "일자리":9.9,
            "소득수준":46.63,
            "일자리총점":20.919,
            "가치 총점":22.0713,
            "매매실거래년":20211009.0,
            "매매실거래가":29000.0,
            "전세실거래년":20211225.0,
            "전세실거래가":16000.0,
            "전세가율":55.17,
            "장기전세가율평균":70.92,
            "전세가율거품지수":15.75,
            "검색코드":8975,
            "세대수":350.0,
            "준공년월":"2002-08-16",
            "준공년차":21.0,
            "가까운역이름":"가정",
            "가까운역거리":2025.64,
            "역세권여부":"비역세권",
            "30분이내주요거점역":0,
            "1시간이내주요거점역":0,
            "3km이내백화점수":0,
            "5km이내아울렛몰수":0,
            "1km이내대형먀트수":0,
            "500m이내은행수":0,
            "500m이내병원수":2,
            "5km이내대형병원수":6,
            "500m이내공원수":0,
            "3km이내혐오시설수":0,
            "초등학교학업성취도":86.59,
            "중학교학업성취도":77.2,
            "용적률":247,
            "건폐율":15,
            "Y":37.525651,
            "X":126.698474,
            "rank":138.0,
            "area_info":"26평(89.24)",
            "last_sales":"2021-10-09,29000.0,26평(89.24)"
        },
        {
            "index":480,
            "아파트명":"신한",
            "투자타입":"일반",
            "전용면적(m2)":"77.45",
            "전용면적(평)":"23평",
            "법정동주소":"인천시 계양구 효성동 78-1",
            "도로명주소":"인천시 계양구 봉오대로555번길 5",
            "세대수":30,
            "입주년차":0,
            "용적률점수":"--",
            "건폐율점수":"--",
            "세대당주차수":0,
            "난방방식":30,
            "공급면적":"--",
            "전용률":"--",
            "욕실수":50,
            "현관타입":100,
            "주거총점":28.5,
            "지역구공급총점":0.0,
            "역세권":0,
            "30분내 이동가능 거점":0,
            "1시간내 이동가능 거점":10,
            "교통총점":2.0,
            "백화점":0,
            "아울렛몰":0,
            "대형마트":0,
            "은행":0,
            "병원":60,
            "종합병원":100,
            "공원":0,
            "혐오시설":0,
            "인프라총점":26.0,
            "초등학군":89.45,
            "중학군":35.8,
            "학군총점":46.53,
            "인구수":35.56,
            "인구증감":-5.28,
            "인구총점":23.308,
            "일자리":9.9,
            "소득수준":46.63,
            "일자리총점":20.919,
            "가치 총점":21.1795,
            "매매실거래년":20211218.0,
            "매매실거래가":40000.0,
            "전세실거래년":20210917.0,
            "전세실거래가":23000.0,
            "전세가율":77.05,
            "장기전세가율평균":70.92,
            "전세가율거품지수":-6.13,
            "검색코드":8241,
            "세대수":324.0,
            "준공년월":"1996-12-14",
            "준공년차":27.0,
            "가까운역이름":"작전",
            "가까운역거리":1157.63,
            "역세권여부":"비역세권",
            "30분이내주요거점역":0,
            "1시간이내주요거점역":1,
            "3km이내백화점수":0,
            "5km이내아울렛몰수":0,
            "1km이내대형먀트수":0,
            "500m이내은행수":0,
            "500m이내병원수":18,
            "5km이내대형병원수":5,
            "500m이내공원수":0,
            "3km이내혐오시설수":0,
            "초등학교학업성취도":89.45,
            "중학교학업성취도":59.4,
            "용적률":257,
            "건폐율":18,
            "Y":37.531584,
            "X":126.709482,
            "rank":139.0,
            "area_info":"23평(77.45), 32평(105.86)",
            "last_sales":"2021-12-18,40000.0,32평(105.86)"
        },
        {
            "index":472,
            "아파트명":"백영",
            "투자타입":"일반",
            "전용면적(m2)":"85.41",
            "전용면적(평)":"25평",
            "법정동주소":"인천시 계양구 효성동 101-5",
            "도로명주소":"인천시 계양구 길마로11번길 3",
            "세대수":0,
            "입주년차":0,
            "용적률점수":"--",
            "건폐율점수":"--",
            "세대당주차수":0,
            "난방방식":30,
            "공급면적":"--",
            "전용률":"--",
            "욕실수":50,
            "현관타입":100,
            "주거총점":18.0,
            "지역구공급총점":0.0,
            "역세권":0,
            "30분내 이동가능 거점":0,
            "1시간내 이동가능 거점":0,
            "교통총점":0.0,
            "백화점":0,
            "아울렛몰":0,
            "대형마트":0,
            "은행":0,
            "병원":60,
            "종합병원":100,
            "공원":0,
            "혐오시설":0,
            "인프라총점":26.0,
            "초등학군":84.59,
            "중학군":42.7,
            "학군총점":51.078,
            "인구수":35.56,
            "인구증감":-5.28,
            "인구총점":23.308,
            "일자리":9.9,
            "소득수준":46.63,
            "일자리총점":20.919,
            "가치 총점":19.0617,
            "매매실거래년":20211203.0,
            "매매실거래가":20500.0,
            "전세실거래년":null,
            "전세실거래가":null,
            "전세가율":null,
            "장기전세가율평균":70.92,
            "전세가율거품지수":null,
            "검색코드":8265,
            "세대수":208.0,
            "준공년월":"1996-05-29",
            "준공년차":27.0,
            "가까운역이름":"경인교대입구",
            "가까운역거리":1491.28,
            "역세권여부":"비역세권",
            "30분이내주요거점역":0,
            "1시간이내주요거점역":0,
            "3km이내백화점수":0,
            "5km이내아울렛몰수":0,
            "1km이내대형먀트수":0,
            "500m이내은행수":0,
            "500m이내병원수":11,
            "5km이내대형병원수":5,
            "500m이내공원수":0,
            "3km이내혐오시설수":0,
            "초등학교학업성취도":84.59,
            "중학교학업성취도":68.5,
            "용적률":370,
            "건폐율":23,
            "Y":37.534514,
            "X":126.70632,
            "rank":140.0,
            "area_info":"25평(85.41), 26평(88.34)",
            "last_sales":"2021-12-03,20500.0,26평(88.34)"
        },
        {
            "index":414,
            "아파트명":"경남1차",
            "투자타입":"재건축",
            "전용면적(m2)":"61.64",
            "전용면적(평)":"18평",
            "법정동주소":"인천시 계양구 효성동 623-27",
            "도로명주소":"인천시 계양구 봉오대로463번길 17",
            "세대수":30,
            "입주년차":"--",
            "용적률점수":0,
            "건폐율점수":0,
            "세대당주차수":"--",
            "난방방식":"--",
            "공급면적":50,
            "전용률":80,
            "욕실수":"--",
            "현관타입":"--",
            "주거총점":15.5,
            "지역구공급총점":0.0,
            "역세권":0,
            "30분내 이동가능 거점":0,
            "1시간내 이동가능 거점":10,
            "교통총점":2.0,
            "백화점":0,
            "아울렛몰":0,
            "대형마트":0,
            "은행":0,
            "병원":10,
            "종합병원":100,
            "공원":0,
            "혐오시설":0,
            "인프라총점":21.0,
            "초등학군":86.59,
            "중학군":47.28,
            "학군총점":55.142,
            "인구수":35.56,
            "인구증감":-5.28,
            "인구총점":23.308,
            "일자리":9.9,
            "소득수준":46.63,
            "일자리총점":20.919,
            "가치 총점":18.3713,
            "매매실거래년":20220105.0,
            "매매실거래가":19900.0,
            "전세실거래년":20210506.0,
            "전세실거래가":8400.0,
            "전세가율":42.21,
            "장기전세가율평균":70.92,
            "전세가율거품지수":28.71,
            "검색코드":8504,
            "세대수":310.0,
            "준공년월":"1987-07-31",
            "준공년차":36.0,
            "가까운역이름":"가정",
            "가까운역거리":2098.93,
            "역세권여부":"비역세권",
            "30분이내주요거점역":0,
            "1시간이내주요거점역":1,
            "3km이내백화점수":0,
            "5km이내아울렛몰수":0,
            "1km이내대형먀트수":0,
            "500m이내은행수":0,
            "500m이내병원수":4,
            "5km이내대형병원수":6,
            "500m이내공원수":0,
            "3km이내혐오시설수":0,
            "초등학교학업성취도":86.59,
            "중학교학업성취도":77.2,
            "용적률":0,
            "건폐율":0,
            "Y":37.52913,
            "X":126.69866,
            "rank":141.0,
            "area_info":"18평(61.64), 21평(72.19)",
            "last_sales":"2022-01-05,19900.0,18평(61.64)"
        }
    ]
}