{
    "schema":{
        "fields":[
            {
                "name":"index",
                "type":"integer"
            },
            {
                "name":"아파트명",
                "type":"string"
            },
            {
                "name":"투자타입",
                "type":"string"
            },
            {
                "name":"전용면적(m2)",
                "type":"string"
            },
            {
                "name":"전용면적(평)",
                "type":"string"
            },
            {
                "name":"법정동주소",
                "type":"string"
            },
            {
                "name":"도로명주소",
                "type":"string"
            },
            {
                "name":"세대수",
                "type":"integer"
            },
            {
                "name":"입주년차",
                "type":"string"
            },
            {
                "name":"용적률점수",
                "type":"string"
            },
            {
                "name":"건폐율점수",
                "type":"string"
            },
            {
                "name":"세대당주차수",
                "type":"string"
            },
            {
                "name":"난방방식",
                "type":"string"
            },
            {
                "name":"공급면적",
                "type":"string"
            },
            {
                "name":"전용률",
                "type":"string"
            },
            {
                "name":"욕실수",
                "type":"string"
            },
            {
                "name":"현관타입",
                "type":"string"
            },
            {
                "name":"주거총점",
                "type":"number"
            },
            {
                "name":"지역구공급총점",
                "type":"number"
            },
            {
                "name":"역세권",
                "type":"string"
            },
            {
                "name":"30분내 이동가능 거점",
                "type":"string"
            },
            {
                "name":"1시간내 이동가능 거점",
                "type":"string"
            },
            {
                "name":"교통총점",
                "type":"string"
            },
            {
                "name":"백화점",
                "type":"integer"
            },
            {
                "name":"아울렛몰",
                "type":"integer"
            },
            {
                "name":"대형마트",
                "type":"integer"
            },
            {
                "name":"은행",
                "type":"integer"
            },
            {
                "name":"병원",
                "type":"integer"
            },
            {
                "name":"종합병원",
                "type":"integer"
            },
            {
                "name":"공원",
                "type":"integer"
            },
            {
                "name":"혐오시설",
                "type":"integer"
            },
            {
                "name":"인프라총점",
                "type":"number"
            },
            {
                "name":"초등학군",
                "type":"number"
            },
            {
                "name":"중학군",
                "type":"number"
            },
            {
                "name":"학군총점",
                "type":"number"
            },
            {
                "name":"인구수",
                "type":"number"
            },
            {
                "name":"인구증감",
                "type":"number"
            },
            {
                "name":"인구총점",
                "type":"number"
            },
            {
                "name":"일자리",
                "type":"number"
            },
            {
                "name":"소득수준",
                "type":"number"
            },
            {
                "name":"일자리총점",
                "type":"number"
            },
            {
                "name":"가치 총점",
                "type":"number"
            },
            {
                "name":"매매실거래년",
                "type":"string"
            },
            {
                "name":"매매실거래가",
                "type":"number"
            },
            {
                "name":"전세실거래년",
                "type":"number"
            },
            {
                "name":"전세실거래가",
                "type":"number"
            },
            {
                "name":"전세가율",
                "type":"number"
            },
            {
                "name":"장기전세가율평균",
                "type":"number"
            },
            {
                "name":"전세가율거품지수",
                "type":"number"
            },
            {
                "name":"검색코드",
                "type":"integer"
            },
            {
                "name":"세대수",
                "type":"integer"
            },
            {
                "name":"준공년월",
                "type":"string"
            },
            {
                "name":"준공년차",
                "type":"integer"
            },
            {
                "name":"가까운역이름",
                "type":"string"
            },
            {
                "name":"가까운역거리",
                "type":"string"
            },
            {
                "name":"역세권여부",
                "type":"string"
            },
            {
                "name":"30분이내주요거점역",
                "type":"string"
            },
            {
                "name":"1시간이내주요거점역",
                "type":"string"
            },
            {
                "name":"3km이내백화점수",
                "type":"integer"
            },
            {
                "name":"5km이내아울렛몰수",
                "type":"integer"
            },
            {
                "name":"1km이내대형먀트수",
                "type":"integer"
            },
            {
                "name":"500m이내은행수",
                "type":"integer"
            },
            {
                "name":"500m이내병원수",
                "type":"integer"
            },
            {
                "name":"5km이내대형병원수",
                "type":"integer"
            },
            {
                "name":"500m이내공원수",
                "type":"integer"
            },
            {
                "name":"3km이내혐오시설수",
                "type":"integer"
            },
            {
                "name":"초등학교학업성취도",
                "type":"number"
            },
            {
                "name":"중학교학업성취도",
                "type":"number"
            },
            {
                "name":"용적률",
                "type":"integer"
            },
            {
                "name":"건폐율",
                "type":"integer"
            },
            {
                "name":"Y",
                "type":"number"
            },
            {
                "name":"X",
                "type":"number"
            },
            {
                "name":"rank",
                "type":"number"
            },
            {
                "name":"area_info",
                "type":"string"
            },
            {
                "name":"last_sales",
                "type":"string"
            }
        ],
        "primaryKey":[
            "index"
        ],
        "pandas_version":"1.4.0"
    },
    "data":[
        {
            "index":500,
            "아파트명":"현대(740-6)",
            "투자타입":"재건축",
            "전용면적(m2)":"89.8",
            "전용면적(평)":"27평",
            "법정동주소":"광주시 서구 화정동 740-6",
            "도로명주소":"광주시 서구 화운로175번길 15",
            "세대수":50,
            "입주년차":"--",
            "용적률점수":80,
            "건폐율점수":100,
            "세대당주차수":"--",
            "난방방식":"--",
            "공급면적":70,
            "전용률":80,
            "욕실수":"--",
            "현관타입":"--",
            "주거총점":74.5,
            "지역구공급총점":0.0,
            "역세권":"NA",
            "30분내 이동가능 거점":"NA",
            "1시간내 이동가능 거점":"NA",
            "교통총점":"NA",
            "백화점":100,
            "아울렛몰":80,
            "대형마트":80,
            "은행":20,
            "병원":60,
            "종합병원":100,
            "공원":100,
            "혐오시설":0,
            "인프라총점":81.0,
            "초등학군":87.3,
            "중학군":47.96,
            "학군총점":55.828,
            "인구수":34.39,
            "인구증감":-14.6,
            "인구총점":19.693,
            "일자리":19.8,
            "소득수준":63.56,
            "일자리총점":32.928,
            "가치 총점":72.432,
            "매매실거래년":20211216.0,
            "매매실거래가":32500.0,
            "전세실거래년":20211229.0,
            "전세실거래가":22000.0,
            "전세가율":67.69,
            "장기전세가율평균":78.75,
            "전세가율거품지수":11.06,
            "검색코드":5511,
            "세대수":604,
            "준공년월":"1986-08-27",
            "준공년차":37,
            "가까운역이름":"NA",
            "가까운역거리":"NA",
            "역세권여부":"NA",
            "30분이내주요거점역":"NA",
            "1시간이내주요거점역":"NA",
            "3km이내백화점수":1,
            "5km이내아울렛몰수":1,
            "1km이내대형먀트수":1,
            "500m이내은행수":2,
            "500m이내병원수":16,
            "5km이내대형병원수":15,
            "500m이내공원수":2,
            "3km이내혐오시설수":0,
            "초등학교학업성취도":87.3,
            "중학교학업성취도":79.0,
            "용적률":168,
            "건폐율":18,
            "Y":35.154231,
            "X":126.874847,
            "rank":1.0,
            "area_info":"27평(89.8), 27평(91.92), 29평(98.56), 32평(106.62), 39평(132.13)",
            "last_sales":"2021-12-16,32500.0,27평(89.8)"
        },
        {
            "index":0,
            "아파트명":"광천e-편한세상",
            "투자타입":"일반",
            "전용면적(m2)":"111.6",
            "전용면적(평)":"33평",
            "법정동주소":"광주시 서구 광천동 895",
            "도로명주소":"광주시 서구 화운로 278",
            "세대수":90,
            "입주년차":60,
            "용적률점수":"--",
            "건폐율점수":"--",
            "세대당주차수":60,
            "난방방식":30,
            "공급면적":"--",
            "전용률":"--",
            "욕실수":100,
            "현관타입":100,
            "주거총점":75.5,
            "지역구공급총점":0.0,
            "역세권":"NA",
            "30분내 이동가능 거점":"NA",
            "1시간내 이동가능 거점":"NA",
            "교통총점":"NA",
            "백화점":100,
            "아울렛몰":80,
            "대형마트":80,
            "은행":0,
            "병원":60,
            "종합병원":100,
            "공원":0,
            "혐오시설":0,
            "인프라총점":76.0,
            "초등학군":90.34,
            "중학군":49.86,
            "학군총점":57.956,
            "인구수":34.39,
            "인구증감":-14.6,
            "인구총점":19.693,
            "일자리":19.8,
            "소득수준":63.56,
            "일자리총점":32.928,
            "가치 총점":71.314,
            "매매실거래년":20211214.0,
            "매매실거래가":63000.0,
            "전세실거래년":20211230.0,
            "전세실거래가":41000.0,
            "전세가율":65.08,
            "장기전세가율평균":78.75,
            "전세가율거품지수":13.67,
            "검색코드":27767,
            "세대수":1096,
            "준공년월":"2010-01-19",
            "준공년차":13,
            "가까운역이름":"NA",
            "가까운역거리":"NA",
            "역세권여부":"NA",
            "30분이내주요거점역":"NA",
            "1시간이내주요거점역":"NA",
            "3km이내백화점수":1,
            "5km이내아울렛몰수":1,
            "1km이내대형먀트수":1,
            "500m이내은행수":1,
            "500m이내병원수":14,
            "5km이내대형병원수":15,
            "500m이내공원수":0,
            "3km이내혐오시설수":0,
            "초등학교학업성취도":90.34,
            "중학교학업성취도":82.5,
            "용적률":199,
            "건폐율":27,
            "Y":35.163799,
            "X":126.878293,
            "rank":2.0,
            "area_info":"33평(111.6), 43평(142.83), 49평(164.85), 58평(194.58)",
            "last_sales":"2021-12-14,63000.0,33평(111.6)"
        },
        {
            "index":109,
            "아파트명":"삼익",
            "투자타입":"재건축",
            "전용면적(m2)":"108.45",
            "전용면적(평)":"32평",
            "법정동주소":"광주시 서구 농성동 422-3",
            "도로명주소":"광주시 서구 내방로 430",
            "세대수":30,
            "입주년차":"--",
            "용적률점수":60,
            "건폐율점수":100,
            "세대당주차수":"--",
            "난방방식":"--",
            "공급면적":90,
            "전용률":60,
            "욕실수":"--",
            "현관타입":"--",
            "주거총점":60.5,
            "지역구공급총점":0.0,
            "역세권":"NA",
            "30분내 이동가능 거점":"NA",
            "1시간내 이동가능 거점":"NA",
            "교통총점":"NA",
            "백화점":100,
            "아울렛몰":80,
            "대형마트":80,
            "은행":70,
            "병원":100,
            "종합병원":100,
            "공원":100,
            "혐오시설":0,
            "인프라총점":90.0,
            "초등학군":89.8,
            "중학군":47.96,
            "학군총점":56.328,
            "인구수":34.39,
            "인구증감":-14.6,
            "인구총점":19.693,
            "일자리":19.8,
            "소득수준":63.56,
            "일자리총점":32.928,
            "가치 총점":71.257,
            "매매실거래년":20211130.0,
            "매매실거래가":40000.0,
            "전세실거래년":20211220.0,
            "전세실거래가":15000.0,
            "전세가율":46.88,
            "장기전세가율평균":78.75,
            "전세가율거품지수":31.87,
            "검색코드":5520,
            "세대수":374,
            "준공년월":"1983-07-21",
            "준공년차":40,
            "가까운역이름":"NA",
            "가까운역거리":"NA",
            "역세권여부":"NA",
            "30분이내주요거점역":"NA",
            "1시간이내주요거점역":"NA",
            "3km이내백화점수":2,
            "5km이내아울렛몰수":1,
            "1km이내대형먀트수":1,
            "500m이내은행수":3,
            "500m이내병원수":67,
            "5km이내대형병원수":16,
            "500m이내공원수":4,
            "3km이내혐오시설수":0,
            "초등학교학업성취도":89.8,
            "중학교학업성취도":79.0,
            "용적률":190,
            "건폐율":18,
            "Y":35.159416,
            "X":126.886827,
            "rank":3.0,
            "area_info":"32평(108.45), 40평(132.71), 45평(150.82)",
            "last_sales":"2021-11-30,40000.0,40평(132.71)"
        },
        {
            "index":132,
            "아파트명":"호반베르디움",
            "투자타입":"일반",
            "전용면적(m2)":"112.83",
            "전용면적(평)":"34평",
            "법정동주소":"광주시 서구 동천동 615",
            "도로명주소":"광주시 서구 하남대로680번길 10",
            "세대수":80,
            "입주년차":40,
            "용적률점수":"--",
            "건폐율점수":"--",
            "세대당주차수":60,
            "난방방식":100,
            "공급면적":"--",
            "전용률":"--",
            "욕실수":100,
            "현관타입":100,
            "주거총점":75.0,
            "지역구공급총점":0.0,
            "역세권":"NA",
            "30분내 이동가능 거점":"NA",
            "1시간내 이동가능 거점":"NA",
            "교통총점":"NA",
            "백화점":100,
            "아울렛몰":100,
            "대형마트":0,
            "은행":70,
            "병원":60,
            "종합병원":100,
            "공원":100,
            "혐오시설":0,
            "인프라총점":76.0,
            "초등학군":88.53,
            "중학군":49.86,
            "학군총점":57.594,
            "인구수":34.39,
            "인구증감":-14.6,
            "인구총점":19.693,
            "일자리":19.8,
            "소득수준":63.56,
            "일자리총점":32.928,
            "가치 총점":71.0485,
            "매매실거래년":20211207.0,
            "매매실거래가":78500.0,
            "전세실거래년":20210908.0,
            "전세실거래가":40000.0,
            "전세가율":73.39,
            "장기전세가율평균":78.75,
            "전세가율거품지수":5.36,
            "검색코드":24682,
            "세대수":803,
            "준공년월":"2008-09-19",
            "준공년차":15,
            "가까운역이름":"NA",
            "가까운역거리":"NA",
            "역세권여부":"NA",
            "30분이내주요거점역":"NA",
            "1시간이내주요거점역":"NA",
            "3km이내백화점수":1,
            "5km이내아울렛몰수":2,
            "1km이내대형먀트수":0,
            "500m이내은행수":3,
            "500m이내병원수":14,
            "5km이내대형병원수":14,
            "500m이내공원수":4,
            "3km이내혐오시설수":0,
            "초등학교학업성취도":88.53,
            "중학교학업성취도":82.5,
            "용적률":228,
            "건폐율":18,
            "Y":35.170088,
            "X":126.865418,
            "rank":4.0,
            "area_info":"34평(112.83), 35평(116.31), 43평(143.5), 52평(173.75)",
            "last_sales":"2021-12-07,78500.0,52평(173.75)"
        },
        {
            "index":4,
            "아파트명":"힐스테이트광천(주)",
            "투자타입":"일반",
            "전용면적(m2)":"90.61",
            "전용면적(평)":"27평",
            "법정동주소":"광주시 서구 광천동 17-1번지 일원",
            "도로명주소":"광주시 서구",
            "세대수":30,
            "입주년차":100,
            "용적률점수":"--",
            "건폐율점수":"--",
            "세대당주차수":30,
            "난방방식":30,
            "공급면적":"--",
            "전용률":"--",
            "욕실수":100,
            "현관타입":100,
            "주거총점":58.0,
            "지역구공급총점":0.0,
            "역세권":"NA",
            "30분내 이동가능 거점":"NA",
            "1시간내 이동가능 거점":"NA",
            "교통총점":"NA",
            "백화점":100,
            "아울렛몰":80,
            "대형마트":80,
            "은행":70,
            "병원":100,
            "종합병원":100,
            "공원":100,
            "혐오시설":0,
            "인프라총점":90.0,
            "초등학군":90.34,
            "중학군":47.2,
            "학군총점":55.828,
            "인구수":34.39,
            "인구증감":-14.6,
            "인구총점":19.693,
            "일자리":19.8,
            "소득수준":63.56,
            "일자리총점":32.928,
            "가치 총점":70.257,
            "매매실거래년":"18000101",
            "매매실거래가":null,
            "전세실거래년":null,
            "전세실거래가":null,
            "전세가율":null,
            "장기전세가율평균":78.75,
            "전세가율거품지수":null,
            "검색코드":140485,
            "세대수":305,
            "준공년월":"2024-01-01",
            "준공년차":-1,
            "가까운역이름":"NA",
            "가까운역거리":"NA",
            "역세권여부":"NA",
            "30분이내주요거점역":"NA",
            "1시간이내주요거점역":"NA",
            "3km이내백화점수":2,
            "5km이내아울렛몰수":1,
            "1km이내대형먀트수":1,
            "500m이내은행수":3,
            "500m이내병원수":67,
            "5km이내대형병원수":15,
            "500m이내공원수":2,
            "3km이내혐오시설수":0,
            "초등학교학업성취도":90.34,
            "중학교학업성취도":78.2,
            "용적률":499,
            "건폐율":0,
            "Y":35.162551,
            "X":126.88647,
            "rank":5.0,
            "area_info":"27평(90.61), 27평(91.78), 32평(108.54), 32평(109.06)",
            "last_sales":"1800-01-01,nan,27평(90.61)"
        },
        {
            "index":100,
            "아파트명":"농성SK뷰센트럴",
            "투자타입":"일반",
            "전용면적(m2)":"100.33",
            "전용면적(평)":"30평",
            "법정동주소":"광주시 서구 농성동 702",
            "도로명주소":"광주시 서구 상무대로1147번길 16",
            "세대수":80,
            "입주년차":100,
            "용적률점수":"--",
            "건폐율점수":"--",
            "세대당주차수":30,
            "난방방식":30,
            "공급면적":"--",
            "전용률":"--",
            "욕실수":100,
            "현관타입":100,
            "주거총점":75.5,
            "지역구공급총점":0.0,
            "역세권":"NA",
            "30분내 이동가능 거점":"NA",
            "1시간내 이동가능 거점":"NA",
            "교통총점":"NA",
            "백화점":100,
            "아울렛몰":80,
            "대형마트":80,
            "은행":0,
            "병원":10,
            "종합병원":100,
            "공원":100,
            "혐오시설":0,
            "인프라총점":74.0,
            "초등학군":89.8,
            "중학군":47.96,
            "학군총점":56.328,
            "인구수":34.39,
            "인구증감":-14.6,
            "인구총점":19.693,
            "일자리":19.8,
            "소득수준":63.56,
            "일자리총점":32.928,
            "가치 총점":70.107,
            "매매실거래년":20191114.0,
            "매매실거래가":50400.0,
            "전세실거래년":null,
            "전세실거래가":null,
            "전세가율":null,
            "장기전세가율평균":78.75,
            "전세가율거품지수":null,
            "검색코드":117357,
            "세대수":842,
            "준공년월":"2019-09-01",
            "준공년차":4,
            "가까운역이름":"NA",
            "가까운역거리":"NA",
            "역세권여부":"NA",
            "30분이내주요거점역":"NA",
            "1시간이내주요거점역":"NA",
            "3km이내백화점수":2,
            "5km이내아울렛몰수":1,
            "1km이내대형먀트수":1,
            "500m이내은행수":1,
            "500m이내병원수":3,
            "5km이내대형병원수":15,
            "500m이내공원수":8,
            "3km이내혐오시설수":0,
            "초등학교학업성취도":89.8,
            "중학교학업성취도":79.0,
            "용적률":0,
            "건폐율":0,
            "Y":35.154764,
            "X":126.886676,
            "rank":6.0,
            "area_info":"30평(100.33), 30평(100.91), 34평(113.37), 34평(113.65)",
            "last_sales":"2019-11-14,50400.0,30평(100.33)"
        },
        {
            "index":320,
            "아파트명":"상무지구영무예다음",
            "투자타입":"일반",
            "전용면적(m2)":"96.34",
            "전용면적(평)":"29평",
            "법정동주소":"광주시 서구 치평동 1220-3",
            "도로명주소":"광주시 서구 시청로 64",
            "세대수":0,
            "입주년차":100,
            "용적률점수":"--",
            "건폐율점수":"--",
            "세대당주차수":30,
            "난방방식":30,
            "공급면적":"--",
            "전용률":"--",
            "욕실수":100,
            "현관타입":100,
            "주거총점":47.5,
            "지역구공급총점":0.0,
            "역세권":"NA",
            "30분내 이동가능 거점":"NA",
            "1시간내 이동가능 거점":"NA",
            "교통총점":"NA",
            "백화점":100,
            "아울렛몰":100,
            "대형마트":80,
            "은행":100,
            "병원":100,
            "종합병원":100,
            "공원":100,
            "혐오시설":0,
            "인프라총점":95.0,
            "초등학군":93.88,
            "중학군":52.76,
            "학군총점":60.984,
            "인구수":34.39,
            "인구증감":-14.6,
            "인구총점":19.693,
            "일자리":19.8,
            "소득수준":63.56,
            "일자리총점":32.928,
            "가치 총점":69.871,
            "매매실거래년":20201115.0,
            "매매실거래가":54037.0,
            "전세실거래년":null,
            "전세실거래가":null,
            "전세가율":null,
            "장기전세가율평균":78.75,
            "전세가율거품지수":null,
            "검색코드":119335,
            "세대수":220,
            "준공년월":"2020-09-17",
            "준공년차":3,
            "가까운역이름":"NA",
            "가까운역거리":"NA",
            "역세권여부":"NA",
            "30분이내주요거점역":"NA",
            "1시간이내주요거점역":"NA",
            "3km이내백화점수":1,
            "5km이내아울렛몰수":2,
            "1km이내대형먀트수":1,
            "500m이내은행수":8,
            "500m이내병원수":64,
            "5km이내대형병원수":10,
            "500m이내공원수":3,
            "3km이내혐오시설수":0,
            "초등학교학업성취도":93.88,
            "중학교학업성취도":87.0,
            "용적률":880,
            "건폐율":76,
            "Y":35.154319,
            "X":126.8522,
            "rank":7.0,
            "area_info":"29평(96.34), 35평(117.2), 35평(117.48), 35평(118.18)",
            "last_sales":"2020-11-15,54037.0,35평(118.18)"
        },
        {
            "index":8,
            "아파트명":"호반써밋광주",
            "투자타입":"일반",
            "전용면적(m2)":"119.59",
            "전용면적(평)":"36평",
            "법정동주소":"광주시 서구 광천동 896",
            "도로명주소":"광주시 서구 무진대로 919",
            "세대수":0,
            "입주년차":100,
            "용적률점수":"--",
            "건폐율점수":"--",
            "세대당주차수":80,
            "난방방식":30,
            "공급면적":"--",
            "전용률":"--",
            "욕실수":100,
            "현관타입":100,
            "주거총점":55.0,
            "지역구공급총점":0.0,
            "역세권":"NA",
            "30분내 이동가능 거점":"NA",
            "1시간내 이동가능 거점":"NA",
            "교통총점":"NA",
            "백화점":100,
            "아울렛몰":80,
            "대형마트":80,
            "은행":70,
            "병원":100,
            "종합병원":100,
            "공원":100,
            "혐오시설":0,
            "인프라총점":90.0,
            "초등학군":90.34,
            "중학군":49.86,
            "학군총점":57.956,
            "인구수":34.39,
            "인구증감":-14.6,
            "인구총점":19.693,
            "일자리":19.8,
            "소득수준":63.56,
            "일자리총점":32.928,
            "가치 총점":69.739,
            "매매실거래년":20200224.0,
            "매매실거래가":67901.0,
            "전세실거래년":null,
            "전세실거래가":null,
            "전세가율":null,
            "장기전세가율평균":78.75,
            "전세가율거품지수":null,
            "검색코드":113084,
            "세대수":246,
            "준공년월":"2020-01-01",
            "준공년차":3,
            "가까운역이름":"NA",
            "가까운역거리":"NA",
            "역세권여부":"NA",
            "30분이내주요거점역":"NA",
            "1시간이내주요거점역":"NA",
            "3km이내백화점수":2,
            "5km이내아울렛몰수":1,
            "1km이내대형먀트수":1,
            "500m이내은행수":4,
            "500m이내병원수":68,
            "5km이내대형병원수":16,
            "500m이내공원수":2,
            "3km이내혐오시설수":0,
            "초등학교학업성취도":90.34,
            "중학교학업성취도":82.5,
            "용적률":679,
            "건폐율":0,
            "Y":35.162281,
            "X":126.880784,
            "rank":8.0,
            "area_info":"36평(119.59), 36평(121.08)",
            "last_sales":"2020-02-24,67901.0,36평(119.59)"
        },
        {
            "index":421,
            "아파트명":"럭키",
            "투자타입":"재건축",
            "전용면적(m2)":"74.88",
            "전용면적(평)":"22평",
            "법정동주소":"광주시 서구 화정동 858-2",
            "도로명주소":"광주시 서구 염화로40번길 20",
            "세대수":30,
            "입주년차":"--",
            "용적률점수":100,
            "건폐율점수":100,
            "세대당주차수":"--",
            "난방방식":"--",
            "공급면적":50,
            "전용률":60,
            "욕실수":"--",
            "현관타입":"--",
            "주거총점":74.5,
            "지역구공급총점":0.0,
            "역세권":"NA",
            "30분내 이동가능 거점":"NA",
            "1시간내 이동가능 거점":"NA",
            "교통총점":"NA",
            "백화점":100,
            "아울렛몰":80,
            "대형마트":80,
            "은행":0,
            "병원":30,
            "종합병원":100,
            "공원":100,
            "혐오시설":0,
            "인프라총점":76.0,
            "초등학군":88.12,
            "중학군":41.92,
            "학군총점":51.16,
            "인구수":34.39,
            "인구증감":-14.6,
            "인구총점":19.693,
            "일자리":19.8,
            "소득수준":63.56,
            "일자리총점":32.928,
            "가치 총점":69.265,
            "매매실거래년":20211103.0,
            "매매실거래가":26800.0,
            "전세실거래년":20211229.0,
            "전세실거래가":10000.0,
            "전세가율":37.31,
            "장기전세가율평균":78.75,
            "전세가율거품지수":41.44,
            "검색코드":5459,
            "세대수":350,
            "준공년월":"1985-06-14",
            "준공년차":38,
            "가까운역이름":"NA",
            "가까운역거리":"NA",
            "역세권여부":"NA",
            "30분이내주요거점역":"NA",
            "1시간이내주요거점역":"NA",
            "3km이내백화점수":1,
            "5km이내아울렛몰수":1,
            "1km이내대형먀트수":1,
            "500m이내은행수":0,
            "500m이내병원수":8,
            "5km이내대형병원수":12,
            "500m이내공원수":5,
            "3km이내혐오시설수":0,
            "초등학교학업성취도":88.12,
            "중학교학업성취도":69.6,
            "용적률":149,
            "건폐율":16,
            "Y":35.137393,
            "X":126.874815,
            "rank":9.0,
            "area_info":"22평(74.88), 26평(86.77), 34평(114.26), 34평(114.99)",
            "last_sales":"2021-11-03,26800.0,22평(74.88)"
        },
        {
            "index":125,
            "아파트명":"우미린",
            "투자타입":"일반",
            "전용면적(m2)":"122.05",
            "전용면적(평)":"36평",
            "법정동주소":"광주시 서구 동천동 648",
            "도로명주소":"광주시 서구 하남대로710번길 20",
            "세대수":80,
            "입주년차":40,
            "용적률점수":"--",
            "건폐율점수":"--",
            "세대당주차수":60,
            "난방방식":30,
            "공급면적":"--",
            "전용률":"--",
            "욕실수":100,
            "현관타입":100,
            "주거총점":68.0,
            "지역구공급총점":0.0,
            "역세권":"NA",
            "30분내 이동가능 거점":"NA",
            "1시간내 이동가능 거점":"NA",
            "교통총점":"NA",
            "백화점":100,
            "아울렛몰":100,
            "대형마트":0,
            "은행":70,
            "병원":60,
            "종합병원":100,
            "공원":100,
            "혐오시설":0,
            "인프라총점":76.0,
            "초등학군":88.53,
            "중학군":49.86,
            "학군총점":57.594,
            "인구수":34.39,
            "인구증감":-14.6,
            "인구총점":19.693,
            "일자리":19.8,
            "소득수준":63.56,
            "일자리총점":32.928,
            "가치 총점":68.5985,
            "매매실거래년":20211211.0,
            "매매실거래가":85000.0,
            "전세실거래년":20210907.0,
            "전세실거래가":43000.0,
            "전세가율":71.67,
            "장기전세가율평균":78.75,
            "전세가율거품지수":7.08,
            "검색코드":25219,
            "세대수":823,
            "준공년월":"2007-08-03",
            "준공년차":16,
            "가까운역이름":"NA",
            "가까운역거리":"NA",
            "역세권여부":"NA",
            "30분이내주요거점역":"NA",
            "1시간이내주요거점역":"NA",
            "3km이내백화점수":1,
            "5km이내아울렛몰수":2,
            "1km이내대형먀트수":0,
            "500m이내은행수":3,
            "500m이내병원수":13,
            "5km이내대형병원수":15,
            "500m이내공원수":6,
            "3km이내혐오시설수":0,
            "초등학교학업성취도":88.53,
            "중학교학업성취도":82.5,
            "용적률":221,
            "건폐율":15,
            "Y":35.169749,
            "X":126.868705,
            "rank":10.0,
            "area_info":"36평(122.05), 42평(141.66), 43평(144.64), 49평(163.45), 54평(180.79), 60평(198.86), 62평(206.23)",
            "last_sales":"2021-12-11,85000.0,62평(206.23)"
        },
        {
            "index":183,
            "아파트명":"시영,빛고을파크",
            "투자타입":"재건축",
            "전용면적(m2)":"69.4",
            "전용면적(평)":"20평",
            "법정동주소":"광주시 서구 쌍촌동 1228-1",
            "도로명주소":"광주시 서구 화정로 105",
            "세대수":90,
            "입주년차":"--",
            "용적률점수":60,
            "건폐율점수":100,
            "세대당주차수":"--",
            "난방방식":"--",
            "공급면적":50,
            "전용률":60,
            "욕실수":"--",
            "현관타입":"--",
            "주거총점":76.5,
            "지역구공급총점":0.0,
            "역세권":"NA",
            "30분내 이동가능 거점":"NA",
            "1시간내 이동가능 거점":"NA",
            "교통총점":"NA",
            "백화점":100,
            "아울렛몰":80,
            "대형마트":0,
            "은행":20,
            "병원":60,
            "종합병원":100,
            "공원":100,
            "혐오시설":0,
            "인프라총점":69.0,
            "초등학군":90.0,
            "중학군":47.12,
            "학군총점":55.696,
            "인구수":34.39,
            "인구증감":-14.6,
            "인구총점":19.693,
            "일자리":19.8,
            "소득수준":63.56,
            "일자리총점":32.928,
            "가치 총점":68.299,
            "매매실거래년":20220114.0,
            "매매실거래가":14800.0,
            "전세실거래년":20220108.0,
            "전세실거래가":13500.0,
            "전세가율":122.73,
            "장기전세가율평균":78.75,
            "전세가율거품지수":-43.98,
            "검색코드":5556,
            "세대수":1100,
            "준공년월":"1991-09-19",
            "준공년차":32,
            "가까운역이름":"NA",
            "가까운역거리":"NA",
            "역세권여부":"NA",
            "30분이내주요거점역":"NA",
            "1시간이내주요거점역":"NA",
            "3km이내백화점수":1,
            "5km이내아울렛몰수":1,
            "1km이내대형먀트수":0,
            "500m이내은행수":2,
            "500m이내병원수":17,
            "5km이내대형병원수":12,
            "500m이내공원수":9,
            "3km이내혐오시설수":0,
            "초등학교학업성취도":90.0,
            "중학교학업성취도":78.2,
            "용적률":199,
            "건폐율":18,
            "Y":35.145774,
            "X":126.868796,
            "rank":11.0,
            "area_info":"20평(69.4), 21평(71.04), 24평(81.64), 24평(81.25)",
            "last_sales":"2022-01-14,14800.0,24평(81.64)"
        },
        {
            "index":435,
            "아파트명":"삼익맨션1차",
            "투자타입":"재건축",
            "전용면적(m2)":"63.88",
            "전용면적(평)":"19평",
            "법정동주소":"광주시 서구 화정동 131-4",
            "도로명주소":"광주시 서구 죽봉대로 31",
            "세대수":0,
            "입주년차":"--",
            "용적률점수":60,
            "건폐율점수":100,
            "세대당주차수":"--",
            "난방방식":"--",
            "공급면적":50,
            "전용률":60,
            "욕실수":"--",
            "현관타입":"--",
            "주거총점":49.5,
            "지역구공급총점":0.0,
            "역세권":"NA",
            "30분내 이동가능 거점":"NA",
            "1시간내 이동가능 거점":"NA",
            "교통총점":"NA",
            "백화점":100,
            "아울렛몰":80,
            "대형마트":80,
            "은행":100,
            "병원":80,
            "종합병원":100,
            "공원":100,
            "혐오시설":0,
            "인프라총점":91.0,
            "초등학군":87.3,
            "중학군":47.96,
            "학군총점":55.828,
            "인구수":34.39,
            "인구증감":-14.6,
            "인구총점":19.693,
            "일자리":19.8,
            "소득수준":63.56,
            "일자리총점":32.928,
            "가치 총점":67.682,
            "매매실거래년":20210709.0,
            "매매실거래가":44680.0,
            "전세실거래년":20210824.0,
            "전세실거래가":7000.0,
            "전세가율":33.33,
            "장기전세가율평균":78.75,
            "전세가율거품지수":45.42,
            "검색코드":5470,
            "세대수":276,
            "준공년월":"1979-07-14",
            "준공년차":44,
            "가까운역이름":"NA",
            "가까운역거리":"NA",
            "역세권여부":"NA",
            "30분이내주요거점역":"NA",
            "1시간이내주요거점역":"NA",
            "3km이내백화점수":2,
            "5km이내아울렛몰수":1,
            "1km이내대형먀트수":1,
            "500m이내은행수":5,
            "500m이내병원수":38,
            "5km이내대형병원수":15,
            "500m이내공원수":2,
            "3km이내혐오시설수":0,
            "초등학교학업성취도":87.3,
            "중학교학업성취도":79.0,
            "용적률":182,
            "건폐율":15,
            "Y":35.156189,
            "X":126.881855,
            "rank":12.0,
            "area_info":"19평(63.88), 28평(93.06), 34평(113.35), 46평(152.68)",
            "last_sales":"2021-07-09,44680.0,46평(152.68)"
        },
        {
            "index":176,
            "아파트명":"상무힐스테이트",
            "투자타입":"일반",
            "전용면적(m2)":"160.09",
            "전용면적(평)":"48평",
            "법정동주소":"광주시 서구 쌍촌동 364",
            "도로명주소":"광주시 서구 상무대로911번길 42",
            "세대수":30,
            "입주년차":60,
            "용적률점수":"--",
            "건폐율점수":"--",
            "세대당주차수":80,
            "난방방식":30,
            "공급면적":"--",
            "전용률":"--",
            "욕실수":100,
            "현관타입":100,
            "주거총점":57.5,
            "지역구공급총점":0.0,
            "역세권":"NA",
            "30분내 이동가능 거점":"NA",
            "1시간내 이동가능 거점":"NA",
            "교통총점":"NA",
            "백화점":100,
            "아울렛몰":80,
            "대형마트":80,
            "은행":70,
            "병원":30,
            "종합병원":100,
            "공원":100,
            "혐오시설":0,
            "인프라총점":83.0,
            "초등학군":92.51,
            "중학군":46.72,
            "학군총점":55.878,
            "인구수":34.39,
            "인구증감":-14.6,
            "인구총점":19.693,
            "일자리":19.8,
            "소득수준":63.56,
            "일자리총점":32.928,
            "가치 총점":67.2945,
            "매매실거래년":20211217.0,
            "매매실거래가":100000.0,
            "전세실거래년":20211211.0,
            "전세실거래가":70000.0,
            "전세가율":70.0,
            "장기전세가율평균":78.75,
            "전세가율거품지수":8.75,
            "검색코드":106296,
            "세대수":336,
            "준공년월":"2010-02-12",
            "준공년차":13,
            "가까운역이름":"NA",
            "가까운역거리":"NA",
            "역세권여부":"NA",
            "30분이내주요거점역":"NA",
            "1시간이내주요거점역":"NA",
            "3km이내백화점수":1,
            "5km이내아울렛몰수":1,
            "1km이내대형먀트수":1,
            "500m이내은행수":3,
            "500m이내병원수":6,
            "5km이내대형병원수":12,
            "500m이내공원수":9,
            "3km이내혐오시설수":0,
            "초등학교학업성취도":92.51,
            "중학교학업성취도":77.6,
            "용적률":183,
            "건폐율":16,
            "Y":35.15436,
            "X":126.862674,
            "rank":13.0,
            "area_info":"48평(160.09), 58평(193.59), 68평(225.92), 68평(225.84)",
            "last_sales":"2021-12-17,100000.0,48평(160.09)"
        },
        {
            "index":505,
            "아파트명":"현대(859-1)",
            "투자타입":"재건축",
            "전용면적(m2)":"71.04",
            "전용면적(평)":"21평",
            "법정동주소":"광주시 서구 화정동 859-1",
            "도로명주소":"광주시 서구 월드컵4강로 22",
            "세대수":50,
            "입주년차":"--",
            "용적률점수":60,
            "건폐율점수":100,
            "세대당주차수":"--",
            "난방방식":"--",
            "공급면적":50,
            "전용률":60,
            "욕실수":"--",
            "현관타입":"--",
            "주거총점":64.5,
            "지역구공급총점":0.0,
            "역세권":"NA",
            "30분내 이동가능 거점":"NA",
            "1시간내 이동가능 거점":"NA",
            "교통총점":"NA",
            "백화점":100,
            "아울렛몰":80,
            "대형마트":80,
            "은행":0,
            "병원":60,
            "종합병원":100,
            "공원":100,
            "혐오시설":0,
            "인프라총점":79.0,
            "초등학군":90.98,
            "중학군":41.92,
            "학군총점":51.732,
            "인구수":34.39,
            "인구증감":-14.6,
            "인구총점":19.693,
            "일자리":19.8,
            "소득수준":63.56,
            "일자리총점":32.928,
            "가치 총점":67.108,
            "매매실거래년":20211213.0,
            "매매실거래가":23600.0,
            "전세실거래년":20211021.0,
            "전세실거래가":13000.0,
            "전세가율":59.09,
            "장기전세가율평균":78.75,
            "전세가율거품지수":19.66,
            "검색코드":5481,
            "세대수":597,
            "준공년월":"1987-12-05",
            "준공년차":36,
            "가까운역이름":"NA",
            "가까운역거리":"NA",
            "역세권여부":"NA",
            "30분이내주요거점역":"NA",
            "1시간이내주요거점역":"NA",
            "3km이내백화점수":1,
            "5km이내아울렛몰수":1,
            "1km이내대형먀트수":1,
            "500m이내은행수":1,
            "500m이내병원수":20,
            "5km이내대형병원수":12,
            "500m이내공원수":8,
            "3km이내혐오시설수":0,
            "초등학교학업성취도":90.98,
            "중학교학업성취도":69.6,
            "용적률":189,
            "건폐율":15,
            "Y":35.139254,
            "X":126.877291,
            "rank":14.0,
            "area_info":"21평(71.04), 23평(78.71)",
            "last_sales":"2021-12-13,23600.0,23평(78.71)"
        },
        {
            "index":98,
            "아파트명":"광천프라임아너팰리스",
            "투자타입":"일반",
            "전용면적(m2)":"82.7",
            "전용면적(평)":"25평",
            "법정동주소":"광주시 서구 농성동 417-9",
            "도로명주소":"광주시 서구 내방로 423",
            "세대수":0,
            "입주년차":100,
            "용적률점수":"--",
            "건폐율점수":"--",
            "세대당주차수":30,
            "난방방식":30,
            "공급면적":"--",
            "전용률":"--",
            "욕실수":100,
            "현관타입":100,
            "주거총점":47.5,
            "지역구공급총점":0.0,
            "역세권":"NA",
            "30분내 이동가능 거점":"NA",
            "1시간내 이동가능 거점":"NA",
            "교통총점":"NA",
            "백화점":100,
            "아울렛몰":80,
            "대형마트":80,
            "은행":70,
            "병원":100,
            "종합병원":100,
            "공원":100,
            "혐오시설":0,
            "인프라총점":90.0,
            "초등학군":89.8,
            "중학군":47.96,
            "학군총점":56.328,
            "인구수":34.39,
            "인구증감":-14.6,
            "인구총점":19.693,
            "일자리":19.8,
            "소득수준":63.56,
            "일자리총점":32.928,
            "가치 총점":66.707,
            "매매실거래년":"18000101",
            "매매실거래가":null,
            "전세실거래년":20211228.0,
            "전세실거래가":18000.0,
            "전세가율":null,
            "장기전세가율평균":78.75,
            "전세가율거품지수":null,
            "검색코드":127685,
            "세대수":176,
            "준공년월":"2019-04-17",
            "준공년차":4,
            "가까운역이름":"NA",
            "가까운역거리":"NA",
            "역세권여부":"NA",
            "30분이내주요거점역":"NA",
            "1시간이내주요거점역":"NA",
            "3km이내백화점수":2,
            "5km이내아울렛몰수":1,
            "1km이내대형먀트수":1,
            "500m이내은행수":4,
            "500m이내병원수":68,
            "5km이내대형병원수":16,
            "500m이내공원수":3,
            "3km이내혐오시설수":0,
            "초등학교학업성취도":89.8,
            "중학교학업성취도":79.0,
            "용적률":477,
            "건폐율":31,
            "Y":35.159685,
            "X":126.885452,
            "rank":15.0,
            "area_info":"25평(82.7), 25평(82.72)",
            "last_sales":"1800-01-01,nan,25평(82.7)"
        },
        {
            "index":459,
            "아파트명":"유니버시아드힐스테이트(3단지)",
            "투자타입":"일반",
            "전용면적(m2)":"84.97",
            "전용면적(평)":"25평",
            "법정동주소":"광주시 서구 화정동 1612",
            "도로명주소":"광주시 서구 화운로 24",
            "세대수":100,
            "입주년차":80,
            "용적률점수":"--",
            "건폐율점수":"--",
            "세대당주차수":30,
            "난방방식":30,
            "공급면적":"--",
            "전용률":"--",
            "욕실수":100,
            "현관타입":100,
            "주거총점":78.5,
            "지역구공급총점":0.0,
            "역세권":"NA",
            "30분내 이동가능 거점":"NA",
            "1시간내 이동가능 거점":"NA",
            "교통총점":"NA",
            "백화점":100,
            "아울렛몰":80,
            "대형마트":0,
            "은행":0,
            "병원":60,
            "종합병원":100,
            "공원":100,
            "혐오시설":0,
            "인프라총점":67.0,
            "초등학군":91.76,
            "중학군":37.54,
            "학군총점":48.384,
            "인구수":34.39,
            "인구증감":-14.6,
            "인구총점":19.693,
            "일자리":19.8,
            "소득수준":63.56,
            "일자리총점":32.928,
            "가치 총점":66.371,
            "매매실거래년":20220106.0,
            "매매실거래가":40500.0,
            "전세실거래년":20220114.0,
            "전세실거래가":34000.0,
            "전세가율":83.95,
            "장기전세가율평균":78.75,
            "전세가율거품지수":-5.2,
            "검색코드":105777,
            "세대수":2185,
            "준공년월":"2016-04-06",
            "준공년차":7,
            "가까운역이름":"NA",
            "가까운역거리":"NA",
            "역세권여부":"NA",
            "30분이내주요거점역":"NA",
            "1시간이내주요거점역":"NA",
            "3km이내백화점수":2,
            "5km이내아울렛몰수":1,
            "1km이내대형먀트수":0,
            "500m이내은행수":1,
            "500m이내병원수":16,
            "5km이내대형병원수":14,
            "500m이내공원수":4,
            "3km이내혐오시설수":0,
            "초등학교학업성취도":91.76,
            "중학교학업성취도":62.1,
            "용적률":269,
            "건폐율":18,
            "Y":35.143623,
            "X":126.885057,
            "rank":16.0,
            "area_info":"25평(84.97), 25평(84.97), 34평(112.98), 34평(112.99), 34평(112.99), 34평(112.96), 34평(112.99), 40평(132.64), 40평(132.62)",
            "last_sales":"2022-01-06,40500.0,25평(84.97)"
        },
        {
            "index":468,
            "아파트명":"유니버시아드힐스테이트1단지",
            "투자타입":"일반",
            "전용면적(m2)":"112.87",
            "전용면적(평)":"34평",
            "법정동주소":"광주시 서구 화정동 1611",
            "도로명주소":"광주시 서구 화운로 94",
            "세대수":80,
            "입주년차":80,
            "용적률점수":"--",
            "건폐율점수":"--",
            "세대당주차수":30,
            "난방방식":30,
            "공급면적":"--",
            "전용률":"--",
            "욕실수":100,
            "현관타입":100,
            "주거총점":71.5,
            "지역구공급총점":0.0,
            "역세권":"NA",
            "30분내 이동가능 거점":"NA",
            "1시간내 이동가능 거점":"NA",
            "교통총점":"NA",
            "백화점":100,
            "아울렛몰":80,
            "대형마트":0,
            "은행":0,
            "병원":60,
            "종합병원":100,
            "공원":100,
            "혐오시설":0,
            "인프라총점":67.0,
            "초등학군":91.76,
            "중학군":47.96,
            "학군총점":56.72,
            "인구수":34.39,
            "인구증감":-14.6,
            "인구총점":19.693,
            "일자리":19.8,
            "소득수준":63.56,
            "일자리총점":32.928,
            "가치 총점":66.005,
            "매매실거래년":20211120.0,
            "매매실거래가":73000.0,
            "전세실거래년":20220107.0,
            "전세실거래가":38000.0,
            "전세가율":52.05,
            "장기전세가율평균":78.75,
            "전세가율거품지수":26.7,
            "검색코드":105775,
            "세대수":763,
            "준공년월":"2016-04-06",
            "준공년차":7,
            "가까운역이름":"NA",
            "가까운역거리":"NA",
            "역세권여부":"NA",
            "30분이내주요거점역":"NA",
            "1시간이내주요거점역":"NA",
            "3km이내백화점수":2,
            "5km이내아울렛몰수":1,
            "1km이내대형먀트수":0,
            "500m이내은행수":1,
            "500m이내병원수":10,
            "5km이내대형병원수":14,
            "500m이내공원수":5,
            "3km이내혐오시설수":0,
            "초등학교학업성취도":91.76,
            "중학교학업성취도":79.0,
            "용적률":267,
            "건폐율":20,
            "Y":35.147447,
            "X":126.882114,
            "rank":17.0,
            "area_info":"34평(112.87), 34평(112.87), 34평(112.84), 34평(112.85)",
            "last_sales":"2021-11-20,73000.0,34평(112.87)"
        },
        {
            "index":307,
            "아파트명":"상무리채1(도시형)",
            "투자타입":"일반",
            "전용면적(m2)":"34.15",
            "전용면적(평)":"10평",
            "법정동주소":"광주시 서구 치평동 1218",
            "도로명주소":"광주시 서구 시청로 71",
            "세대수":0,
            "입주년차":80,
            "용적률점수":"--",
            "건폐율점수":"--",
            "세대당주차수":0,
            "난방방식":30,
            "공급면적":"--",
            "전용률":"--",
            "욕실수":50,
            "현관타입":100,
            "주거총점":34.0,
            "지역구공급총점":0.0,
            "역세권":"NA",
            "30분내 이동가능 거점":"NA",
            "1시간내 이동가능 거점":"NA",
            "교통총점":"NA",
            "백화점":100,
            "아울렛몰":100,
            "대형마트":80,
            "은행":100,
            "병원":80,
            "종합병원":100,
            "공원":100,
            "혐오시설":0,
            "인프라총점":93.0,
            "초등학군":83.83,
            "중학군":52.76,
            "학군총점":58.974,
            "인구수":34.39,
            "인구증감":-14.6,
            "인구총점":19.693,
            "일자리":19.8,
            "소득수준":63.56,
            "일자리총점":32.928,
            "가치 총점":63.8435,
            "매매실거래년":20211202.0,
            "매매실거래가":8000.0,
            "전세실거래년":20210513.0,
            "전세실거래가":6700.0,
            "전세가율":83.75,
            "장기전세가율평균":78.75,
            "전세가율거품지수":-5.0,
            "검색코드":114908,
            "세대수":297,
            "준공년월":"2014-03-25",
            "준공년차":9,
            "가까운역이름":"NA",
            "가까운역거리":"NA",
            "역세권여부":"NA",
            "30분이내주요거점역":"NA",
            "1시간이내주요거점역":"NA",
            "3km이내백화점수":1,
            "5km이내아울렛몰수":2,
            "1km이내대형먀트수":1,
            "500m이내은행수":8,
            "500m이내병원수":56,
            "5km이내대형병원수":10,
            "500m이내공원수":5,
            "3km이내혐오시설수":0,
            "초등학교학업성취도":83.83,
            "중학교학업성취도":87.0,
            "용적률":674,
            "건폐율":59,
            "Y":35.15491,
            "X":126.850906,
            "rank":18.0,
            "area_info":"10평(34.15), 11평(36.6), 12평(40.38)",
            "last_sales":"2021-12-02,8000.0,10평(34.15)"
        },
        {
            "index":472,
            "아파트명":"유니버시아드힐스테이트2단지",
            "투자타입":"일반",
            "전용면적(m2)":"113.31",
            "전용면적(평)":"34평",
            "법정동주소":"광주시 서구 화정동 1610",
            "도로명주소":"광주시 서구 화정로 211",
            "세대수":80,
            "입주년차":80,
            "용적률점수":"--",
            "건폐율점수":"--",
            "세대당주차수":30,
            "난방방식":30,
            "공급면적":"--",
            "전용률":"--",
            "욕실수":100,
            "현관타입":100,
            "주거총점":71.5,
            "지역구공급총점":0.0,
            "역세권":"NA",
            "30분내 이동가능 거점":"NA",
            "1시간내 이동가능 거점":"NA",
            "교통총점":"NA",
            "백화점":100,
            "아울렛몰":80,
            "대형마트":0,
            "은행":0,
            "병원":30,
            "종합병원":100,
            "공원":100,
            "혐오시설":0,
            "인프라총점":64.0,
            "초등학군":91.76,
            "중학군":41.92,
            "학군총점":51.888,
            "인구수":34.39,
            "인구증감":-14.6,
            "인구총점":19.693,
            "일자리":19.8,
            "소득수준":63.56,
            "일자리총점":32.928,
            "가치 총점":63.597,
            "매매실거래년":20211223.0,
            "매매실거래가":68000.0,
            "전세실거래년":null,
            "전세실거래가":null,
            "전세가율":null,
            "장기전세가율평균":78.75,
            "전세가율거품지수":null,
            "검색코드":105776,
            "세대수":778,
            "준공년월":"2016-04-06",
            "준공년차":7,
            "가까운역이름":"NA",
            "가까운역거리":"NA",
            "역세권여부":"NA",
            "30분이내주요거점역":"NA",
            "1시간이내주요거점역":"NA",
            "3km이내백화점수":1,
            "5km이내아울렛몰수":1,
            "1km이내대형먀트수":0,
            "500m이내은행수":1,
            "500m이내병원수":7,
            "5km이내대형병원수":14,
            "500m이내공원수":3,
            "3km이내혐오시설수":0,
            "초등학교학업성취도":91.76,
            "중학교학업성취도":69.6,
            "용적률":267,
            "건폐율":19,
            "Y":35.146534,
            "X":126.879346,
            "rank":19.0,
            "area_info":"34평(113.31), 34평(113.32), 34평(113.31), 34평(113.31), 34평(113.31)",
            "last_sales":"2021-12-23,68000.0,34평(113.31)"
        },
        {
            "index":297,
            "아파트명":"상무광명메이루즈",
            "투자타입":"일반",
            "전용면적(m2)":"94.29",
            "전용면적(평)":"28평",
            "법정동주소":"광주시 서구 치평동 1249",
            "도로명주소":"광주시 서구 시청로 27",
            "세대수":50,
            "입주년차":80,
            "용적률점수":"--",
            "건폐율점수":"--",
            "세대당주차수":60,
            "난방방식":30,
            "공급면적":"--",
            "전용률":"--",
            "욕실수":100,
            "현관타입":100,
            "주거총점":65.5,
            "지역구공급총점":0.0,
            "역세권":"NA",
            "30분내 이동가능 거점":"NA",
            "1시간내 이동가능 거점":"NA",
            "교통총점":"NA",
            "백화점":0,
            "아울렛몰":80,
            "대형마트":80,
            "은행":100,
            "병원":100,
            "종합병원":100,
            "공원":100,
            "혐오시설":0,
            "인프라총점":63.0,
            "초등학군":93.88,
            "중학군":49.2,
            "학군총점":58.136,
            "인구수":34.39,
            "인구증감":-14.6,
            "인구총점":19.693,
            "일자리":19.8,
            "소득수준":63.56,
            "일자리총점":32.928,
            "가치 총점":62.659,
            "매매실거래년":20220108.0,
            "매매실거래가":44800.0,
            "전세실거래년":20210113.0,
            "전세실거래가":30000.0,
            "전세가율":66.96,
            "장기전세가율평균":78.75,
            "전세가율거품지수":11.79,
            "검색코드":108838,
            "세대수":496,
            "준공년월":"2016-08-09",
            "준공년차":7,
            "가까운역이름":"NA",
            "가까운역거리":"NA",
            "역세권여부":"NA",
            "30분이내주요거점역":"NA",
            "1시간이내주요거점역":"NA",
            "3km이내백화점수":0,
            "5km이내아울렛몰수":1,
            "1km이내대형먀트수":1,
            "500m이내은행수":8,
            "500m이내병원수":102,
            "5km이내대형병원수":9,
            "500m이내공원수":3,
            "3km이내혐오시설수":0,
            "초등학교학업성취도":93.88,
            "중학교학업성취도":81.4,
            "용적률":599,
            "건폐율":77,
            "Y":35.150941,
            "X":126.850879,
            "rank":20.0,
            "area_info":"28평(94.29), 35평(116.65), 35평(117.45), 35평(117.34), 35평(118.17), 51평(169.95), 51평(169.97), 51평(170.15), 51평(170.56), 51평(170.79)",
            "last_sales":"2022-01-08,44800.0,28평(94.29)"
        },
        {
            "index":419,
            "아파트명":"라인동산",
            "투자타입":"재건축",
            "전용면적(m2)":"78.65",
            "전용면적(평)":"23평",
            "법정동주소":"광주시 서구 화정동 930-1",
            "도로명주소":"광주시 서구 염화로45번길 17",
            "세대수":90,
            "입주년차":"--",
            "용적률점수":20,
            "건폐율점수":80,
            "세대당주차수":"--",
            "난방방식":"--",
            "공급면적":50,
            "전용률":60,
            "욕실수":"--",
            "현관타입":"--",
            "주거총점":56.5,
            "지역구공급총점":0.0,
            "역세권":"NA",
            "30분내 이동가능 거점":"NA",
            "1시간내 이동가능 거점":"NA",
            "교통총점":"NA",
            "백화점":100,
            "아울렛몰":80,
            "대형마트":80,
            "은행":0,
            "병원":10,
            "종합병원":100,
            "공원":100,
            "혐오시설":0,
            "인프라총점":74.0,
            "초등학군":88.12,
            "중학군":44.06,
            "학군총점":52.872,
            "인구수":34.39,
            "인구증감":-14.6,
            "인구총점":19.693,
            "일자리":19.8,
            "소득수준":63.56,
            "일자리총점":32.928,
            "가치 총점":62.593,
            "매매실거래년":20211211.0,
            "매매실거래가":19900.0,
            "전세실거래년":20211104.0,
            "전세실거래가":13500.0,
            "전세가율":67.84,
            "장기전세가율평균":78.75,
            "전세가율거품지수":10.91,
            "검색코드":5458,
            "세대수":1060,
            "준공년월":"1992-11-04",
            "준공년차":31,
            "가까운역이름":"NA",
            "가까운역거리":"NA",
            "역세권여부":"NA",
            "30분이내주요거점역":"NA",
            "1시간이내주요거점역":"NA",
            "3km이내백화점수":1,
            "5km이내아울렛몰수":1,
            "1km이내대형먀트수":1,
            "500m이내은행수":0,
            "500m이내병원수":4,
            "5km이내대형병원수":11,
            "500m이내공원수":2,
            "3km이내혐오시설수":0,
            "초등학교학업성취도":88.12,
            "중학교학업성취도":73.1,
            "용적률":205,
            "건폐율":20,
            "Y":35.137963,
            "X":126.870188,
            "rank":21.0,
            "area_info":"23평(78.65), 30평(101.75)",
            "last_sales":"2021-12-11,19900.0,23평(78.65)"
        },
        {
            "index":272,
            "아파트명":"금호쌍용",
            "투자타입":"일반",
            "전용면적(m2)":"106.94",
            "전용면적(평)":"32평",
            "법정동주소":"광주시 서구 치평동 1171-4",
            "도로명주소":"광주시 서구 치평로 35",
            "세대수":80,
            "입주년차":0,
            "용적률점수":"--",
            "건폐율점수":"--",
            "세대당주차수":80,
            "난방방식":30,
            "공급면적":"--",
            "전용률":"--",
            "욕실수":100,
            "현관타입":100,
            "주거총점":63.0,
            "지역구공급총점":0.0,
            "역세권":"NA",
            "30분내 이동가능 거점":"NA",
            "1시간내 이동가능 거점":"NA",
            "교통총점":"NA",
            "백화점":0,
            "아울렛몰":100,
            "대형마트":80,
            "은행":100,
            "병원":100,
            "종합병원":100,
            "공원":100,
            "혐오시설":0,
            "인프라총점":65.0,
            "초등학군":93.88,
            "중학군":49.2,
            "학군총점":58.136,
            "인구수":34.39,
            "인구증감":-14.6,
            "인구총점":19.693,
            "일자리":19.8,
            "소득수준":63.56,
            "일자리총점":32.928,
            "가치 총점":62.584,
            "매매실거래년":20181219.0,
            "매매실거래가":57200.0,
            "전세실거래년":null,
            "전세실거래가":null,
            "전세가율":null,
            "장기전세가율평균":78.75,
            "전세가율거품지수":null,
            "검색코드":5529,
            "세대수":766,
            "준공년월":"1998-02-25",
            "준공년차":25,
            "가까운역이름":"NA",
            "가까운역거리":"NA",
            "역세권여부":"NA",
            "30분이내주요거점역":"NA",
            "1시간이내주요거점역":"NA",
            "3km이내백화점수":0,
            "5km이내아울렛몰수":2,
            "1km이내대형먀트수":1,
            "500m이내은행수":8,
            "500m이내병원수":85,
            "5km이내대형병원수":8,
            "500m이내공원수":4,
            "3km이내혐오시설수":0,
            "초등학교학업성취도":93.88,
            "중학교학업성취도":81.4,
            "용적률":250,
            "건폐율":19,
            "Y":35.151069,
            "X":126.846323,
            "rank":22.0,
            "area_info":"32평(106.94), 38평(128.21), 45평(149.83), 49평(162.87), 60평(200.08), 60평(200.07)",
            "last_sales":"2018-12-19,57200.0,60평(200.07)"
        },
        {
            "index":166,
            "아파트명":"상무엘리체",
            "투자타입":"일반",
            "전용면적(m2)":"97.59",
            "전용면적(평)":"29평",
            "법정동주소":"광주시 서구 쌍촌동 1380",
            "도로명주소":"광주시 서구 월드컵4강로197번길 12",
            "세대수":50,
            "입주년차":80,
            "용적률점수":"--",
            "건폐율점수":"--",
            "세대당주차수":60,
            "난방방식":30,
            "공급면적":"--",
            "전용률":"--",
            "욕실수":100,
            "현관타입":100,
            "주거총점":65.5,
            "지역구공급총점":0.0,
            "역세권":"NA",
            "30분내 이동가능 거점":"NA",
            "1시간내 이동가능 거점":"NA",
            "교통총점":"NA",
            "백화점":100,
            "아울렛몰":80,
            "대형마트":0,
            "은행":0,
            "병원":30,
            "종합병원":100,
            "공원":100,
            "혐오시설":0,
            "인프라총점":64.0,
            "초등학군":92.51,
            "중학군":46.72,
            "학군총점":55.878,
            "인구수":34.39,
            "인구증감":-14.6,
            "인구총점":19.693,
            "일자리":19.8,
            "소득수준":63.56,
            "일자리총점":32.928,
            "가치 총점":62.4945,
            "매매실거래년":20211016.0,
            "매매실거래가":49000.0,
            "전세실거래년":20220104.0,
            "전세실거래가":28000.0,
            "전세가율":65.12,
            "장기전세가율평균":78.75,
            "전세가율거품지수":13.63,
            "검색코드":114662,
            "세대수":602,
            "준공년월":"2018-09-04",
            "준공년차":5,
            "가까운역이름":"NA",
            "가까운역거리":"NA",
            "역세권여부":"NA",
            "30분이내주요거점역":"NA",
            "1시간이내주요거점역":"NA",
            "3km이내백화점수":1,
            "5km이내아울렛몰수":1,
            "1km이내대형먀트수":0,
            "500m이내은행수":0,
            "500m이내병원수":6,
            "5km이내대형병원수":13,
            "500m이내공원수":4,
            "3km이내혐오시설수":0,
            "초등학교학업성취도":92.51,
            "중학교학업성취도":77.6,
            "용적률":267,
            "건폐율":18,
            "Y":35.154686,
            "X":126.868508,
            "rank":23.0,
            "area_info":"29평(97.59), 34평(112.57), 34평(112.64), 34평(112.57)",
            "last_sales":"2021-10-16,49000.0,34평(112.57)"
        },
        {
            "index":439,
            "아파트명":"삼익맨션2차",
            "투자타입":"재건축",
            "전용면적(m2)":"64.99",
            "전용면적(평)":"19평",
            "법정동주소":"광주시 서구 화정동 178-8",
            "도로명주소":"광주시 서구 죽봉대로 31",
            "세대수":0,
            "입주년차":"--",
            "용적률점수":20,
            "건폐율점수":100,
            "세대당주차수":"--",
            "난방방식":"--",
            "공급면적":50,
            "전용률":60,
            "욕실수":"--",
            "현관타입":"--",
            "주거총점":33.5,
            "지역구공급총점":0.0,
            "역세권":"NA",
            "30분내 이동가능 거점":"NA",
            "1시간내 이동가능 거점":"NA",
            "교통총점":"NA",
            "백화점":100,
            "아울렛몰":80,
            "대형마트":80,
            "은행":100,
            "병원":80,
            "종합병원":100,
            "공원":100,
            "혐오시설":0,
            "인프라총점":91.0,
            "초등학군":87.3,
            "중학군":47.96,
            "학군총점":55.828,
            "인구수":34.39,
            "인구증감":-14.6,
            "인구총점":19.693,
            "일자리":19.8,
            "소득수준":63.56,
            "일자리총점":32.928,
            "가치 총점":62.082,
            "매매실거래년":20211110.0,
            "매매실거래가":50000.0,
            "전세실거래년":20200620.0,
            "전세실거래가":9000.0,
            "전세가율":42.06,
            "장기전세가율평균":78.75,
            "전세가율거품지수":36.69,
            "검색코드":5475,
            "세대수":228,
            "준공년월":"1981-12-08",
            "준공년차":42,
            "가까운역이름":"NA",
            "가까운역거리":"NA",
            "역세권여부":"NA",
            "30분이내주요거점역":"NA",
            "1시간이내주요거점역":"NA",
            "3km이내백화점수":2,
            "5km이내아울렛몰수":1,
            "1km이내대형먀트수":1,
            "500m이내은행수":5,
            "500m이내병원수":38,
            "5km이내대형병원수":15,
            "500m이내공원수":2,
            "3km이내혐오시설수":0,
            "초등학교학업성취도":87.3,
            "중학교학업성취도":79.0,
            "용적률":203,
            "건폐율":17,
            "Y":35.15617,
            "X":126.881801,
            "rank":24.0,
            "area_info":"19평(64.99), 25평(83.05), 41평(137.7)",
            "last_sales":"2021-11-10,50000.0,41평(137.7)"
        },
        {
            "index":518,
            "아파트명":"화정엘리체퍼스티지",
            "투자타입":"일반",
            "전용면적(m2)":"108.47",
            "전용면적(평)":"32평",
            "법정동주소":"광주시 서구 화정동 1706",
            "도로명주소":"광주시 서구 염화로 20",
            "세대수":0,
            "입주년차":100,
            "용적률점수":"--",
            "건폐율점수":"--",
            "세대당주차수":60,
            "난방방식":30,
            "공급면적":"--",
            "전용률":"--",
            "욕실수":100,
            "현관타입":100,
            "주거총점":52.0,
            "지역구공급총점":0.0,
            "역세권":"NA",
            "30분내 이동가능 거점":"NA",
            "1시간내 이동가능 거점":"NA",
            "교통총점":"NA",
            "백화점":100,
            "아울렛몰":80,
            "대형마트":80,
            "은행":0,
            "병원":30,
            "종합병원":100,
            "공원":100,
            "혐오시설":0,
            "인프라총점":76.0,
            "초등학군":88.12,
            "중학군":41.92,
            "학군총점":51.16,
            "인구수":34.39,
            "인구증감":-14.6,
            "인구총점":19.693,
            "일자리":19.8,
            "소득수준":63.56,
            "일자리총점":32.928,
            "가치 총점":61.39,
            "매매실거래년":20211214.0,
            "매매실거래가":72500.0,
            "전세실거래년":20190807.0,
            "전세실거래가":28000.0,
            "전세가율":38.62,
            "장기전세가율평균":78.75,
            "전세가율거품지수":40.13,
            "검색코드":116850,
            "세대수":218,
            "준공년월":"2019-08-08",
            "준공년차":4,
            "가까운역이름":"NA",
            "가까운역거리":"NA",
            "역세권여부":"NA",
            "30분이내주요거점역":"NA",
            "1시간이내주요거점역":"NA",
            "3km이내백화점수":1,
            "5km이내아울렛몰수":1,
            "1km이내대형먀트수":1,
            "500m이내은행수":0,
            "500m이내병원수":7,
            "5km이내대형병원수":12,
            "500m이내공원수":2,
            "3km이내혐오시설수":0,
            "초등학교학업성취도":88.12,
            "중학교학업성취도":69.6,
            "용적률":219,
            "건폐율":20,
            "Y":35.136522,
            "X":126.873508,
            "rank":25.0,
            "area_info":"32평(108.47), 33평(109.79), 42평(139.81), 84평(278.85)",
            "last_sales":"2021-12-14,72500.0,32평(108.47)"
        },
        {
            "index":117,
            "아파트명":"동천마을휴먼시아3단지",
            "투자타입":"일반",
            "전용면적(m2)":"100.67",
            "전용면적(평)":"30평",
            "법정동주소":"광주시 서구 동천동 515",
            "도로명주소":"광주시 서구 동천로18번길 19",
            "세대수":80,
            "입주년차":40,
            "용적률점수":"--",
            "건폐율점수":"--",
            "세대당주차수":30,
            "난방방식":30,
            "공급면적":"--",
            "전용률":"--",
            "욕실수":100,
            "현관타입":50,
            "주거총점":58.5,
            "지역구공급총점":0.0,
            "역세권":"NA",
            "30분내 이동가능 거점":"NA",
            "1시간내 이동가능 거점":"NA",
            "교통총점":"NA",
            "백화점":100,
            "아울렛몰":100,
            "대형마트":0,
            "은행":0,
            "병원":30,
            "종합병원":100,
            "공원":100,
            "혐오시설":0,
            "인프라총점":66.0,
            "초등학군":86.07,
            "중학군":49.86,
            "학군총점":57.102,
            "인구수":34.39,
            "인구증감":-14.6,
            "인구총점":19.693,
            "일자리":19.8,
            "소득수준":63.56,
            "일자리총점":32.928,
            "가치 총점":61.1505,
            "매매실거래년":20220109.0,
            "매매실거래가":34000.0,
            "전세실거래년":20211124.0,
            "전세실거래가":18768.0,
            "전세가율":55.2,
            "장기전세가율평균":78.75,
            "전세가율거품지수":23.55,
            "검색코드":101728,
            "세대수":864,
            "준공년월":"2008-06-16",
            "준공년차":15,
            "가까운역이름":"NA",
            "가까운역거리":"NA",
            "역세권여부":"NA",
            "30분이내주요거점역":"NA",
            "1시간이내주요거점역":"NA",
            "3km이내백화점수":1,
            "5km이내아울렛몰수":2,
            "1km이내대형먀트수":0,
            "500m이내은행수":1,
            "500m이내병원수":9,
            "5km이내대형병원수":14,
            "500m이내공원수":10,
            "3km이내혐오시설수":0,
            "초등학교학업성취도":86.07,
            "중학교학업성취도":82.5,
            "용적률":171,
            "건폐율":14,
            "Y":35.171188,
            "X":126.861561,
            "rank":26.0,
            "area_info":"30평(100.67), 30평(100.98), 31평(103.48), 31평(103.8), 33평(110.25), 33평(110.15), 33평(111.67), 34평(113.4)",
            "last_sales":"2022-01-09,34000.0,30평(100.67)"
        },
        {
            "index":209,
            "아파트명":"중흥S-클래스",
            "투자타입":"일반",
            "전용면적(m2)":"86.08",
            "전용면적(평)":"26평",
            "법정동주소":"광주시 서구 쌍촌동 1337-3",
            "도로명주소":"광주시 서구 상무민주로 104",
            "세대수":50,
            "입주년차":40,
            "용적률점수":"--",
            "건폐율점수":"--",
            "세대당주차수":30,
            "난방방식":30,
            "공급면적":"--",
            "전용률":"--",
            "욕실수":100,
            "현관타입":100,
            "주거총점":53.0,
            "지역구공급총점":0.0,
            "역세권":"NA",
            "30분내 이동가능 거점":"NA",
            "1시간내 이동가능 거점":"NA",
            "교통총점":"NA",
            "백화점":100,
            "아울렛몰":100,
            "대형마트":0,
            "은행":20,
            "병원":30,
            "종합병원":100,
            "공원":100,
            "혐오시설":0,
            "인프라총점":68.0,
            "초등학군":91.27,
            "중학군":52.76,
            "학군총점":60.462,
            "인구수":34.39,
            "인구증감":-14.6,
            "인구총점":19.693,
            "일자리":19.8,
            "소득수준":63.56,
            "일자리총점":32.928,
            "가치 총점":60.8655,
            "매매실거래년":20211112.0,
            "매매실거래가":50500.0,
            "전세실거래년":20211221.0,
            "전세실거래가":25000.0,
            "전세가율":83.33,
            "장기전세가율평균":78.75,
            "전세가율거품지수":-4.58,
            "검색코드":19760,
            "세대수":669,
            "준공년월":"2006-01-31",
            "준공년차":17,
            "가까운역이름":"NA",
            "가까운역거리":"NA",
            "역세권여부":"NA",
            "30분이내주요거점역":"NA",
            "1시간이내주요거점역":"NA",
            "3km이내백화점수":1,
            "5km이내아울렛몰수":2,
            "1km이내대형먀트수":0,
            "500m이내은행수":2,
            "500m이내병원수":9,
            "5km이내대형병원수":12,
            "500m이내공원수":17,
            "3km이내혐오시설수":0,
            "초등학교학업성취도":91.27,
            "중학교학업성취도":87.0,
            "용적률":219,
            "건폐율":19,
            "Y":35.159752,
            "X":126.860864,
            "rank":27.0,
            "area_info":"26평(86.08), 27평(89.32), 35평(115.8), 36평(119.22), 36평(119.35)",
            "last_sales":"2021-11-12,50500.0,36평(119.35)"
        },
        {
            "index":240,
            "아파트명":"상무버들마을주공1단지",
            "투자타입":"일반",
            "전용면적(m2)":"64.58",
            "전용면적(평)":"19평",
            "법정동주소":"광주시 서구 유촌동 864",
            "도로명주소":"광주시 서구 상무버들로40번길 14",
            "세대수":90,
            "입주년차":20,
            "용적률점수":"--",
            "건폐율점수":"--",
            "세대당주차수":30,
            "난방방식":30,
            "공급면적":"--",
            "전용률":"--",
            "욕실수":50,
            "현관타입":100,
            "주거총점":58.0,
            "지역구공급총점":0.0,
            "역세권":"NA",
            "30분내 이동가능 거점":"NA",
            "1시간내 이동가능 거점":"NA",
            "교통총점":"NA",
            "백화점":100,
            "아울렛몰":100,
            "대형마트":0,
            "은행":0,
            "병원":30,
            "종합병원":100,
            "공원":100,
            "혐오시설":0,
            "인프라총점":66.0,
            "초등학군":82.69,
            "중학군":47.96,
            "학군총점":54.906,
            "인구수":34.39,
            "인구증감":-14.6,
            "인구총점":19.693,
            "일자리":19.8,
            "소득수준":63.56,
            "일자리총점":32.928,
            "가치 총점":60.4265,
            "매매실거래년":20211122.0,
            "매매실거래가":25300.0,
            "전세실거래년":20211119.0,
            "전세실거래가":13000.0,
            "전세가율":94.2,
            "장기전세가율평균":78.75,
            "전세가율거품지수":-15.45,
            "검색코드":11309,
            "세대수":937,
            "준공년월":"2000-04-11",
            "준공년차":23,
            "가까운역이름":"NA",
            "가까운역거리":"NA",
            "역세권여부":"NA",
            "30분이내주요거점역":"NA",
            "1시간이내주요거점역":"NA",
            "3km이내백화점수":1,
            "5km이내아울렛몰수":2,
            "1km이내대형먀트수":0,
            "500m이내은행수":0,
            "500m이내병원수":8,
            "5km이내대형병원수":13,
            "500m이내공원수":12,
            "3km이내혐오시설수":0,
            "초등학교학업성취도":82.69,
            "중학교학업성취도":79.4,
            "용적률":233,
            "건폐율":17,
            "Y":35.165896,
            "X":126.860559,
            "rank":28.0,
            "area_info":"19평(64.58), 19평(64.55), 23평(77.38), 28평(94.1), 33평(109.87), 33평(109.73), 33평(109.84)",
            "last_sales":"2021-11-22,25300.0,33평(109.73)"
        },
        {
            "index":328,
            "아파트명":"중흥2단지",
            "투자타입":"일반",
            "전용면적(m2)":"105.37",
            "전용면적(평)":"31평",
            "법정동주소":"광주시 서구 치평동 1168-1",
            "도로명주소":"광주시 서구 치평로 77",
            "세대수":90,
            "입주년차":0,
            "용적률점수":"--",
            "건폐율점수":"--",
            "세대당주차수":30,
            "난방방식":30,
            "공급면적":"--",
            "전용률":"--",
            "욕실수":100,
            "현관타입":100,
            "주거총점":59.0,
            "지역구공급총점":0.0,
            "역세권":"NA",
            "30분내 이동가능 거점":"NA",
            "1시간내 이동가능 거점":"NA",
            "교통총점":"NA",
            "백화점":0,
            "아울렛몰":100,
            "대형마트":80,
            "은행":100,
            "병원":80,
            "종합병원":100,
            "공원":100,
            "혐오시설":0,
            "인프라총점":63.0,
            "초등학군":93.88,
            "중학군":49.2,
            "학군총점":58.136,
            "인구수":34.39,
            "인구증감":-14.6,
            "인구총점":19.693,
            "일자리":19.8,
            "소득수준":63.56,
            "일자리총점":32.928,
            "가치 총점":60.384,
            "매매실거래년":20211123.0,
            "매매실거래가":49000.0,
            "전세실거래년":20220113.0,
            "전세실거래가":35000.0,
            "전세가율":71.43,
            "장기전세가율평균":78.75,
            "전세가율거품지수":7.32,
            "검색코드":5537,
            "세대수":1108,
            "준공년월":"1997-12-27",
            "준공년차":26,
            "가까운역이름":"NA",
            "가까운역거리":"NA",
            "역세권여부":"NA",
            "30분이내주요거점역":"NA",
            "1시간이내주요거점역":"NA",
            "3km이내백화점수":0,
            "5km이내아울렛몰수":2,
            "1km이내대형먀트수":1,
            "500m이내은행수":8,
            "500m이내병원수":51,
            "5km이내대형병원수":10,
            "500m이내공원수":5,
            "3km이내혐오시설수":0,
            "초등학교학업성취도":93.88,
            "중학교학업성취도":81.4,
            "용적률":235,
            "건폐율":22,
            "Y":35.154393,
            "X":126.846079,
            "rank":29.0,
            "area_info":"31평(105.37)",
            "last_sales":"2021-11-23,49000.0,31평(105.37)"
        },
        {
            "index":443,
            "아파트명":"염주맨션",
            "투자타입":"재건축",
            "전용면적(m2)":"54.54",
            "전용면적(평)":"16평",
            "법정동주소":"광주시 서구 화정동 830",
            "도로명주소":"광주시 서구 염화로 152",
            "세대수":0,
            "입주년차":"--",
            "용적률점수":100,
            "건폐율점수":80,
            "세대당주차수":"--",
            "난방방식":"--",
            "공급면적":50,
            "전용률":100,
            "욕실수":"--",
            "현관타입":"--",
            "주거총점":63.5,
            "지역구공급총점":0.0,
            "역세권":"NA",
            "30분내 이동가능 거점":"NA",
            "1시간내 이동가능 거점":"NA",
            "교통총점":"NA",
            "백화점":100,
            "아울렛몰":80,
            "대형마트":0,
            "은행":0,
            "병원":30,
            "종합병원":100,
            "공원":100,
            "혐오시설":0,
            "인프라총점":64.0,
            "초등학군":90.98,
            "중학군":37.54,
            "학군총점":48.228,
            "인구수":34.39,
            "인구증감":-14.6,
            "인구총점":19.693,
            "일자리":19.8,
            "소득수준":63.56,
            "일자리총점":32.928,
            "가치 총점":59.882,
            "매매실거래년":20211119.0,
            "매매실거래가":23400.0,
            "전세실거래년":20210712.0,
            "전세실거래가":8000.0,
            "전세가율":47.62,
            "장기전세가율평균":78.75,
            "전세가율거품지수":31.13,
            "검색코드":5502,
            "세대수":261,
            "준공년월":"1983-12-16",
            "준공년차":40,
            "가까운역이름":"NA",
            "가까운역거리":"NA",
            "역세권여부":"NA",
            "30분이내주요거점역":"NA",
            "1시간이내주요거점역":"NA",
            "3km이내백화점수":1,
            "5km이내아울렛몰수":1,
            "1km이내대형먀트수":0,
            "500m이내은행수":1,
            "500m이내병원수":8,
            "5km이내대형병원수":13,
            "500m이내공원수":11,
            "3km이내혐오시설수":0,
            "초등학교학업성취도":90.98,
            "중학교학업성취도":62.1,
            "용적률":127,
            "건폐율":26,
            "Y":35.141961,
            "X":126.881402,
            "rank":30.0,
            "area_info":"16평(54.54), 19평(66.07), 23평(76.87)",
            "last_sales":"2021-11-19,23400.0,19평(66.07)"
        },
        {
            "index":156,
            "아파트명":"광명하이츠타운",
            "투자타입":"재건축",
            "전용면적(m2)":"103.87",
            "전용면적(평)":"31평",
            "법정동주소":"광주시 서구 쌍촌동 96",
            "도로명주소":"광주시 서구 내방로251번길 10",
            "세대수":90,
            "입주년차":"--",
            "용적률점수":0,
            "건폐율점수":100,
            "세대당주차수":"--",
            "난방방식":"--",
            "공급면적":90,
            "전용률":80,
            "욕실수":"--",
            "현관타입":"--",
            "주거총점":55.5,
            "지역구공급총점":0.0,
            "역세권":"NA",
            "30분내 이동가능 거점":"NA",
            "1시간내 이동가능 거점":"NA",
            "교통총점":"NA",
            "백화점":100,
            "아울렛몰":80,
            "대형마트":0,
            "은행":20,
            "병원":30,
            "종합병원":100,
            "공원":100,
            "혐오시설":0,
            "인프라총점":66.0,
            "초등학군":92.51,
            "중학군":46.72,
            "학군총점":55.878,
            "인구수":34.39,
            "인구증감":-14.6,
            "인구총점":19.693,
            "일자리":19.8,
            "소득수준":63.56,
            "일자리총점":32.928,
            "가치 총점":59.7945,
            "매매실거래년":20211228.0,
            "매매실거래가":32700.0,
            "전세실거래년":20211129.0,
            "전세실거래가":11800.0,
            "전세가율":70.66,
            "장기전세가율평균":78.75,
            "전세가율거품지수":8.09,
            "검색코드":5549,
            "세대수":942,
            "준공년월":"1992-12-30",
            "준공년차":31,
            "가까운역이름":"NA",
            "가까운역거리":"NA",
            "역세권여부":"NA",
            "30분이내주요거점역":"NA",
            "1시간이내주요거점역":"NA",
            "3km이내백화점수":1,
            "5km이내아울렛몰수":1,
            "1km이내대형먀트수":0,
            "500m이내은행수":2,
            "500m이내병원수":9,
            "5km이내대형병원수":12,
            "500m이내공원수":5,
            "3km이내혐오시설수":0,
            "초등학교학업성취도":92.51,
            "중학교학업성취도":77.6,
            "용적률":295,
            "건폐율":17,
            "Y":35.159807,
            "X":126.866791,
            "rank":31.0,
            "area_info":"31평(103.87), 32평(108.17), 49평(163.47), 54평(180.29)",
            "last_sales":"2021-12-28,32700.0,54평(180.29)"
        },
        {
            "index":81,
            "아파트명":"내방마을주공",
            "투자타입":"일반",
            "전용면적(m2)":"53.77",
            "전용면적(평)":"16평",
            "법정동주소":"광주시 서구 내방동 848",
            "도로명주소":"광주시 서구 화운로193번길 25",
            "세대수":90,
            "입주년차":20,
            "용적률점수":"--",
            "건폐율점수":"--",
            "세대당주차수":0,
            "난방방식":30,
            "공급면적":"--",
            "전용률":"--",
            "욕실수":50,
            "현관타입":10,
            "주거총점":44.5,
            "지역구공급총점":0.0,
            "역세권":"NA",
            "30분내 이동가능 거점":"NA",
            "1시간내 이동가능 거점":"NA",
            "교통총점":"NA",
            "백화점":100,
            "아울렛몰":80,
            "대형마트":80,
            "은행":0,
            "병원":30,
            "종합병원":100,
            "공원":100,
            "혐오시설":0,
            "인프라총점":76.0,
            "초등학군":87.3,
            "중학군":46.72,
            "학군총점":54.836,
            "인구수":34.39,
            "인구증감":-14.6,
            "인구총점":19.693,
            "일자리":19.8,
            "소득수준":63.56,
            "일자리총점":32.928,
            "가치 총점":59.684,
            "매매실거래년":20211214.0,
            "매매실거래가":30000.0,
            "전세실거래년":20211126.0,
            "전세실거래가":9900.0,
            "전세가율":92.96,
            "장기전세가율평균":78.75,
            "전세가율거품지수":-14.21,
            "검색코드":100940,
            "세대수":1210,
            "준공년월":"2002-09-23",
            "준공년차":21,
            "가까운역이름":"NA",
            "가까운역거리":"NA",
            "역세권여부":"NA",
            "30분이내주요거점역":"NA",
            "1시간이내주요거점역":"NA",
            "3km이내백화점수":1,
            "5km이내아울렛몰수":1,
            "1km이내대형먀트수":1,
            "500m이내은행수":0,
            "500m이내병원수":8,
            "5km이내대형병원수":14,
            "500m이내공원수":2,
            "3km이내혐오시설수":0,
            "초등학교학업성취도":87.3,
            "중학교학업성취도":77.6,
            "용적률":231,
            "건폐율":19,
            "Y":35.155276,
            "X":126.872912,
            "rank":32.0,
            "area_info":"16평(53.77), 20평(67.89), 24평(79.7), 24평(79.86), 24평(79.73), 34평(113.26), 34평(113.15)",
            "last_sales":"2021-12-14,30000.0,34평(113.15)"
        },
        {
            "index":409,
            "아파트명":"꽃담마을e-편한세상",
            "투자타입":"일반",
            "전용면적(m2)":"153.13",
            "전용면적(평)":"46평",
            "법정동주소":"광주시 서구 화정동 400-16",
            "도로명주소":"광주시 서구 금화로 293",
            "세대수":30,
            "입주년차":40,
            "용적률점수":"--",
            "건폐율점수":"--",
            "세대당주차수":80,
            "난방방식":30,
            "공급면적":"--",
            "전용률":"--",
            "욕실수":100,
            "현관타입":50,
            "주거총점":48.5,
            "지역구공급총점":0.0,
            "역세권":"NA",
            "30분내 이동가능 거점":"NA",
            "1시간내 이동가능 거점":"NA",
            "교통총점":"NA",
            "백화점":100,
            "아울렛몰":80,
            "대형마트":80,
            "은행":0,
            "병원":30,
            "종합병원":100,
            "공원":100,
            "혐오시설":0,
            "인프라총점":76.0,
            "초등학군":90.98,
            "중학군":37.54,
            "학군총점":48.228,
            "인구수":34.39,
            "인구증감":-14.6,
            "인구총점":19.693,
            "일자리":19.8,
            "소득수준":63.56,
            "일자리총점":32.928,
            "가치 총점":59.432,
            "매매실거래년":20211104.0,
            "매매실거래가":91500.0,
            "전세실거래년":20210407.0,
            "전세실거래가":39000.0,
            "전세가율":57.1,
            "장기전세가율평균":78.75,
            "전세가율거품지수":21.65,
            "검색코드":17465,
            "세대수":377,
            "준공년월":"2006-02-16",
            "준공년차":17,
            "가까운역이름":"NA",
            "가까운역거리":"NA",
            "역세권여부":"NA",
            "30분이내주요거점역":"NA",
            "1시간이내주요거점역":"NA",
            "3km이내백화점수":1,
            "5km이내아울렛몰수":1,
            "1km이내대형먀트수":1,
            "500m이내은행수":0,
            "500m이내병원수":6,
            "5km이내대형병원수":12,
            "500m이내공원수":5,
            "3km이내혐오시설수":0,
            "초등학교학업성취도":90.98,
            "중학교학업성취도":62.1,
            "용적률":272,
            "건폐율":14,
            "Y":35.139163,
            "X":126.879048,
            "rank":33.0,
            "area_info":"46평(153.13), 55평(185.1), 67평(221.53)",
            "last_sales":"2021-11-04,91500.0,67평(221.53)"
        },
        {
            "index":227,
            "아파트명":"삼익맨션",
            "투자타입":"재건축",
            "전용면적(m2)":"82.18",
            "전용면적(평)":"24평",
            "법정동주소":"광주시 서구 양동 61-3",
            "도로명주소":"광주시 서구 천변좌로 282",
            "세대수":0,
            "입주년차":"--",
            "용적률점수":100,
            "건폐율점수":100,
            "세대당주차수":"--",
            "난방방식":"--",
            "공급면적":70,
            "전용률":60,
            "욕실수":"--",
            "현관타입":"--",
            "주거총점":66.5,
            "지역구공급총점":0.0,
            "역세권":"NA",
            "30분내 이동가능 거점":"NA",
            "1시간내 이동가능 거점":"NA",
            "교통총점":"NA",
            "백화점":100,
            "아울렛몰":80,
            "대형마트":0,
            "은행":20,
            "병원":10,
            "종합병원":100,
            "공원":0,
            "혐오시설":0,
            "인프라총점":61.0,
            "초등학군":83.15,
            "중학군":37.9,
            "학군총점":46.95,
            "인구수":34.39,
            "인구증감":-14.6,
            "인구총점":19.693,
            "일자리":19.8,
            "소득수준":63.56,
            "일자리총점":32.928,
            "가치 총점":59.4125,
            "매매실거래년":20211012.0,
            "매매실거래가":16700.0,
            "전세실거래년":20210125.0,
            "전세실거래가":9000.0,
            "전세가율":53.89,
            "장기전세가율평균":78.75,
            "전세가율거품지수":24.86,
            "검색코드":5446,
            "세대수":216,
            "준공년월":"1978-05-03",
            "준공년차":45,
            "가까운역이름":"NA",
            "가까운역거리":"NA",
            "역세권여부":"NA",
            "30분이내주요거점역":"NA",
            "1시간이내주요거점역":"NA",
            "3km이내백화점수":2,
            "5km이내아울렛몰수":1,
            "1km이내대형먀트수":0,
            "500m이내은행수":2,
            "500m이내병원수":3,
            "5km이내대형병원수":15,
            "500m이내공원수":0,
            "3km이내혐오시설수":0,
            "초등학교학업성취도":83.15,
            "중학교학업성취도":62.7,
            "용적률":134,
            "건폐율":14,
            "Y":35.151445,
            "X":126.905253,
            "rank":34.0,
            "area_info":"24평(82.18), 34평(113.19)",
            "last_sales":"2021-10-12,16700.0,24평(82.18)"
        },
        {
            "index":514,
            "아파트명":"화정동도나우프리",
            "투자타입":"일반",
            "전용면적(m2)":"66.34",
            "전용면적(평)":"20평",
            "법정동주소":"광주시 서구 화정동 1708",
            "도로명주소":"광주시 서구 화운로 224",
            "세대수":30,
            "입주년차":100,
            "용적률점수":"--",
            "건폐율점수":"--",
            "세대당주차수":0,
            "난방방식":30,
            "공급면적":"--",
            "전용률":"--",
            "욕실수":50,
            "현관타입":100,
            "주거총점":48.5,
            "지역구공급총점":0.0,
            "역세권":"NA",
            "30분내 이동가능 거점":"NA",
            "1시간내 이동가능 거점":"NA",
            "교통총점":"NA",
            "백화점":100,
            "아울렛몰":80,
            "대형마트":80,
            "은행":0,
            "병원":10,
            "종합병원":100,
            "공원":0,
            "혐오시설":0,
            "인프라총점":71.0,
            "초등학군":87.3,
            "중학군":46.72,
            "학군총점":54.836,
            "인구수":34.39,
            "인구증감":-14.6,
            "인구총점":19.693,
            "일자리":19.8,
            "소득수준":63.56,
            "일자리총점":32.928,
            "가치 총점":59.084,
            "매매실거래년":"18000101",
            "매매실거래가":null,
            "전세실거래년":20220114.0,
            "전세실거래가":14595.0,
            "전세가율":null,
            "장기전세가율평균":78.75,
            "전세가율거품지수":null,
            "검색코드":130416,
            "세대수":301,
            "준공년월":"2019-12-30",
            "준공년차":4,
            "가까운역이름":"NA",
            "가까운역거리":"NA",
            "역세권여부":"NA",
            "30분이내주요거점역":"NA",
            "1시간이내주요거점역":"NA",
            "3km이내백화점수":1,
            "5km이내아울렛몰수":1,
            "1km이내대형먀트수":1,
            "500m이내은행수":1,
            "500m이내병원수":4,
            "5km이내대형병원수":14,
            "500m이내공원수":0,
            "3km이내혐오시설수":0,
            "초등학교학업성취도":87.3,
            "중학교학업성취도":77.6,
            "용적률":632,
            "건폐율":72,
            "Y":35.159215,
            "X":126.87736,
            "rank":35.0,
            "area_info":"20평(66.34), 20평(66.33), 21평(69.76), 32평(105.96)",
            "last_sales":"1800-01-01,nan,20평(66.34)"
        },
        {
            "index":324,
            "아파트명":"중흥1차",
            "투자타입":"일반",
            "전용면적(m2)":"130.13",
            "전용면적(평)":"39평",
            "법정동주소":"광주시 서구 치평동 1168-9",
            "도로명주소":"광주시 서구 상무자유로 105",
            "세대수":50,
            "입주년차":0,
            "용적률점수":"--",
            "건폐율점수":"--",
            "세대당주차수":80,
            "난방방식":30,
            "공급면적":"--",
            "전용률":"--",
            "욕실수":100,
            "현관타입":100,
            "주거총점":52.5,
            "지역구공급총점":0.0,
            "역세권":"NA",
            "30분내 이동가능 거점":"NA",
            "1시간내 이동가능 거점":"NA",
            "교통총점":"NA",
            "백화점":0,
            "아울렛몰":100,
            "대형마트":80,
            "은행":100,
            "병원":100,
            "종합병원":100,
            "공원":100,
            "혐오시설":0,
            "인프라총점":65.0,
            "초등학군":93.88,
            "중학군":49.2,
            "학군총점":58.136,
            "인구수":34.39,
            "인구증감":-14.6,
            "인구총점":19.693,
            "일자리":19.8,
            "소득수준":63.56,
            "일자리총점":32.928,
            "가치 총점":58.909,
            "매매실거래년":20211108.0,
            "매매실거래가":90000.0,
            "전세실거래년":20210727.0,
            "전세실거래가":36000.0,
            "전세가율":66.67,
            "장기전세가율평균":78.75,
            "전세가율거품지수":12.08,
            "검색코드":5535,
            "세대수":470,
            "준공년월":"1997-12-27",
            "준공년차":26,
            "가까운역이름":"NA",
            "가까운역거리":"NA",
            "역세권여부":"NA",
            "30분이내주요거점역":"NA",
            "1시간이내주요거점역":"NA",
            "3km이내백화점수":0,
            "5km이내아울렛몰수":2,
            "1km이내대형먀트수":1,
            "500m이내은행수":7,
            "500m이내병원수":60,
            "5km이내대형병원수":9,
            "500m이내공원수":5,
            "3km이내혐오시설수":0,
            "초등학교학업성취도":93.88,
            "중학교학업성취도":81.4,
            "용적률":250,
            "건폐율":21,
            "Y":35.152544,
            "X":126.845073,
            "rank":36.0,
            "area_info":"39평(130.13), 45평(150.45), 48평(160.3), 56평(186.46)",
            "last_sales":"2021-11-08,90000.0,56평(186.46)"
        },
        {
            "index":457,
            "아파트명":"우성2차",
            "투자타입":"재건축",
            "전용면적(m2)":"70.22",
            "전용면적(평)":"21평",
            "법정동주소":"광주시 서구 화정동 858-1",
            "도로명주소":"광주시 서구 염화로40번길 6",
            "세대수":50,
            "입주년차":"--",
            "용적률점수":20,
            "건폐율점수":80,
            "세대당주차수":"--",
            "난방방식":"--",
            "공급면적":50,
            "전용률":60,
            "욕실수":"--",
            "현관타입":"--",
            "주거총점":44.5,
            "지역구공급총점":0.0,
            "역세권":"NA",
            "30분내 이동가능 거점":"NA",
            "1시간내 이동가능 거점":"NA",
            "교통총점":"NA",
            "백화점":100,
            "아울렛몰":80,
            "대형마트":80,
            "은행":0,
            "병원":30,
            "종합병원":100,
            "공원":100,
            "혐오시설":0,
            "인프라총점":76.0,
            "초등학군":88.12,
            "중학군":41.92,
            "학군총점":51.16,
            "인구수":34.39,
            "인구증감":-14.6,
            "인구총점":19.693,
            "일자리":19.8,
            "소득수준":63.56,
            "일자리총점":32.928,
            "가치 총점":58.765,
            "매매실거래년":20211119.0,
            "매매실거래가":24400.0,
            "전세실거래년":20211120.0,
            "전세실거래가":10000.0,
            "전세가율":52.63,
            "장기전세가율평균":78.75,
            "전세가율거품지수":26.12,
            "검색코드":5485,
            "세대수":499,
            "준공년월":"1987-11-24",
            "준공년차":36,
            "가까운역이름":"NA",
            "가까운역거리":"NA",
            "역세권여부":"NA",
            "30분이내주요거점역":"NA",
            "1시간이내주요거점역":"NA",
            "3km이내백화점수":1,
            "5km이내아울렛몰수":1,
            "1km이내대형먀트수":1,
            "500m이내은행수":0,
            "500m이내병원수":9,
            "5km이내대형병원수":12,
            "500m이내공원수":5,
            "3km이내혐오시설수":0,
            "초등학교학업성취도":88.12,
            "중학교학업성취도":69.6,
            "용적률":211,
            "건폐율":21,
            "Y":35.137687,
            "X":126.873505,
            "rank":37.0,
            "area_info":"21평(70.22), 24평(81.06)",
            "last_sales":"2021-11-19,24400.0,24평(81.06)"
        },
        {
            "index":247,
            "아파트명":"상무버들마을주공2단지",
            "투자타입":"일반",
            "전용면적(m2)":"67.35",
            "전용면적(평)":"20평",
            "법정동주소":"광주시 서구 유촌동 871",
            "도로명주소":"광주시 서구 상무버들로 15",
            "세대수":90,
            "입주년차":0,
            "용적률점수":"--",
            "건폐율점수":"--",
            "세대당주차수":0,
            "난방방식":30,
            "공급면적":"--",
            "전용률":"--",
            "욕실수":50,
            "현관타입":100,
            "주거총점":49.5,
            "지역구공급총점":0.0,
            "역세권":"NA",
            "30분내 이동가능 거점":"NA",
            "1시간내 이동가능 거점":"NA",
            "교통총점":"NA",
            "백화점":100,
            "아울렛몰":100,
            "대형마트":0,
            "은행":0,
            "병원":60,
            "종합병원":100,
            "공원":100,
            "혐오시설":0,
            "인프라총점":69.0,
            "초등학군":82.69,
            "중학군":47.96,
            "학군총점":54.906,
            "인구수":34.39,
            "인구증감":-14.6,
            "인구총점":19.693,
            "일자리":19.8,
            "소득수준":63.56,
            "일자리총점":32.928,
            "가치 총점":58.6515,
            "매매실거래년":20220114.0,
            "매매실거래가":17400.0,
            "전세실거래년":20220103.0,
            "전세실거래가":13500.0,
            "전세가율":86.54,
            "장기전세가율평균":78.75,
            "전세가율거품지수":-7.79,
            "검색코드":16690,
            "세대수":1298,
            "준공년월":"1997-07-07",
            "준공년차":26,
            "가까운역이름":"NA",
            "가까운역거리":"NA",
            "역세권여부":"NA",
            "30분이내주요거점역":"NA",
            "1시간이내주요거점역":"NA",
            "3km이내백화점수":1,
            "5km이내아울렛몰수":2,
            "1km이내대형먀트수":0,
            "500m이내은행수":1,
            "500m이내병원수":10,
            "5km이내대형병원수":12,
            "500m이내공원수":13,
            "3km이내혐오시설수":0,
            "초등학교학업성취도":82.69,
            "중학교학업성취도":79.4,
            "용적률":230,
            "건폐율":18,
            "Y":35.163688,
            "X":126.86149,
            "rank":38.0,
            "area_info":"20평(67.35), 20평(67.05), 24평(80.84), 24평(80.78)",
            "last_sales":"2022-01-14,17400.0,24평(80.84)"
        },
        {
            "index":173,
            "아파트명":"상무한국아델리움",
            "투자타입":"일반",
            "전용면적(m2)":"110.2",
            "전용면적(평)":"33평",
            "법정동주소":"광주시 서구 쌍촌동 1385",
            "도로명주소":"광주시 서구 내방로241번길 10",
            "세대수":0,
            "입주년차":100,
            "용적률점수":"--",
            "건폐율점수":"--",
            "세대당주차수":60,
            "난방방식":30,
            "공급면적":"--",
            "전용률":"--",
            "욕실수":100,
            "현관타입":100,
            "주거총점":52.0,
            "지역구공급총점":0.0,
            "역세권":"NA",
            "30분내 이동가능 거점":"NA",
            "1시간내 이동가능 거점":"NA",
            "교통총점":"NA",
            "백화점":100,
            "아울렛몰":80,
            "대형마트":0,
            "은행":20,
            "병원":30,
            "종합병원":100,
            "공원":100,
            "혐오시설":0,
            "인프라총점":66.0,
            "초등학군":92.51,
            "중학군":46.72,
            "학군총점":55.878,
            "인구수":34.39,
            "인구증감":-14.6,
            "인구총점":19.693,
            "일자리":19.8,
            "소득수준":63.56,
            "일자리총점":32.928,
            "가치 총점":58.5695,
            "매매실거래년":20211227.0,
            "매매실거래가":54000.0,
            "전세실거래년":20200214.0,
            "전세실거래가":32000.0,
            "전세가율":59.26,
            "장기전세가율평균":78.75,
            "전세가율거품지수":19.49,
            "검색코드":121865,
            "세대수":267,
            "준공년월":"2019-06-01",
            "준공년차":4,
            "가까운역이름":"NA",
            "가까운역거리":"NA",
            "역세권여부":"NA",
            "30분이내주요거점역":"NA",
            "1시간이내주요거점역":"NA",
            "3km이내백화점수":1,
            "5km이내아울렛몰수":1,
            "1km이내대형먀트수":0,
            "500m이내은행수":2,
            "500m이내병원수":9,
            "5km이내대형병원수":12,
            "500m이내공원수":5,
            "3km이내혐오시설수":0,
            "초등학교학업성취도":92.51,
            "중학교학업성취도":77.6,
            "용적률":239,
            "건폐율":25,
            "Y":35.158256,
            "X":126.867109,
            "rank":39.0,
            "area_info":"33평(110.2), 33평(111.82), 33평(111.15)",
            "last_sales":"2021-12-27,54000.0,33평(110.2)"
        },
        {
            "index":510,
            "아파트명":"화정대주피오레",
            "투자타입":"일반",
            "전용면적(m2)":"153.76",
            "전용면적(평)":"46평",
            "법정동주소":"광주시 서구 화정동 350-14",
            "도로명주소":"광주시 서구 화정로 126",
            "세대수":0,
            "입주년차":40,
            "용적률점수":"--",
            "건폐율점수":"--",
            "세대당주차수":80,
            "난방방식":30,
            "공급면적":"--",
            "전용률":"--",
            "욕실수":100,
            "현관타입":100,
            "주거총점":43.0,
            "지역구공급총점":0.0,
            "역세권":"NA",
            "30분내 이동가능 거점":"NA",
            "1시간내 이동가능 거점":"NA",
            "교통총점":"NA",
            "백화점":100,
            "아울렛몰":80,
            "대형마트":0,
            "은행":70,
            "병원":80,
            "종합병원":100,
            "공원":100,
            "혐오시설":0,
            "인프라총점":76.0,
            "초등학군":90.0,
            "중학군":41.92,
            "학군총점":51.536,
            "인구수":34.39,
            "인구증감":-14.6,
            "인구총점":19.693,
            "일자리":19.8,
            "소득수준":63.56,
            "일자리총점":32.928,
            "가치 총점":58.334,
            "매매실거래년":20220109.0,
            "매매실거래가":59000.0,
            "전세실거래년":20111111.0,
            "전세실거래가":20000.0,
            "전세가율":40.82,
            "장기전세가율평균":78.75,
            "전세가율거품지수":37.93,
            "검색코드":24660,
            "세대수":218,
            "준공년월":"2007-12-28",
            "준공년차":16,
            "가까운역이름":"NA",
            "가까운역거리":"NA",
            "역세권여부":"NA",
            "30분이내주요거점역":"NA",
            "1시간이내주요거점역":"NA",
            "3km이내백화점수":1,
            "5km이내아울렛몰수":1,
            "1km이내대형먀트수":0,
            "500m이내은행수":3,
            "500m이내병원수":31,
            "5km이내대형병원수":12,
            "500m이내공원수":9,
            "3km이내혐오시설수":0,
            "초등학교학업성취도":90.0,
            "중학교학업성취도":69.6,
            "용적률":269,
            "건폐율":21,
            "Y":35.144603,
            "X":126.870809,
            "rank":40.0,
            "area_info":"46평(153.76), 49평(165.24), 56평(187.22), 66평(219.1)",
            "last_sales":"2022-01-09,59000.0,49평(165.24)"
        },
        {
            "index":214,
            "아파트명":"현대",
            "투자타입":"일반",
            "전용면적(m2)":"78.27",
            "전용면적(평)":"23평",
            "법정동주소":"광주시 서구 쌍촌동 155",
            "도로명주소":"광주시 서구 내방로240번길 10",
            "세대수":80,
            "입주년차":0,
            "용적률점수":"--",
            "건폐율점수":"--",
            "세대당주차수":0,
            "난방방식":100,
            "공급면적":"--",
            "전용률":"--",
            "욕실수":50,
            "현관타입":100,
            "주거총점":53.0,
            "지역구공급총점":0.0,
            "역세권":"NA",
            "30분내 이동가능 거점":"NA",
            "1시간내 이동가능 거점":"NA",
            "교통총점":"NA",
            "백화점":100,
            "아울렛몰":80,
            "대형마트":0,
            "은행":0,
            "병원":30,
            "종합병원":100,
            "공원":100,
            "혐오시설":0,
            "인프라총점":64.0,
            "초등학군":92.51,
            "중학군":46.72,
            "학군총점":55.878,
            "인구수":34.39,
            "인구증감":-14.6,
            "인구총점":19.693,
            "일자리":19.8,
            "소득수준":63.56,
            "일자리총점":32.928,
            "가치 총점":58.1195,
            "매매실거래년":20211206.0,
            "매매실거래가":34000.0,
            "전세실거래년":20211102.0,
            "전세실거래가":13500.0,
            "전세가율":79.41,
            "장기전세가율평균":78.75,
            "전세가율거품지수":-0.66,
            "검색코드":5562,
            "세대수":820,
            "준공년월":"1997-06-25",
            "준공년차":26,
            "가까운역이름":"NA",
            "가까운역거리":"NA",
            "역세권여부":"NA",
            "30분이내주요거점역":"NA",
            "1시간이내주요거점역":"NA",
            "3km이내백화점수":1,
            "5km이내아울렛몰수":1,
            "1km이내대형먀트수":0,
            "500m이내은행수":1,
            "500m이내병원수":7,
            "5km이내대형병원수":12,
            "500m이내공원수":6,
            "3km이내혐오시설수":0,
            "초등학교학업성취도":92.51,
            "중학교학업성취도":77.6,
            "용적률":17,
            "건폐율":18,
            "Y":35.156604,
            "X":126.866473,
            "rank":41.0,
            "area_info":"23평(78.27), 32평(105.97), 48평(158.92)",
            "last_sales":"2021-12-06,34000.0,48평(158.92)"
        },
        {
            "index":114,
            "아파트명":"동천마을휴먼시아2단지",
            "투자타입":"일반",
            "전용면적(m2)":"98.28",
            "전용면적(평)":"29평",
            "법정동주소":"광주시 서구 동천동 506",
            "도로명주소":"광주시 서구 동천로 11",
            "세대수":50,
            "입주년차":40,
            "용적률점수":"--",
            "건폐율점수":"--",
            "세대당주차수":30,
            "난방방식":30,
            "공급면적":"--",
            "전용률":"--",
            "욕실수":100,
            "현관타입":100,
            "주거총점":53.0,
            "지역구공급총점":0.0,
            "역세권":"NA",
            "30분내 이동가능 거점":"NA",
            "1시간내 이동가능 거점":"NA",
            "교통총점":"NA",
            "백화점":100,
            "아울렛몰":100,
            "대형마트":0,
            "은행":0,
            "병원":10,
            "종합병원":100,
            "공원":100,
            "혐오시설":0,
            "인프라총점":64.0,
            "초등학군":86.07,
            "중학군":47.96,
            "학군총점":55.582,
            "인구수":34.39,
            "인구증감":-14.6,
            "인구총점":19.693,
            "일자리":19.8,
            "소득수준":63.56,
            "일자리총점":32.928,
            "가치 총점":58.0455,
            "매매실거래년":20211105.0,
            "매매실거래가":37200.0,
            "전세실거래년":20211002.0,
            "전세실거래가":29000.0,
            "전세가율":90.62,
            "장기전세가율평균":78.75,
            "전세가율거품지수":-11.87,
            "검색코드":101787,
            "세대수":698,
            "준공년월":"2007-02-26",
            "준공년차":16,
            "가까운역이름":"NA",
            "가까운역거리":"NA",
            "역세권여부":"NA",
            "30분이내주요거점역":"NA",
            "1시간이내주요거점역":"NA",
            "3km이내백화점수":1,
            "5km이내아울렛몰수":2,
            "1km이내대형먀트수":0,
            "500m이내은행수":0,
            "500m이내병원수":2,
            "5km이내대형병원수":12,
            "500m이내공원수":11,
            "3km이내혐오시설수":0,
            "초등학교학업성취도":86.07,
            "중학교학업성취도":79.4,
            "용적률":167,
            "건폐율":16,
            "Y":35.169669,
            "X":126.858245,
            "rank":42.0,
            "area_info":"29평(98.28), 33평(110.71), 33평(110.69)",
            "last_sales":"2021-11-05,37200.0,33평(110.69)"
        },
        {
            "index":508,
            "아파트명":"화정고운하이플러스",
            "투자타입":"일반",
            "전용면적(m2)":"95.47",
            "전용면적(평)":"28평",
            "법정동주소":"광주시 서구 화정동 1701",
            "도로명주소":"광주시 서구 화운로99번길 20",
            "세대수":0,
            "입주년차":80,
            "용적률점수":"--",
            "건폐율점수":"--",
            "세대당주차수":30,
            "난방방식":30,
            "공급면적":"--",
            "전용률":"--",
            "욕실수":100,
            "현관타입":100,
            "주거총점":43.5,
            "지역구공급총점":0.0,
            "역세권":"NA",
            "30분내 이동가능 거점":"NA",
            "1시간내 이동가능 거점":"NA",
            "교통총점":"NA",
            "백화점":100,
            "아울렛몰":80,
            "대형마트":0,
            "은행":70,
            "병원":60,
            "종합병원":100,
            "공원":0,
            "혐오시설":0,
            "인프라총점":71.0,
            "초등학군":89.39,
            "중학군":47.96,
            "학군총점":56.246,
            "인구수":34.39,
            "인구증감":-14.6,
            "인구총점":19.693,
            "일자리":19.8,
            "소득수준":63.56,
            "일자리총점":32.928,
            "가치 총점":57.6865,
            "매매실거래년":20211104.0,
            "매매실거래가":42150.0,
            "전세실거래년":20200619.0,
            "전세실거래가":21000.0,
            "전세가율":54.12,
            "장기전세가율평균":78.75,
            "전세가율거품지수":24.63,
            "검색코드":108495,
            "세대수":188,
            "준공년월":"2014-04-22",
            "준공년차":9,
            "가까운역이름":"NA",
            "가까운역거리":"NA",
            "역세권여부":"NA",
            "30분이내주요거점역":"NA",
            "1시간이내주요거점역":"NA",
            "3km이내백화점수":1,
            "5km이내아울렛몰수":1,
            "1km이내대형먀트수":0,
            "500m이내은행수":3,
            "500m이내병원수":16,
            "5km이내대형병원수":14,
            "500m이내공원수":0,
            "3km이내혐오시설수":0,
            "초등학교학업성취도":89.39,
            "중학교학업성취도":79.0,
            "용적률":168,
            "건폐율":20,
            "Y":35.149335,
            "X":126.877625,
            "rank":43.0,
            "area_info":"28평(95.47), 34평(112.77)",
            "last_sales":"2021-11-04,42150.0,34평(112.77)"
        },
        {
            "index":251,
            "아파트명":"상무버들마을호반리젠시빌",
            "투자타입":"일반",
            "전용면적(m2)":"112.87",
            "전용면적(평)":"34평",
            "법정동주소":"광주시 서구 유촌동 852",
            "도로명주소":"광주시 서구 상무버들로 45",
            "세대수":50,
            "입주년차":20,
            "용적률점수":"--",
            "건폐율점수":"--",
            "세대당주차수":30,
            "난방방식":30,
            "공급면적":"--",
            "전용률":"--",
            "욕실수":100,
            "현관타입":100,
            "주거총점":49.0,
            "지역구공급총점":0.0,
            "역세권":"NA",
            "30분내 이동가능 거점":"NA",
            "1시간내 이동가능 거점":"NA",
            "교통총점":"NA",
            "백화점":100,
            "아울렛몰":100,
            "대형마트":0,
            "은행":0,
            "병원":30,
            "종합병원":100,
            "공원":100,
            "혐오시설":0,
            "인프라총점":66.0,
            "초등학군":90.54,
            "중학군":47.96,
            "학군총점":56.476,
            "인구수":34.39,
            "인구증감":-14.6,
            "인구총점":19.693,
            "일자리":19.8,
            "소득수준":63.56,
            "일자리총점":32.928,
            "가치 총점":57.669,
            "매매실거래년":20211203.0,
            "매매실거래가":34250.0,
            "전세실거래년":20211028.0,
            "전세실거래가":21000.0,
            "전세가율":61.31,
            "장기전세가율평균":78.75,
            "전세가율거품지수":17.44,
            "검색코드":100944,
            "세대수":425,
            "준공년월":"2001-01-22",
            "준공년차":22,
            "가까운역이름":"NA",
            "가까운역거리":"NA",
            "역세권여부":"NA",
            "30분이내주요거점역":"NA",
            "1시간이내주요거점역":"NA",
            "3km이내백화점수":1,
            "5km이내아울렛몰수":2,
            "1km이내대형먀트수":0,
            "500m이내은행수":0,
            "500m이내병원수":7,
            "5km이내대형병원수":13,
            "500m이내공원수":15,
            "3km이내혐오시설수":0,
            "초등학교학업성취도":90.54,
            "중학교학업성취도":79.4,
            "용적률":223,
            "건폐율":15,
            "Y":35.163936,
            "X":126.85815,
            "rank":44.0,
            "area_info":"34평(112.87)",
            "last_sales":"2021-12-03,34250.0,34평(112.87)"
        },
        {
            "index":160,
            "아파트명":"광천모아엘가",
            "투자타입":"일반",
            "전용면적(m2)":"100.06",
            "전용면적(평)":"30평",
            "법정동주소":"광주시 서구 쌍촌동 1389",
            "도로명주소":"광주시 서구 칠성로 89",
            "세대수":0,
            "입주년차":100,
            "용적률점수":"--",
            "건폐율점수":"--",
            "세대당주차수":60,
            "난방방식":30,
            "공급면적":"--",
            "전용률":"--",
            "욕실수":100,
            "현관타입":100,
            "주거총점":52.0,
            "지역구공급총점":0.0,
            "역세권":"NA",
            "30분내 이동가능 거점":"NA",
            "1시간내 이동가능 거점":"NA",
            "교통총점":"NA",
            "백화점":100,
            "아울렛몰":100,
            "대형마트":0,
            "은행":0,
            "병원":0,
            "종합병원":100,
            "공원":100,
            "혐오시설":0,
            "인프라총점":63.0,
            "초등학군":82.69,
            "중학군":49.86,
            "학군총점":56.426,
            "인구수":34.39,
            "인구증감":-14.6,
            "인구총점":19.693,
            "일자리":19.8,
            "소득수준":63.56,
            "일자리총점":32.928,
            "가치 총점":57.5065,
            "매매실거래년":"18000101",
            "매매실거래가":null,
            "전세실거래년":null,
            "전세실거래가":null,
            "전세가율":null,
            "장기전세가율평균":78.75,
            "전세가율거품지수":null,
            "검색코드":133242,
            "세대수":244,
            "준공년월":"2021-06-01",
            "준공년차":2,
            "가까운역이름":"NA",
            "가까운역거리":"NA",
            "역세권여부":"NA",
            "30분이내주요거점역":"NA",
            "1시간이내주요거점역":"NA",
            "3km이내백화점수":1,
            "5km이내아울렛몰수":2,
            "1km이내대형먀트수":0,
            "500m이내은행수":0,
            "500m이내병원수":0,
            "5km이내대형병원수":14,
            "500m이내공원수":2,
            "3km이내혐오시설수":0,
            "초등학교학업성취도":82.69,
            "중학교학업성취도":82.5,
            "용적률":218,
            "건폐율":17,
            "Y":35.166934,
            "X":126.867116,
            "rank":45.0,
            "area_info":"30평(100.06)",
            "last_sales":"1800-01-01,nan,30평(100.06)"
        },
        {
            "index":217,
            "아파트명":"호반리젠시빌",
            "투자타입":"일반",
            "전용면적(m2)":"109.8",
            "전용면적(평)":"33평",
            "법정동주소":"광주시 서구 쌍촌동 1337-2",
            "도로명주소":"광주시 서구 상일로 53",
            "세대수":50,
            "입주년차":20,
            "용적률점수":"--",
            "건폐율점수":"--",
            "세대당주차수":30,
            "난방방식":30,
            "공급면적":"--",
            "전용률":"--",
            "욕실수":100,
            "현관타입":100,
            "주거총점":49.0,
            "지역구공급총점":0.0,
            "역세권":"NA",
            "30분내 이동가능 거점":"NA",
            "1시간내 이동가능 거점":"NA",
            "교통총점":"NA",
            "백화점":100,
            "아울렛몰":80,
            "대형마트":0,
            "은행":20,
            "병원":30,
            "종합병원":100,
            "공원":100,
            "혐오시설":0,
            "인프라총점":66.0,
            "초등학군":91.27,
            "중학군":46.72,
            "학군총점":55.63,
            "인구수":34.39,
            "인구증감":-14.6,
            "인구총점":19.693,
            "일자리":19.8,
            "소득수준":63.56,
            "일자리총점":32.928,
            "가치 총점":57.4575,
            "매매실거래년":20211219.0,
            "매매실거래가":39700.0,
            "전세실거래년":20210815.0,
            "전세실거래가":25200.0,
            "전세가율":63.48,
            "장기전세가율평균":78.75,
            "전세가율거품지수":15.27,
            "검색코드":101038,
            "세대수":471,
            "준공년월":"2002-05-25",
            "준공년차":21,
            "가까운역이름":"NA",
            "가까운역거리":"NA",
            "역세권여부":"NA",
            "30분이내주요거점역":"NA",
            "1시간이내주요거점역":"NA",
            "3km이내백화점수":1,
            "5km이내아울렛몰수":1,
            "1km이내대형먀트수":0,
            "500m이내은행수":2,
            "500m이내병원수":9,
            "5km이내대형병원수":11,
            "500m이내공원수":17,
            "3km이내혐오시설수":0,
            "초등학교학업성취도":91.27,
            "중학교학업성취도":77.6,
            "용적률":211,
            "건폐율":17,
            "Y":35.160082,
            "X":126.862451,
            "rank":46.0,
            "area_info":"33평(109.8)",
            "last_sales":"2021-12-19,39700.0,33평(109.8)"
        },
        {
            "index":284,
            "아파트명":"상무SK뷰",
            "투자타입":"일반",
            "전용면적(m2)":"52.37",
            "전용면적(평)":"15평",
            "법정동주소":"광주시 서구 치평동 1331",
            "도로명주소":"광주시 서구 마륵복개로 140",
            "세대수":50,
            "입주년차":80,
            "용적률점수":"--",
            "건폐율점수":"--",
            "세대당주차수":60,
            "난방방식":30,
            "공급면적":"--",
            "전용률":"--",
            "욕실수":50,
            "현관타입":100,
            "주거총점":60.5,
            "지역구공급총점":0.0,
            "역세권":"NA",
            "30분내 이동가능 거점":"NA",
            "1시간내 이동가능 거점":"NA",
            "교통총점":"NA",
            "백화점":0,
            "아울렛몰":80,
            "대형마트":80,
            "은행":70,
            "병원":100,
            "종합병원":100,
            "공원":100,
            "혐오시설":0,
            "인프라총점":60.0,
            "초등학군":86.79,
            "중학군":39.6,
            "학군총점":49.038,
            "인구수":34.39,
            "인구증감":-14.6,
            "인구총점":19.693,
            "일자리":19.8,
            "소득수준":63.56,
            "일자리총점":32.928,
            "가치 총점":57.4345,
            "매매실거래년":20211209.0,
            "매매실거래가":98000.0,
            "전세실거래년":20211222.0,
            "전세실거래가":20000.0,
            "전세가율":76.92,
            "장기전세가율평균":78.75,
            "전세가율거품지수":1.83,
            "검색코드":108340,
            "세대수":536,
            "준공년월":"2016-01-28",
            "준공년차":7,
            "가까운역이름":"NA",
            "가까운역거리":"NA",
            "역세권여부":"NA",
            "30분이내주요거점역":"NA",
            "1시간이내주요거점역":"NA",
            "3km이내백화점수":0,
            "5km이내아울렛몰수":1,
            "1km이내대형먀트수":1,
            "500m이내은행수":3,
            "500m이내병원수":61,
            "5km이내대형병원수":8,
            "500m이내공원수":2,
            "3km이내혐오시설수":0,
            "초등학교학업성취도":86.79,
            "중학교학업성취도":65.6,
            "용적률":337,
            "건폐율":20,
            "Y":35.147231,
            "X":126.851261,
            "rank":47.0,
            "area_info":"15평(52.37), 24평(79.6), 33평(111.64), 33평(111.15), 33평(112.19), 45평(150.32), 45평(150.39)",
            "last_sales":"2021-12-09,98000.0,45평(150.39)"
        },
        {
            "index":451,
            "아파트명":"우미(859-2)",
            "투자타입":"재건축",
            "전용면적(m2)":"101.88",
            "전용면적(평)":"30평",
            "법정동주소":"광주시 서구 화정동 859-2",
            "도로명주소":"광주시 서구 월드컵4강로28번길 14",
            "세대수":0,
            "입주년차":"--",
            "용적률점수":20,
            "건폐율점수":100,
            "세대당주차수":"--",
            "난방방식":"--",
            "공급면적":90,
            "전용률":80,
            "욕실수":"--",
            "현관타입":"--",
            "주거총점":36.5,
            "지역구공급총점":0.0,
            "역세권":"NA",
            "30분내 이동가능 거점":"NA",
            "1시간내 이동가능 거점":"NA",
            "교통총점":"NA",
            "백화점":100,
            "아울렛몰":80,
            "대형마트":80,
            "은행":0,
            "병원":60,
            "종합병원":100,
            "공원":100,
            "혐오시설":0,
            "인프라총점":79.0,
            "초등학군":90.98,
            "중학군":41.92,
            "학군총점":51.732,
            "인구수":34.39,
            "인구증감":-14.6,
            "인구총점":19.693,
            "일자리":19.8,
            "소득수준":63.56,
            "일자리총점":32.928,
            "가치 총점":57.308,
            "매매실거래년":20211216.0,
            "매매실거래가":22900.0,
            "전세실거래년":20200515.0,
            "전세실거래가":15800.0,
            "전세가율":68.7,
            "장기전세가율평균":78.75,
            "전세가율거품지수":10.05,
            "검색코드":5483,
            "세대수":297,
            "준공년월":"1990-10-26",
            "준공년차":33,
            "가까운역이름":"NA",
            "가까운역거리":"NA",
            "역세권여부":"NA",
            "30분이내주요거점역":"NA",
            "1시간이내주요거점역":"NA",
            "3km이내백화점수":1,
            "5km이내아울렛몰수":1,
            "1km이내대형먀트수":1,
            "500m이내은행수":1,
            "500m이내병원수":21,
            "5km이내대형병원수":12,
            "500m이내공원수":8,
            "3km이내혐오시설수":0,
            "초등학교학업성취도":90.98,
            "중학교학업성취도":69.6,
            "용적률":214,
            "건폐율":17,
            "Y":35.139821,
            "X":126.878096,
            "rank":48.0,
            "area_info":"30평(101.88), 30평(102.21), 30평(102.02), 42평(139.59)",
            "last_sales":"2021-12-16,22900.0,30평(102.21)"
        },
        {
            "index":162,
            "아파트명":"명지맨션",
            "투자타입":"재건축",
            "전용면적(m2)":"93.63",
            "전용면적(평)":"28평",
            "법정동주소":"광주시 서구 쌍촌동 966-2",
            "도로명주소":"광주시 서구 상무대로 899-1",
            "세대수":0,
            "입주년차":"--",
            "용적률점수":0,
            "건폐율점수":80,
            "세대당주차수":"--",
            "난방방식":"--",
            "공급면적":70,
            "전용률":100,
            "욕실수":"--",
            "현관타입":"--",
            "주거총점":24.5,
            "지역구공급총점":0.0,
            "역세권":"NA",
            "30분내 이동가능 거점":"NA",
            "1시간내 이동가능 거점":"NA",
            "교통총점":"NA",
            "백화점":100,
            "아울렛몰":80,
            "대형마트":80,
            "은행":70,
            "병원":60,
            "종합병원":100,
            "공원":100,
            "혐오시설":0,
            "인프라총점":86.0,
            "초등학군":92.51,
            "중학군":47.12,
            "학군총점":56.198,
            "인구수":34.39,
            "인구증감":-14.6,
            "인구총점":19.693,
            "일자리":19.8,
            "소득수준":63.56,
            "일자리총점":32.928,
            "가치 총점":57.0245,
            "매매실거래년":20211121.0,
            "매매실거래가":17200.0,
            "전세실거래년":20170420.0,
            "전세실거래가":11500.0,
            "전세가율":66.86,
            "장기전세가율평균":78.75,
            "전세가율거품지수":11.89,
            "검색코드":5554,
            "세대수":110,
            "준공년월":"1985-11-12",
            "준공년차":38,
            "가까운역이름":"NA",
            "가까운역거리":"NA",
            "역세권여부":"NA",
            "30분이내주요거점역":"NA",
            "1시간이내주요거점역":"NA",
            "3km이내백화점수":1,
            "5km이내아울렛몰수":1,
            "1km이내대형먀트수":1,
            "500m이내은행수":3,
            "500m이내병원수":20,
            "5km이내대형병원수":9,
            "500m이내공원수":6,
            "3km이내혐오시설수":0,
            "초등학교학업성취도":92.51,
            "중학교학업성취도":78.2,
            "용적률":297,
            "건폐율":29,
            "Y":35.151203,
            "X":126.859469,
            "rank":49.0,
            "area_info":"28평(93.63)",
            "last_sales":"2021-11-21,17200.0,28평(93.63)"
        },
        {
            "index":151,
            "아파트명":"가도스타디움2차(도시형)",
            "투자타입":"일반",
            "전용면적(m2)":"27.15",
            "전용면적(평)":"8평",
            "법정동주소":"광주시 서구 쌍촌동 531-1",
            "도로명주소":"광주시 서구 화정로49번길 38",
            "세대수":0,
            "입주년차":80,
            "용적률점수":"--",
            "건폐율점수":"--",
            "세대당주차수":0,
            "난방방식":30,
            "공급면적":"--",
            "전용률":"--",
            "욕실수":50,
            "현관타입":10,
            "주거총점":25.0,
            "지역구공급총점":0.0,
            "역세권":"NA",
            "30분내 이동가능 거점":"NA",
            "1시간내 이동가능 거점":"NA",
            "교통총점":"NA",
            "백화점":100,
            "아울렛몰":80,
            "대형마트":80,
            "은행":70,
            "병원":60,
            "종합병원":100,
            "공원":100,
            "혐오시설":0,
            "인프라총점":86.0,
            "초등학군":83.76,
            "중학군":47.12,
            "학군총점":54.448,
            "인구수":34.39,
            "인구증감":-14.6,
            "인구총점":19.693,
            "일자리":19.8,
            "소득수준":63.56,
            "일자리총점":32.928,
            "가치 총점":56.762,
            "매매실거래년":20140210.0,
            "매매실거래가":6300.0,
            "전세실거래년":null,
            "전세실거래가":null,
            "전세가율":null,
            "장기전세가율평균":78.75,
            "전세가율거품지수":null,
            "검색코드":106038,
            "세대수":159,
            "준공년월":"2014-03-13",
            "준공년차":9,
            "가까운역이름":"NA",
            "가까운역거리":"NA",
            "역세권여부":"NA",
            "30분이내주요거점역":"NA",
            "1시간이내주요거점역":"NA",
            "3km이내백화점수":1,
            "5km이내아울렛몰수":1,
            "1km이내대형먀트수":1,
            "500m이내은행수":3,
            "500m이내병원수":11,
            "5km이내대형병원수":12,
            "500m이내공원수":9,
            "3km이내혐오시설수":0,
            "초등학교학업성취도":83.76,
            "중학교학업성취도":78.2,
            "용적률":146,
            "건폐율":46,
            "Y":35.148015,
            "X":126.861697,
            "rank":50.0,
            "area_info":"8평(27.15), 10평(33.28), 11평(37.72), 16평(55.67)",
            "last_sales":"2014-02-10,6300.0,8평(27.15)"
        },
        {
            "index":200,
            "아파트명":"우미아트빌",
            "투자타입":"일반",
            "전용면적(m2)":"99.92",
            "전용면적(평)":"30평",
            "법정동주소":"광주시 서구 쌍촌동 1337",
            "도로명주소":"광주시 서구 상무민주로 120",
            "세대수":50,
            "입주년차":20,
            "용적률점수":"--",
            "건폐율점수":"--",
            "세대당주차수":0,
            "난방방식":30,
            "공급면적":"--",
            "전용률":"--",
            "욕실수":50,
            "현관타입":100,
            "주거총점":39.5,
            "지역구공급총점":0.0,
            "역세권":"NA",
            "30분내 이동가능 거점":"NA",
            "1시간내 이동가능 거점":"NA",
            "교통총점":"NA",
            "백화점":100,
            "아울렛몰":100,
            "대형마트":0,
            "은행":20,
            "병원":60,
            "종합병원":100,
            "공원":100,
            "혐오시설":0,
            "인프라총점":71.0,
            "초등학군":91.27,
            "중학군":47.96,
            "학군총점":56.622,
            "인구수":34.39,
            "인구증감":-14.6,
            "인구총점":19.693,
            "일자리":19.8,
            "소득수준":63.56,
            "일자리총점":32.928,
            "가치 총점":56.3805,
            "매매실거래년":20211213.0,
            "매매실거래가":42650.0,
            "전세실거래년":20210909.0,
            "전세실거래가":23000.0,
            "전세가율":84.25,
            "장기전세가율평균":78.75,
            "전세가율거품지수":-5.5,
            "검색코드":12813,
            "세대수":653,
            "준공년월":"2002-11-28",
            "준공년차":21,
            "가까운역이름":"NA",
            "가까운역거리":"NA",
            "역세권여부":"NA",
            "30분이내주요거점역":"NA",
            "1시간이내주요거점역":"NA",
            "3km이내백화점수":1,
            "5km이내아울렛몰수":2,
            "1km이내대형먀트수":0,
            "500m이내은행수":2,
            "500m이내병원수":15,
            "5km이내대형병원수":12,
            "500m이내공원수":15,
            "3km이내혐오시설수":0,
            "초등학교학업성취도":91.27,
            "중학교학업성취도":79.4,
            "용적률":234,
            "건폐율":19,
            "Y":35.160976,
            "X":126.860683,
            "rank":51.0,
            "area_info":"30평(99.92), 30평(100.94), 35평(118.23), 37평(123.22)",
            "last_sales":"2021-12-13,42650.0,37평(123.22)"
        },
        {
            "index":163,
            "아파트명":"모아제일",
            "투자타입":"일반",
            "전용면적(m2)":"104.98",
            "전용면적(평)":"31평",
            "법정동주소":"광주시 서구 쌍촌동 1282",
            "도로명주소":"광주시 서구 상일로 37",
            "세대수":50,
            "입주년차":0,
            "용적률점수":"--",
            "건폐율점수":"--",
            "세대당주차수":30,
            "난방방식":30,
            "공급면적":"--",
            "전용률":"--",
            "욕실수":100,
            "현관타입":100,
            "주거총점":45.0,
            "지역구공급총점":0.0,
            "역세권":"NA",
            "30분내 이동가능 거점":"NA",
            "1시간내 이동가능 거점":"NA",
            "교통총점":"NA",
            "백화점":100,
            "아울렛몰":80,
            "대형마트":0,
            "은행":20,
            "병원":30,
            "종합병원":100,
            "공원":100,
            "혐오시설":0,
            "인프라총점":66.0,
            "초등학군":91.27,
            "중학군":46.72,
            "학군총점":55.63,
            "인구수":34.39,
            "인구증감":-14.6,
            "인구총점":19.693,
            "일자리":19.8,
            "소득수준":63.56,
            "일자리총점":32.928,
            "가치 총점":56.0575,
            "매매실거래년":20210921.0,
            "매매실거래가":24500.0,
            "전세실거래년":20210917.0,
            "전세실거래가":29000.0,
            "전세가율":118.37,
            "장기전세가율평균":78.75,
            "전세가율거품지수":-39.62,
            "검색코드":5555,
            "세대수":480,
            "준공년월":"1998-03-06",
            "준공년차":25,
            "가까운역이름":"NA",
            "가까운역거리":"NA",
            "역세권여부":"NA",
            "30분이내주요거점역":"NA",
            "1시간이내주요거점역":"NA",
            "3km이내백화점수":1,
            "5km이내아울렛몰수":1,
            "1km이내대형먀트수":0,
            "500m이내은행수":2,
            "500m이내병원수":8,
            "5km이내대형병원수":10,
            "500m이내공원수":17,
            "3km이내혐오시설수":0,
            "초등학교학업성취도":91.27,
            "중학교학업성취도":77.6,
            "용적률":234,
            "건폐율":19,
            "Y":35.158881,
            "X":126.862183,
            "rank":52.0,
            "area_info":"31평(104.98)",
            "last_sales":"2021-09-21,24500.0,31평(104.98)"
        },
        {
            "index":488,
            "아파트명":"태영",
            "투자타입":"재건축",
            "전용면적(m2)":"73.42",
            "전용면적(평)":"22평",
            "법정동주소":"광주시 서구 화정동 858-3",
            "도로명주소":"광주시 서구 염화로40번길 20-1",
            "세대수":50,
            "입주년차":"--",
            "용적률점수":0,
            "건폐율점수":80,
            "세대당주차수":"--",
            "난방방식":"--",
            "공급면적":50,
            "전용률":60,
            "욕실수":"--",
            "현관타입":"--",
            "주거총점":36.5,
            "지역구공급총점":0.0,
            "역세권":"NA",
            "30분내 이동가능 거점":"NA",
            "1시간내 이동가능 거점":"NA",
            "교통총점":"NA",
            "백화점":100,
            "아울렛몰":80,
            "대형마트":80,
            "은행":0,
            "병원":30,
            "종합병원":100,
            "공원":100,
            "혐오시설":0,
            "인프라총점":76.0,
            "초등학군":88.12,
            "중학군":41.92,
            "학군총점":51.16,
            "인구수":34.39,
            "인구증감":-14.6,
            "인구총점":19.693,
            "일자리":19.8,
            "소득수준":63.56,
            "일자리총점":32.928,
            "가치 총점":55.965,
            "매매실거래년":20211013.0,
            "매매실거래가":17500.0,
            "전세실거래년":20211202.0,
            "전세실거래가":10000.0,
            "전세가율":57.14,
            "장기전세가율평균":78.75,
            "전세가율거품지수":21.61,
            "검색코드":5503,
            "세대수":410,
            "준공년월":"1989-11-15",
            "준공년차":34,
            "가까운역이름":"NA",
            "가까운역거리":"NA",
            "역세권여부":"NA",
            "30분이내주요거점역":"NA",
            "1시간이내주요거점역":"NA",
            "3km이내백화점수":1,
            "5km이내아울렛몰수":1,
            "1km이내대형먀트수":1,
            "500m이내은행수":0,
            "500m이내병원수":8,
            "5km이내대형병원수":12,
            "500m이내공원수":5,
            "3km이내혐오시설수":0,
            "초등학교학업성취도":88.12,
            "중학교학업성취도":69.6,
            "용적률":221,
            "건폐율":20,
            "Y":35.137651,
            "X":126.875481,
            "rank":53.0,
            "area_info":"22평(73.42), 24평(80.49)",
            "last_sales":"2021-10-13,17500.0,22평(73.42)"
        },
        {
            "index":425,
            "아파트명":"모아",
            "투자타입":"재건축",
            "전용면적(m2)":"93.93",
            "전용면적(평)":"28평",
            "법정동주소":"광주시 서구 화정동 896-1",
            "도로명주소":"광주시 서구 화정로 135",
            "세대수":50,
            "입주년차":"--",
            "용적률점수":0,
            "건폐율점수":80,
            "세대당주차수":"--",
            "난방방식":"--",
            "공급면적":70,
            "전용률":80,
            "욕실수":"--",
            "현관타입":"--",
            "주거총점":38.5,
            "지역구공급총점":0.0,
            "역세권":"NA",
            "30분내 이동가능 거점":"NA",
            "1시간내 이동가능 거점":"NA",
            "교통총점":"NA",
            "백화점":100,
            "아울렛몰":80,
            "대형마트":0,
            "은행":70,
            "병원":60,
            "종합병원":100,
            "공원":100,
            "혐오시설":0,
            "인프라총점":74.0,
            "초등학군":89.39,
            "중학군":41.92,
            "학군총점":51.414,
            "인구수":34.39,
            "인구증감":-14.6,
            "인구총점":19.693,
            "일자리":19.8,
            "소득수준":63.56,
            "일자리총점":32.928,
            "가치 총점":55.9285,
            "매매실거래년":20211220.0,
            "매매실거래가":26900.0,
            "전세실거래년":20170511.0,
            "전세실거래가":13500.0,
            "전세가율":69.23,
            "장기전세가율평균":78.75,
            "전세가율거품지수":9.52,
            "검색코드":5462,
            "세대수":449,
            "준공년월":"1992-05-09",
            "준공년차":31,
            "가까운역이름":"NA",
            "가까운역거리":"NA",
            "역세권여부":"NA",
            "30분이내주요거점역":"NA",
            "1시간이내주요거점역":"NA",
            "3km이내백화점수":1,
            "5km이내아울렛몰수":1,
            "1km이내대형먀트수":0,
            "500m이내은행수":3,
            "500m이내병원수":29,
            "5km이내대형병원수":12,
            "500m이내공원수":9,
            "3km이내혐오시설수":0,
            "초등학교학업성취도":89.39,
            "중학교학업성취도":69.6,
            "용적률":273,
            "건폐율":23,
            "Y":35.145871,
            "X":126.871527,
            "rank":54.0,
            "area_info":"28평(93.93), 30평(100.82), 32평(108.35)",
            "last_sales":"2021-12-20,26900.0,32평(108.35)"
        },
        {
            "index":493,
            "아파트명":"해광샹그릴라센트럴337",
            "투자타입":"일반",
            "전용면적(m2)":"75.5",
            "전용면적(평)":"22평",
            "법정동주소":"광주시 서구 화정동 23-20",
            "도로명주소":"광주시 서구 내방로 337",
            "세대수":0,
            "입주년차":80,
            "용적률점수":"--",
            "건폐율점수":"--",
            "세대당주차수":30,
            "난방방식":30,
            "공급면적":"--",
            "전용률":"--",
            "욕실수":50,
            "현관타입":100,
            "주거총점":38.5,
            "지역구공급총점":0.0,
            "역세권":"NA",
            "30분내 이동가능 거점":"NA",
            "1시간내 이동가능 거점":"NA",
            "교통총점":"NA",
            "백화점":100,
            "아울렛몰":80,
            "대형마트":80,
            "은행":0,
            "병원":10,
            "종합병원":100,
            "공원":0,
            "혐오시설":0,
            "인프라총점":71.0,
            "초등학군":87.3,
            "중학군":47.96,
            "학군총점":55.828,
            "인구수":34.39,
            "인구증감":-14.6,
            "인구총점":19.693,
            "일자리":19.8,
            "소득수준":63.56,
            "일자리총점":32.928,
            "가치 총점":55.832,
            "매매실거래년":20211215.0,
            "매매실거래가":25900.0,
            "전세실거래년":20211121.0,
            "전세실거래가":18500.0,
            "전세가율":94.87,
            "장기전세가율평균":78.75,
            "전세가율거품지수":-16.12,
            "검색코드":111169,
            "세대수":285,
            "준공년월":"2017-07-28",
            "준공년차":6,
            "가까운역이름":"NA",
            "가까운역거리":"NA",
            "역세권여부":"NA",
            "30분이내주요거점역":"NA",
            "1시간이내주요거점역":"NA",
            "3km이내백화점수":1,
            "5km이내아울렛몰수":1,
            "1km이내대형먀트수":1,
            "500m이내은행수":1,
            "500m이내병원수":3,
            "5km이내대형병원수":15,
            "500m이내공원수":0,
            "3km이내혐오시설수":0,
            "초등학교학업성취도":87.3,
            "중학교학업성취도":79.0,
            "용적률":599,
            "건폐율":66,
            "Y":35.157698,
            "X":126.877506,
            "rank":55.0,
            "area_info":"22평(75.5), 23평(77.37), 32평(106.9), 33평(110.06), 33평(110.56)",
            "last_sales":"2021-12-15,25900.0,33평(110.06)"
        },
        {
            "index":282,
            "아파트명":"라인대주",
            "투자타입":"일반",
            "전용면적(m2)":"78.45",
            "전용면적(평)":"23평",
            "법정동주소":"광주시 서구 치평동 1171-6",
            "도로명주소":"광주시 서구 치평로 15",
            "세대수":80,
            "입주년차":0,
            "용적률점수":"--",
            "건폐율점수":"--",
            "세대당주차수":0,
            "난방방식":30,
            "공급면적":"--",
            "전용률":"--",
            "욕실수":50,
            "현관타입":100,
            "주거총점":46.0,
            "지역구공급총점":0.0,
            "역세권":"NA",
            "30분내 이동가능 거점":"NA",
            "1시간내 이동가능 거점":"NA",
            "교통총점":"NA",
            "백화점":0,
            "아울렛몰":80,
            "대형마트":80,
            "은행":100,
            "병원":100,
            "종합병원":100,
            "공원":100,
            "혐오시설":0,
            "인프라총점":63.0,
            "초등학군":93.36,
            "중학군":49.2,
            "학군총점":58.032,
            "인구수":34.39,
            "인구증감":-14.6,
            "인구총점":19.693,
            "일자리":19.8,
            "소득수준":63.56,
            "일자리총점":32.928,
            "가치 총점":55.808,
            "매매실거래년":20211209.0,
            "매매실거래가":34100.0,
            "전세실거래년":20211125.0,
            "전세실거래가":16500.0,
            "전세가율":48.39,
            "장기전세가율평균":78.75,
            "전세가율거품지수":30.36,
            "검색코드":5545,
            "세대수":760,
            "준공년월":"1997-12-31",
            "준공년차":26,
            "가까운역이름":"NA",
            "가까운역거리":"NA",
            "역세권여부":"NA",
            "30분이내주요거점역":"NA",
            "1시간이내주요거점역":"NA",
            "3km이내백화점수":0,
            "5km이내아울렛몰수":1,
            "1km이내대형먀트수":1,
            "500m이내은행수":6,
            "500m이내병원수":73,
            "5km이내대형병원수":8,
            "500m이내공원수":4,
            "3km이내혐오시설수":0,
            "초등학교학업성취도":93.36,
            "중학교학업성취도":81.4,
            "용적률":221,
            "건폐율":20,
            "Y":35.148613,
            "X":126.845875,
            "rank":56.0,
            "area_info":"23평(78.45), 25평(83.25)",
            "last_sales":"2021-12-09,34100.0,23평(78.45)"
        },
        {
            "index":180,
            "아파트명":"성우",
            "투자타입":"일반",
            "전용면적(m2)":"122.8",
            "전용면적(평)":"37평",
            "법정동주소":"광주시 서구 쌍촌동 891-2",
            "도로명주소":"광주시 서구 마륵복개로 164",
            "세대수":0,
            "입주년차":20,
            "용적률점수":"--",
            "건폐율점수":"--",
            "세대당주차수":30,
            "난방방식":30,
            "공급면적":"--",
            "전용률":"--",
            "욕실수":100,
            "현관타입":100,
            "주거총점":31.5,
            "지역구공급총점":0.0,
            "역세권":"NA",
            "30분내 이동가능 거점":"NA",
            "1시간내 이동가능 거점":"NA",
            "교통총점":"NA",
            "백화점":100,
            "아울렛몰":80,
            "대형마트":80,
            "은행":20,
            "병원":60,
            "종합병원":100,
            "공원":100,
            "혐오시설":0,
            "인프라총점":81.0,
            "초등학군":86.79,
            "중학군":39.6,
            "학군총점":49.038,
            "인구수":34.39,
            "인구증감":-14.6,
            "인구총점":19.693,
            "일자리":19.8,
            "소득수준":63.56,
            "일자리총점":32.928,
            "가치 총점":55.6845,
            "매매실거래년":20211230.0,
            "매매실거래가":34500.0,
            "전세실거래년":20210225.0,
            "전세실거래가":23000.0,
            "전세가율":66.67,
            "장기전세가율평균":78.75,
            "전세가율거품지수":12.08,
            "검색코드":104818,
            "세대수":143,
            "준공년월":"2003-10-28",
            "준공년차":20,
            "가까운역이름":"NA",
            "가까운역거리":"NA",
            "역세권여부":"NA",
            "30분이내주요거점역":"NA",
            "1시간이내주요거점역":"NA",
            "3km이내백화점수":1,
            "5km이내아울렛몰수":1,
            "1km이내대형먀트수":1,
            "500m이내은행수":2,
            "500m이내병원수":13,
            "5km이내대형병원수":9,
            "500m이내공원수":2,
            "3km이내혐오시설수":0,
            "초등학교학업성취도":86.79,
            "중학교학업성취도":65.6,
            "용적률":262,
            "건폐율":18,
            "Y":35.146533,
            "X":126.854596,
            "rank":57.0,
            "area_info":"37평(122.8)",
            "last_sales":"2021-12-30,34500.0,37평(122.8)"
        },
        {
            "index":382,
            "아파트명":"호반중흥",
            "투자타입":"일반",
            "전용면적(m2)":"78.63",
            "전용면적(평)":"23평",
            "법정동주소":"광주시 서구 풍암동 1048",
            "도로명주소":"광주시 서구 풍암순환로 10",
            "세대수":90,
            "입주년차":20,
            "용적률점수":"--",
            "건폐율점수":"--",
            "세대당주차수":0,
            "난방방식":30,
            "공급면적":"--",
            "전용률":"--",
            "욕실수":50,
            "현관타입":100,
            "주거총점":53.5,
            "지역구공급총점":0.0,
            "역세권":"NA",
            "30분내 이동가능 거점":"NA",
            "1시간내 이동가능 거점":"NA",
            "교통총점":"NA",
            "백화점":0,
            "아울렛몰":80,
            "대형마트":80,
            "은행":70,
            "병원":60,
            "종합병원":100,
            "공원":100,
            "혐오시설":0,
            "인프라총점":56.0,
            "초등학군":87.89,
            "중학군":50.8,
            "학군총점":58.218,
            "인구수":34.39,
            "인구증감":-14.6,
            "인구총점":19.693,
            "일자리":19.8,
            "소득수준":63.56,
            "일자리총점":32.928,
            "가치 총점":55.6795,
            "매매실거래년":20220107.0,
            "매매실거래가":17500.0,
            "전세실거래년":20220107.0,
            "전세실거래가":12500.0,
            "전세가율":71.43,
            "장기전세가율평균":78.75,
            "전세가율거품지수":7.32,
            "검색코드":5386,
            "세대수":1139,
            "준공년월":"2000-05-03",
            "준공년차":23,
            "가까운역이름":"NA",
            "가까운역거리":"NA",
            "역세권여부":"NA",
            "30분이내주요거점역":"NA",
            "1시간이내주요거점역":"NA",
            "3km이내백화점수":0,
            "5km이내아울렛몰수":1,
            "1km이내대형먀트수":1,
            "500m이내은행수":4,
            "500m이내병원수":16,
            "5km이내대형병원수":13,
            "500m이내공원수":4,
            "3km이내혐오시설수":0,
            "초등학교학업성취도":87.89,
            "중학교학업성취도":83.8,
            "용적률":228,
            "건폐율":21,
            "Y":35.124862,
            "X":126.874691,
            "rank":58.0,
            "area_info":"23평(78.63), 23평(78.08), 23평(78.2)",
            "last_sales":"2022-01-07,17500.0,23평(78.63)"
        },
        {
            "index":359,
            "아파트명":"우미광장",
            "투자타입":"일반",
            "전용면적(m2)":"46.84",
            "전용면적(평)":"14평",
            "법정동주소":"광주시 서구 풍암동 1132",
            "도로명주소":"광주시 서구 풍암순환로 183",
            "세대수":90,
            "입주년차":20,
            "용적률점수":"--",
            "건폐율점수":"--",
            "세대당주차수":0,
            "난방방식":30,
            "공급면적":"--",
            "전용률":"--",
            "욕실수":50,
            "현관타입":100,
            "주거총점":53.5,
            "지역구공급총점":0.0,
            "역세권":"NA",
            "30분내 이동가능 거점":"NA",
            "1시간내 이동가능 거점":"NA",
            "교통총점":"NA",
            "백화점":0,
            "아울렛몰":80,
            "대형마트":80,
            "은행":70,
            "병원":60,
            "종합병원":100,
            "공원":100,
            "혐오시설":0,
            "인프라총점":56.0,
            "초등학군":86.24,
            "중학군":50.8,
            "학군총점":57.888,
            "인구수":34.39,
            "인구증감":-14.6,
            "인구총점":19.693,
            "일자리":19.8,
            "소득수준":63.56,
            "일자리총점":32.928,
            "가치 총점":55.597,
            "매매실거래년":20211216.0,
            "매매실거래가":21000.0,
            "전세실거래년":20211008.0,
            "전세실거래가":8000.0,
            "전세가율":78.43,
            "장기전세가율평균":78.75,
            "전세가율거품지수":0.32,
            "검색코드":19549,
            "세대수":1233,
            "준공년월":"2000-04-21",
            "준공년차":23,
            "가까운역이름":"NA",
            "가까운역거리":"NA",
            "역세권여부":"NA",
            "30분이내주요거점역":"NA",
            "1시간이내주요거점역":"NA",
            "3km이내백화점수":0,
            "5km이내아울렛몰수":1,
            "1km이내대형먀트수":1,
            "500m이내은행수":4,
            "500m이내병원수":23,
            "5km이내대형병원수":13,
            "500m이내공원수":8,
            "3km이내혐오시설수":0,
            "초등학교학업성취도":86.24,
            "중학교학업성취도":83.8,
            "용적률":232,
            "건폐율":23,
            "Y":35.12686,
            "X":126.88117,
            "rank":59.0,
            "area_info":"14평(46.84), 23평(78.19), 24평(81.42)",
            "last_sales":"2021-12-16,21000.0,23평(78.19)"
        },
        {
            "index":388,
            "아파트명":"금호타운1차",
            "투자타입":"일반",
            "전용면적(m2)":"157.25",
            "전용면적(평)":"47평",
            "법정동주소":"광주시 서구 화정동 928-2",
            "도로명주소":"광주시 서구 염화로57번길 3",
            "세대수":0,
            "입주년차":0,
            "용적률점수":"--",
            "건폐율점수":"--",
            "세대당주차수":60,
            "난방방식":30,
            "공급면적":"--",
            "전용률":"--",
            "욕실수":100,
            "현관타입":100,
            "주거총점":32.0,
            "지역구공급총점":0.0,
            "역세권":"NA",
            "30분내 이동가능 거점":"NA",
            "1시간내 이동가능 거점":"NA",
            "교통총점":"NA",
            "백화점":100,
            "아울렛몰":80,
            "대형마트":80,
            "은행":0,
            "병원":60,
            "종합병원":100,
            "공원":100,
            "혐오시설":0,
            "인프라총점":79.0,
            "초등학군":88.12,
            "중학군":41.92,
            "학군총점":51.16,
            "인구수":34.39,
            "인구증감":-14.6,
            "인구총점":19.693,
            "일자리":19.8,
            "소득수준":63.56,
            "일자리총점":32.928,
            "가치 총점":55.59,
            "매매실거래년":20211124.0,
            "매매실거래가":54500.0,
            "전세실거래년":20211108.0,
            "전세실거래가":47000.0,
            "전세가율":86.24,
            "장기전세가율평균":78.75,
            "전세가율거품지수":-7.49,
            "검색코드":5494,
            "세대수":240,
            "준공년월":"1993-08-06",
            "준공년차":30,
            "가까운역이름":"NA",
            "가까운역거리":"NA",
            "역세권여부":"NA",
            "30분이내주요거점역":"NA",
            "1시간이내주요거점역":"NA",
            "3km이내백화점수":1,
            "5km이내아울렛몰수":1,
            "1km이내대형먀트수":1,
            "500m이내은행수":1,
            "500m이내병원수":21,
            "5km이내대형병원수":12,
            "500m이내공원수":8,
            "3km이내혐오시설수":0,
            "초등학교학업성취도":88.12,
            "중학교학업성취도":69.6,
            "용적률":217,
            "건폐율":17,
            "Y":35.139388,
            "X":126.872242,
            "rank":60.0,
            "area_info":"47평(157.25), 58평(191.96)",
            "last_sales":"2021-11-24,54500.0,47평(157.25)"
        },
        {
            "index":428,
            "아파트명":"모아타워",
            "투자타입":"일반",
            "전용면적(m2)":"139.3",
            "전용면적(평)":"42평",
            "법정동주소":"광주시 서구 화정동 927-2",
            "도로명주소":"광주시 서구 염화로57번길 4",
            "세대수":0,
            "입주년차":0,
            "용적률점수":"--",
            "건폐율점수":"--",
            "세대당주차수":60,
            "난방방식":30,
            "공급면적":"--",
            "전용률":"--",
            "욕실수":100,
            "현관타입":100,
            "주거총점":32.0,
            "지역구공급총점":0.0,
            "역세권":"NA",
            "30분내 이동가능 거점":"NA",
            "1시간내 이동가능 거점":"NA",
            "교통총점":"NA",
            "백화점":100,
            "아울렛몰":80,
            "대형마트":80,
            "은행":0,
            "병원":60,
            "종합병원":100,
            "공원":100,
            "혐오시설":0,
            "인프라총점":79.0,
            "초등학군":88.12,
            "중학군":41.92,
            "학군총점":51.16,
            "인구수":34.39,
            "인구증감":-14.6,
            "인구총점":19.693,
            "일자리":19.8,
            "소득수준":63.56,
            "일자리총점":32.928,
            "가치 총점":55.59,
            "매매실거래년":20211025.0,
            "매매실거래가":42800.0,
            "전세실거래년":20211127.0,
            "전세실거래가":31000.0,
            "전세가율":91.18,
            "장기전세가율평균":78.75,
            "전세가율거품지수":-12.43,
            "검색코드":5465,
            "세대수":240,
            "준공년월":"1993-01-07",
            "준공년차":30,
            "가까운역이름":"NA",
            "가까운역거리":"NA",
            "역세권여부":"NA",
            "30분이내주요거점역":"NA",
            "1시간이내주요거점역":"NA",
            "3km이내백화점수":1,
            "5km이내아울렛몰수":1,
            "1km이내대형먀트수":1,
            "500m이내은행수":1,
            "500m이내병원수":25,
            "5km이내대형병원수":13,
            "500m이내공원수":12,
            "3km이내혐오시설수":0,
            "초등학교학업성취도":88.12,
            "중학교학업성취도":69.6,
            "용적률":231,
            "건폐율":20,
            "Y":35.14039,
            "X":126.872371,
            "rank":60.0,
            "area_info":"42평(139.3), 45평(150.82)",
            "last_sales":"2021-10-25,42800.0,45평(150.82)"
        },
        {
            "index":204,
            "아파트명":"일신",
            "투자타입":"일반",
            "전용면적(m2)":"78.56",
            "전용면적(평)":"23평",
            "법정동주소":"광주시 서구 쌍촌동 452-22",
            "도로명주소":"광주시 서구 월드컵4강로 137",
            "세대수":50,
            "입주년차":0,
            "용적률점수":"--",
            "건폐율점수":"--",
            "세대당주차수":30,
            "난방방식":30,
            "공급면적":"--",
            "전용률":"--",
            "욕실수":50,
            "현관타입":100,
            "주거총점":40.0,
            "지역구공급총점":0.0,
            "역세권":"NA",
            "30분내 이동가능 거점":"NA",
            "1시간내 이동가능 거점":"NA",
            "교통총점":"NA",
            "백화점":100,
            "아울렛몰":80,
            "대형마트":0,
            "은행":20,
            "병원":60,
            "종합병원":100,
            "공원":100,
            "혐오시설":0,
            "인프라총점":69.0,
            "초등학군":89.39,
            "중학군":47.12,
            "학군총점":55.574,
            "인구수":34.39,
            "인구증감":-14.6,
            "인구총점":19.693,
            "일자리":19.8,
            "소득수준":63.56,
            "일자리총점":32.928,
            "가치 총점":55.4935,
            "매매실거래년":20211227.0,
            "매매실거래가":17000.0,
            "전세실거래년":20211210.0,
            "전세실거래가":12000.0,
            "전세가율":70.59,
            "장기전세가율평균":78.75,
            "전세가율거품지수":8.16,
            "검색코드":5558,
            "세대수":601,
            "준공년월":"1998-01-08",
            "준공년차":25,
            "가까운역이름":"NA",
            "가까운역거리":"NA",
            "역세권여부":"NA",
            "30분이내주요거점역":"NA",
            "1시간이내주요거점역":"NA",
            "3km이내백화점수":1,
            "5km이내아울렛몰수":1,
            "1km이내대형먀트수":0,
            "500m이내은행수":2,
            "500m이내병원수":16,
            "5km이내대형병원수":14,
            "500m이내공원수":5,
            "3km이내혐오시설수":0,
            "초등학교학업성취도":89.39,
            "중학교학업성취도":78.2,
            "용적률":227,
            "건폐율":18,
            "Y":35.147821,
            "X":126.868954,
            "rank":61.0,
            "area_info":"23평(78.56), 31평(105.23), 42평(140.1), 51평(171.9), 60평(199.39)",
            "last_sales":"2021-12-27,17000.0,23평(78.56)"
        },
        {
            "index":430,
            "아파트명":"무등파크맨션",
            "투자타입":"재건축",
            "전용면적(m2)":"88.8",
            "전용면적(평)":"26평",
            "법정동주소":"광주시 서구 화정동 127-1",
            "도로명주소":"광주시 서구 군분2로 45",
            "세대수":0,
            "입주년차":"--",
            "용적률점수":0,
            "건폐율점수":80,
            "세대당주차수":"--",
            "난방방식":"--",
            "공급면적":70,
            "전용률":80,
            "욕실수":"--",
            "현관타입":"--",
            "주거총점":23.5,
            "지역구공급총점":0.0,
            "역세권":"NA",
            "30분내 이동가능 거점":"NA",
            "1시간내 이동가능 거점":"NA",
            "교통총점":"NA",
            "백화점":100,
            "아울렛몰":80,
            "대형마트":80,
            "은행":70,
            "병원":60,
            "종합병원":100,
            "공원":0,
            "혐오시설":0,
            "인프라총점":83.0,
            "초등학군":87.3,
            "중학군":47.96,
            "학군총점":55.828,
            "인구수":34.39,
            "인구증감":-14.6,
            "인구총점":19.693,
            "일자리":19.8,
            "소득수준":63.56,
            "일자리총점":32.928,
            "가치 총점":55.382,
            "매매실거래년":20211006.0,
            "매매실거래가":25500.0,
            "전세실거래년":20210608.0,
            "전세실거래가":15000.0,
            "전세가율":73.17,
            "장기전세가율평균":78.75,
            "전세가율거품지수":5.58,
            "검색코드":5468,
            "세대수":224,
            "준공년월":"1985-05-30",
            "준공년차":38,
            "가까운역이름":"NA",
            "가까운역거리":"NA",
            "역세권여부":"NA",
            "30분이내주요거점역":"NA",
            "1시간이내주요거점역":"NA",
            "3km이내백화점수":2,
            "5km이내아울렛몰수":1,
            "1km이내대형먀트수":1,
            "500m이내은행수":4,
            "500m이내병원수":27,
            "5km이내대형병원수":14,
            "500m이내공원수":0,
            "3km이내혐오시설수":0,
            "초등학교학업성취도":87.3,
            "중학교학업성취도":79.0,
            "용적률":240,
            "건폐율":20,
            "Y":35.156482,
            "X":126.880446,
            "rank":62.0,
            "area_info":"26평(88.8), 27평(90.61), 31평(103.34), 31평(103.16), 42평(139.06)",
            "last_sales":"2021-10-06,25500.0,42평(139.06)"
        },
        {
            "index":229,
            "아파트명":"양동휴먼시아",
            "투자타입":"일반",
            "전용면적(m2)":"71.3",
            "전용면적(평)":"21평",
            "법정동주소":"광주시 서구 양동 460",
            "도로명주소":"광주시 서구 발산로 34",
            "세대수":80,
            "입주년차":60,
            "용적률점수":"--",
            "건폐율점수":"--",
            "세대당주차수":30,
            "난방방식":30,
            "공급면적":"--",
            "전용률":"--",
            "욕실수":50,
            "현관타입":100,
            "주거총점":62.5,
            "지역구공급총점":0.0,
            "역세권":"NA",
            "30분내 이동가능 거점":"NA",
            "1시간내 이동가능 거점":"NA",
            "교통총점":"NA",
            "백화점":100,
            "아울렛몰":80,
            "대형마트":0,
            "은행":0,
            "병원":0,
            "종합병원":100,
            "공원":100,
            "혐오시설":0,
            "인프라총점":61.0,
            "초등학군":83.15,
            "중학군":24.0,
            "학군총점":35.83,
            "인구수":34.39,
            "인구증감":-14.6,
            "인구총점":19.693,
            "일자리":19.8,
            "소득수준":63.56,
            "일자리총점":32.928,
            "가치 총점":55.2325,
            "매매실거래년":20211213.0,
            "매매실거래가":34800.0,
            "전세실거래년":20180804.0,
            "전세실거래가":10000.0,
            "전세가율":48.78,
            "장기전세가율평균":78.75,
            "전세가율거품지수":29.97,
            "검색코드":114836,
            "세대수":716,
            "준공년월":"2010-09-16",
            "준공년차":13,
            "가까운역이름":"NA",
            "가까운역거리":"NA",
            "역세권여부":"NA",
            "30분이내주요거점역":"NA",
            "1시간이내주요거점역":"NA",
            "3km이내백화점수":2,
            "5km이내아울렛몰수":1,
            "1km이내대형먀트수":0,
            "500m이내은행수":0,
            "500m이내병원수":1,
            "5km이내대형병원수":15,
            "500m이내공원수":4,
            "3km이내혐오시설수":0,
            "초등학교학업성취도":83.15,
            "중학교학업성취도":40.0,
            "용적률":219,
            "건폐율":17,
            "Y":35.157888,
            "X":126.895145,
            "rank":63.0,
            "area_info":"21평(71.3), 23평(79.28), 29평(98.3), 33평(110.58), 33평(111.04), 43평(142.76)",
            "last_sales":"2021-12-13,34800.0,33평(111.04)"
        },
        {
            "index":318,
            "아파트명":"상무지구라인,동산",
            "투자타입":"일반",
            "전용면적(m2)":"79.06",
            "전용면적(평)":"23평",
            "법정동주소":"광주시 서구 치평동 1174-3",
            "도로명주소":"광주시 서구 상무평화로 64",
            "세대수":80,
            "입주년차":20,
            "용적률점수":"--",
            "건폐율점수":"--",
            "세대당주차수":0,
            "난방방식":30,
            "공급면적":"--",
            "전용률":"--",
            "욕실수":50,
            "현관타입":100,
            "주거총점":50.0,
            "지역구공급총점":0.0,
            "역세권":"NA",
            "30분내 이동가능 거점":"NA",
            "1시간내 이동가능 거점":"NA",
            "교통총점":"NA",
            "백화점":0,
            "아울렛몰":80,
            "대형마트":80,
            "은행":70,
            "병원":80,
            "종합병원":100,
            "공원":100,
            "혐오시설":0,
            "인프라총점":58.0,
            "초등학군":93.36,
            "중학군":49.2,
            "학군총점":58.032,
            "인구수":34.39,
            "인구증감":-14.6,
            "인구총점":19.693,
            "일자리":19.8,
            "소득수준":63.56,
            "일자리총점":32.928,
            "가치 총점":55.208,
            "매매실거래년":20211213.0,
            "매매실거래가":33000.0,
            "전세실거래년":20211229.0,
            "전세실거래가":16000.0,
            "전세가율":81.22,
            "장기전세가율평균":78.75,
            "전세가율거품지수":-2.47,
            "검색코드":5533,
            "세대수":884,
            "준공년월":"1999-06-04",
            "준공년차":24,
            "가까운역이름":"NA",
            "가까운역거리":"NA",
            "역세권여부":"NA",
            "30분이내주요거점역":"NA",
            "1시간이내주요거점역":"NA",
            "3km이내백화점수":0,
            "5km이내아울렛몰수":1,
            "1km이내대형먀트수":1,
            "500m이내은행수":3,
            "500m이내병원수":58,
            "5km이내대형병원수":8,
            "500m이내공원수":4,
            "3km이내혐오시설수":0,
            "초등학교학업성취도":93.36,
            "중학교학업성취도":81.4,
            "용적률":230,
            "건폐율":21,
            "Y":35.147505,
            "X":126.845923,
            "rank":64.0,
            "area_info":"23평(79.06), 25평(83.23)",
            "last_sales":"2021-12-13,33000.0,25평(83.23)"
        },
        {
            "index":88,
            "아파트명":"솔뫼타운",
            "투자타입":"일반",
            "전용면적(m2)":"46.04",
            "전용면적(평)":"13평",
            "법정동주소":"광주시 서구 내방동 475-1",
            "도로명주소":"광주시 서구 내방로278번길 7",
            "세대수":50,
            "입주년차":20,
            "용적률점수":"--",
            "건폐율점수":"--",
            "세대당주차수":0,
            "난방방식":30,
            "공급면적":"--",
            "전용률":"--",
            "욕실수":50,
            "현관타입":10,
            "주거총점":30.5,
            "지역구공급총점":0.0,
            "역세권":"NA",
            "30분내 이동가능 거점":"NA",
            "1시간내 이동가능 거점":"NA",
            "교통총점":"NA",
            "백화점":100,
            "아울렛몰":80,
            "대형마트":80,
            "은행":0,
            "병원":30,
            "종합병원":100,
            "공원":100,
            "혐오시설":0,
            "인프라총점":76.0,
            "초등학군":87.3,
            "중학군":46.72,
            "학군총점":54.836,
            "인구수":34.39,
            "인구증감":-14.6,
            "인구총점":19.693,
            "일자리":19.8,
            "소득수준":63.56,
            "일자리총점":32.928,
            "가치 총점":54.784,
            "매매실거래년":20211224.0,
            "매매실거래가":8000.0,
            "전세실거래년":20210807.0,
            "전세실거래가":5800.0,
            "전세가율":96.67,
            "장기전세가율평균":78.75,
            "전세가율거품지수":-17.92,
            "검색코드":16636,
            "세대수":459,
            "준공년월":"1999-12-22",
            "준공년차":24,
            "가까운역이름":"NA",
            "가까운역거리":"NA",
            "역세권여부":"NA",
            "30분이내주요거점역":"NA",
            "1시간이내주요거점역":"NA",
            "3km이내백화점수":1,
            "5km이내아울렛몰수":1,
            "1km이내대형먀트수":1,
            "500m이내은행수":0,
            "500m이내병원수":7,
            "5km이내대형병원수":13,
            "500m이내공원수":2,
            "3km이내혐오시설수":0,
            "초등학교학업성취도":87.3,
            "중학교학업성취도":77.6,
            "용적률":275,
            "건폐율":21,
            "Y":35.157126,
            "X":126.87214,
            "rank":65.0,
            "area_info":"13평(46.04), 19평(64.53), 25평(83.38)",
            "last_sales":"2021-12-24,8000.0,19평(64.53)"
        },
        {
            "index":91,
            "아파트명":"해태(385-1)",
            "투자타입":"일반",
            "전용면적(m2)":"74.22",
            "전용면적(평)":"22평",
            "법정동주소":"광주시 서구 내방동 385-1",
            "도로명주소":"광주시 서구 월드컵4강로226번길 14",
            "세대수":50,
            "입주년차":20,
            "용적률점수":"--",
            "건폐율점수":"--",
            "세대당주차수":30,
            "난방방식":30,
            "공급면적":"--",
            "전용률":"--",
            "욕실수":50,
            "현관타입":100,
            "주거총점":44.0,
            "지역구공급총점":0.0,
            "역세권":"NA",
            "30분내 이동가능 거점":"NA",
            "1시간내 이동가능 거점":"NA",
            "교통총점":"NA",
            "백화점":100,
            "아울렛몰":80,
            "대형마트":0,
            "은행":0,
            "병원":30,
            "종합병원":100,
            "공원":100,
            "혐오시설":0,
            "인프라총점":64.0,
            "초등학군":87.3,
            "중학군":46.72,
            "학군총점":54.836,
            "인구수":34.39,
            "인구증감":-14.6,
            "인구총점":19.693,
            "일자리":19.8,
            "소득수준":63.56,
            "일자리총점":32.928,
            "가치 총점":54.709,
            "매매실거래년":20211102.0,
            "매매실거래가":35000.0,
            "전세실거래년":20210216.0,
            "전세실거래가":14300.0,
            "전세가율":84.12,
            "장기전세가율평균":78.75,
            "전세가율거품지수":-5.37,
            "검색코드":5518,
            "세대수":454,
            "준공년월":"2000-07-28",
            "준공년차":23,
            "가까운역이름":"NA",
            "가까운역거리":"NA",
            "역세권여부":"NA",
            "30분이내주요거점역":"NA",
            "1시간이내주요거점역":"NA",
            "3km이내백화점수":1,
            "5km이내아울렛몰수":1,
            "1km이내대형먀트수":0,
            "500m이내은행수":0,
            "500m이내병원수":7,
            "5km이내대형병원수":14,
            "500m이내공원수":2,
            "3km이내혐오시설수":0,
            "초등학교학업성취도":87.3,
            "중학교학업성취도":77.6,
            "용적률":251,
            "건폐율":19,
            "Y":35.155869,
            "X":126.870741,
            "rank":66.0,
            "area_info":"22평(74.22), 22평(74.25), 31평(105.23), 31평(105.19), 46평(152.08), 47평(157.43), 63평(209.26)",
            "last_sales":"2021-11-02,35000.0,63평(209.26)"
        },
        {
            "index":270,
            "아파트명":"금호대우",
            "투자타입":"일반",
            "전용면적(m2)":"79.02",
            "전용면적(평)":"23평",
            "법정동주소":"광주시 서구 치평동 1166-2",
            "도로명주소":"광주시 서구 치평로 107",
            "세대수":90,
            "입주년차":0,
            "용적률점수":"--",
            "건폐율점수":"--",
            "세대당주차수":0,
            "난방방식":30,
            "공급면적":"--",
            "전용률":"--",
            "욕실수":50,
            "현관타입":100,
            "주거총점":49.5,
            "지역구공급총점":0.0,
            "역세권":"NA",
            "30분내 이동가능 거점":"NA",
            "1시간내 이동가능 거점":"NA",
            "교통총점":"NA",
            "백화점":0,
            "아울렛몰":100,
            "대형마트":80,
            "은행":70,
            "병원":60,
            "종합병원":100,
            "공원":100,
            "혐오시설":0,
            "인프라총점":58.0,
            "초등학군":83.83,
            "중학군":49.2,
            "학군총점":56.126,
            "인구수":34.39,
            "인구증감":-14.6,
            "인구총점":19.693,
            "일자리":19.8,
            "소득수준":63.56,
            "일자리총점":32.928,
            "가치 총점":54.5565,
            "매매실거래년":20220105.0,
            "매매실거래가":24000.0,
            "전세실거래년":null,
            "전세실거래가":null,
            "전세가율":null,
            "장기전세가율평균":78.75,
            "전세가율거품지수":null,
            "검색코드":5532,
            "세대수":1374,
            "준공년월":"1998-02-07",
            "준공년차":25,
            "가까운역이름":"NA",
            "가까운역거리":"NA",
            "역세권여부":"NA",
            "30분이내주요거점역":"NA",
            "1시간이내주요거점역":"NA",
            "3km이내백화점수":0,
            "5km이내아울렛몰수":2,
            "1km이내대형먀트수":1,
            "500m이내은행수":4,
            "500m이내병원수":18,
            "5km이내대형병원수":10,
            "500m이내공원수":6,
            "3km이내혐오시설수":0,
            "초등학교학업성취도":83.83,
            "중학교학업성취도":81.4,
            "용적률":220,
            "건폐율":17,
            "Y":35.157527,
            "X":126.845848,
            "rank":67.0,
            "area_info":"23평(79.02), 24평(80.45)",
            "last_sales":"2022-01-05,24000.0,24평(80.45)"
        },
        {
            "index":487,
            "아파트명":"중흥파크",
            "투자타입":"재건축",
            "전용면적(m2)":"109.75",
            "전용면적(평)":"33평",
            "법정동주소":"광주시 서구 화정동 178-25",
            "도로명주소":"광주시 서구 상무대로1099번길 15-1",
            "세대수":0,
            "입주년차":"--",
            "용적률점수":0,
            "건폐율점수":80,
            "세대당주차수":"--",
            "난방방식":"--",
            "공급면적":90,
            "전용률":60,
            "욕실수":"--",
            "현관타입":"--",
            "주거총점":23.5,
            "지역구공급총점":0.0,
            "역세권":"NA",
            "30분내 이동가능 거점":"NA",
            "1시간내 이동가능 거점":"NA",
            "교통총점":"NA",
            "백화점":100,
            "아울렛몰":80,
            "대형마트":80,
            "은행":20,
            "병원":60,
            "종합병원":100,
            "공원":80,
            "혐오시설":0,
            "인프라총점":80.4,
            "초등학군":87.3,
            "중학군":47.96,
            "학군총점":55.828,
            "인구수":34.39,
            "인구증감":-14.6,
            "인구총점":19.693,
            "일자리":19.8,
            "소득수준":63.56,
            "일자리총점":32.928,
            "가치 총점":54.342,
            "매매실거래년":20210720.0,
            "매매실거래가":19000.0,
            "전세실거래년":20201214.0,
            "전세실거래가":15000.0,
            "전세가율":78.95,
            "장기전세가율평균":78.75,
            "전세가율거품지수":-0.2,
            "검색코드":5487,
            "세대수":226,
            "준공년월":"1988-01-08",
            "준공년차":35,
            "가까운역이름":"NA",
            "가까운역거리":"NA",
            "역세권여부":"NA",
            "30분이내주요거점역":"NA",
            "1시간이내주요거점역":"NA",
            "3km이내백화점수":2,
            "5km이내아울렛몰수":1,
            "1km이내대형먀트수":1,
            "500m이내은행수":2,
            "500m이내병원수":20,
            "5km이내대형병원수":15,
            "500m이내공원수":1,
            "3km이내혐오시설수":0,
            "초등학교학업성취도":87.3,
            "중학교학업성취도":79.0,
            "용적률":224,
            "건폐율":22,
            "Y":35.155061,
            "X":126.881816,
            "rank":68.0,
            "area_info":"33평(109.75)",
            "last_sales":"2021-07-20,19000.0,33평(109.75)"
        },
        {
            "index":193,
            "아파트명":"쌍촌용산그린",
            "투자타입":"일반",
            "전용면적(m2)":"58.64",
            "전용면적(평)":"17평",
            "법정동주소":"광주시 서구 쌍촌동 543-1",
            "도로명주소":"광주시 서구 운천로162번길 29",
            "세대수":0,
            "입주년차":0,
            "용적률점수":"--",
            "건폐율점수":"--",
            "세대당주차수":0,
            "난방방식":30,
            "공급면적":"--",
            "전용률":"--",
            "욕실수":50,
            "현관타입":100,
            "주거총점":18.0,
            "지역구공급총점":0.0,
            "역세권":"NA",
            "30분내 이동가능 거점":"NA",
            "1시간내 이동가능 거점":"NA",
            "교통총점":"NA",
            "백화점":100,
            "아울렛몰":80,
            "대형마트":80,
            "은행":70,
            "병원":60,
            "종합병원":100,
            "공원":100,
            "혐오시설":0,
            "인프라총점":86.0,
            "초등학군":83.76,
            "중학군":47.12,
            "학군총점":54.448,
            "인구수":34.39,
            "인구증감":-14.6,
            "인구총점":19.693,
            "일자리":19.8,
            "소득수준":63.56,
            "일자리총점":32.928,
            "가치 총점":54.312,
            "매매실거래년":20211112.0,
            "매매실거래가":19500.0,
            "전세실거래년":20190102.0,
            "전세실거래가":7000.0,
            "전세가율":87.5,
            "장기전세가율평균":78.75,
            "전세가율거품지수":-8.75,
            "검색코드":5557,
            "세대수":134,
            "준공년월":"1996-08-12",
            "준공년차":27,
            "가까운역이름":"NA",
            "가까운역거리":"NA",
            "역세권여부":"NA",
            "30분이내주요거점역":"NA",
            "1시간이내주요거점역":"NA",
            "3km이내백화점수":1,
            "5km이내아울렛몰수":1,
            "1km이내대형먀트수":1,
            "500m이내은행수":4,
            "500m이내병원수":12,
            "5km이내대형병원수":11,
            "500m이내공원수":10,
            "3km이내혐오시설수":0,
            "초등학교학업성취도":83.76,
            "중학교학업성취도":78.2,
            "용적률":270,
            "건폐율":22,
            "Y":35.14763,
            "X":126.86007,
            "rank":69.0,
            "area_info":"17평(58.64), 23평(77.74), 28평(95.27), 30평(102.17), 31평(102.64), 32평(108.49), 33평(109.65)",
            "last_sales":"2021-11-12,19500.0,33평(109.65)"
        },
        {
            "index":365,
            "아파트명":"풍암대주파크빌2차",
            "투자타입":"일반",
            "전용면적(m2)":"154.31",
            "전용면적(평)":"46평",
            "법정동주소":"광주시 서구 풍암동 1102",
            "도로명주소":"광주시 서구 풍암순환로 5",
            "세대수":30,
            "입주년차":20,
            "용적률점수":"--",
            "건폐율점수":"--",
            "세대당주차수":80,
            "난방방식":30,
            "공급면적":"--",
            "전용률":"--",
            "욕실수":100,
            "현관타입":100,
            "주거총점":49.5,
            "지역구공급총점":0.0,
            "역세권":"NA",
            "30분내 이동가능 거점":"NA",
            "1시간내 이동가능 거점":"NA",
            "교통총점":"NA",
            "백화점":0,
            "아울렛몰":80,
            "대형마트":80,
            "은행":70,
            "병원":60,
            "종합병원":100,
            "공원":100,
            "혐오시설":0,
            "인프라총점":56.0,
            "초등학군":87.89,
            "중학군":50.8,
            "학군총점":58.218,
            "인구수":34.39,
            "인구증감":-14.6,
            "인구총점":19.693,
            "일자리":19.8,
            "소득수준":63.56,
            "일자리총점":32.928,
            "가치 총점":54.2795,
            "매매실거래년":20211115.0,
            "매매실거래가":52300.0,
            "전세실거래년":20210826.0,
            "전세실거래가":38000.0,
            "전세가율":72.66,
            "장기전세가율평균":78.75,
            "전세가율거품지수":6.09,
            "검색코드":5377,
            "세대수":330,
            "준공년월":"2000-12-13",
            "준공년차":23,
            "가까운역이름":"NA",
            "가까운역거리":"NA",
            "역세권여부":"NA",
            "30분이내주요거점역":"NA",
            "1시간이내주요거점역":"NA",
            "3km이내백화점수":0,
            "5km이내아울렛몰수":1,
            "1km이내대형먀트수":1,
            "500m이내은행수":4,
            "500m이내병원수":20,
            "5km이내대형병원수":13,
            "500m이내공원수":5,
            "3km이내혐오시설수":0,
            "초등학교학업성취도":87.89,
            "중학교학업성취도":83.8,
            "용적률":245,
            "건폐율":21,
            "Y":35.126168,
            "X":126.876473,
            "rank":70.0,
            "area_info":"46평(154.31), 59평(197.36)",
            "last_sales":"2021-11-15,52300.0,46평(154.31)"
        },
        {
            "index":372,
            "아파트명":"풍암신암마을부영2차",
            "투자타입":"일반",
            "전용면적(m2)":"108.41",
            "전용면적(평)":"32평",
            "법정동주소":"광주시 서구 풍암동 1099",
            "도로명주소":"광주시 서구 풍암1로 42",
            "세대수":90,
            "입주년차":20,
            "용적률점수":"--",
            "건폐율점수":"--",
            "세대당주차수":30,
            "난방방식":30,
            "공급면적":"--",
            "전용률":"--",
            "욕실수":100,
            "현관타입":100,
            "주거총점":63.0,
            "지역구공급총점":0.0,
            "역세권":"NA",
            "30분내 이동가능 거점":"NA",
            "1시간내 이동가능 거점":"NA",
            "교통총점":"NA",
            "백화점":0,
            "아울렛몰":80,
            "대형마트":0,
            "은행":70,
            "병원":60,
            "종합병원":100,
            "공원":100,
            "혐오시설":0,
            "인프라총점":44.0,
            "초등학군":87.89,
            "중학군":50.8,
            "학군총점":58.218,
            "인구수":34.39,
            "인구증감":-14.6,
            "인구총점":19.693,
            "일자리":19.8,
            "소득수준":63.56,
            "일자리총점":32.928,
            "가치 총점":54.2045,
            "매매실거래년":20211218.0,
            "매매실거래가":26800.0,
            "전세실거래년":20211116.0,
            "전세실거래가":21400.0,
            "전세가율":79.85,
            "장기전세가율평균":78.75,
            "전세가율거품지수":-1.1,
            "검색코드":16702,
            "세대수":984,
            "준공년월":"2000-07-28",
            "준공년차":23,
            "가까운역이름":"NA",
            "가까운역거리":"NA",
            "역세권여부":"NA",
            "30분이내주요거점역":"NA",
            "1시간이내주요거점역":"NA",
            "3km이내백화점수":0,
            "5km이내아울렛몰수":1,
            "1km이내대형먀트수":0,
            "500m이내은행수":4,
            "500m이내병원수":21,
            "5km이내대형병원수":13,
            "500m이내공원수":9,
            "3km이내혐오시설수":0,
            "초등학교학업성취도":87.89,
            "중학교학업성취도":83.8,
            "용적률":235,
            "건폐율":18,
            "Y":35.123663,
            "X":126.877527,
            "rank":71.0,
            "area_info":"32평(108.41)",
            "last_sales":"2021-12-18,26800.0,32평(108.41)"
        },
        {
            "index":278,
            "아파트명":"금호타운3차",
            "투자타입":"일반",
            "전용면적(m2)":"109.97",
            "전용면적(평)":"33평",
            "법정동주소":"광주시 서구 치평동 1171-5",
            "도로명주소":"광주시 서구 치평로 23",
            "세대수":50,
            "입주년차":0,
            "용적률점수":"--",
            "건폐율점수":"--",
            "세대당주차수":0,
            "난방방식":30,
            "공급면적":"--",
            "전용률":"--",
            "욕실수":100,
            "현관타입":100,
            "주거총점":40.5,
            "지역구공급총점":0.0,
            "역세권":"NA",
            "30분내 이동가능 거점":"NA",
            "1시간내 이동가능 거점":"NA",
            "교통총점":"NA",
            "백화점":0,
            "아울렛몰":80,
            "대형마트":80,
            "은행":100,
            "병원":100,
            "종합병원":100,
            "공원":100,
            "혐오시설":0,
            "인프라총점":63.0,
            "초등학군":93.36,
            "중학군":49.2,
            "학군총점":58.032,
            "인구수":34.39,
            "인구증감":-14.6,
            "인구총점":19.693,
            "일자리":19.8,
            "소득수준":63.56,
            "일자리총점":32.928,
            "가치 총점":53.883,
            "매매실거래년":20211227.0,
            "매매실거래가":47000.0,
            "전세실거래년":20220111.0,
            "전세실거래가":27000.0,
            "전세가율":57.45,
            "장기전세가율평균":78.75,
            "전세가율거품지수":21.3,
            "검색코드":8100,
            "세대수":490,
            "준공년월":"1998-02-25",
            "준공년차":25,
            "가까운역이름":"NA",
            "가까운역거리":"NA",
            "역세권여부":"NA",
            "30분이내주요거점역":"NA",
            "1시간이내주요거점역":"NA",
            "3km이내백화점수":0,
            "5km이내아울렛몰수":1,
            "1km이내대형먀트수":1,
            "500m이내은행수":6,
            "500m이내병원수":80,
            "5km이내대형병원수":8,
            "500m이내공원수":6,
            "3km이내혐오시설수":0,
            "초등학교학업성취도":93.36,
            "중학교학업성취도":81.4,
            "용적률":241,
            "건폐율":18,
            "Y":35.149504,
            "X":126.846235,
            "rank":72.0,
            "area_info":"33평(109.97)",
            "last_sales":"2021-12-27,47000.0,33평(109.97)"
        },
        {
            "index":155,
            "아파트명":"광명중흥",
            "투자타입":"재건축",
            "전용면적(m2)":"103.34",
            "전용면적(평)":"31평",
            "법정동주소":"광주시 서구 쌍촌동 1232-1",
            "도로명주소":"광주시 서구 화정로 96",
            "세대수":30,
            "입주년차":"--",
            "용적률점수":0,
            "건폐율점수":100,
            "세대당주차수":"--",
            "난방방식":"--",
            "공급면적":90,
            "전용률":80,
            "욕실수":"--",
            "현관타입":"--",
            "주거총점":37.5,
            "지역구공급총점":0.0,
            "역세권":"NA",
            "30분내 이동가능 거점":"NA",
            "1시간내 이동가능 거점":"NA",
            "교통총점":"NA",
            "백화점":100,
            "아울렛몰":80,
            "대형마트":0,
            "은행":0,
            "병원":60,
            "종합병원":100,
            "공원":100,
            "혐오시설":0,
            "인프라총점":67.0,
            "초등학군":90.0,
            "중학군":47.12,
            "학군총점":55.696,
            "인구수":34.39,
            "인구증감":-14.6,
            "인구총점":19.693,
            "일자리":19.8,
            "소득수준":63.56,
            "일자리총점":32.928,
            "가치 총점":53.849,
            "매매실거래년":20211222.0,
            "매매실거래가":20000.0,
            "전세실거래년":20210911.0,
            "전세실거래가":17500.0,
            "전세가율":87.5,
            "장기전세가율평균":78.75,
            "전세가율거품지수":-8.75,
            "검색코드":5561,
            "세대수":352,
            "준공년월":"1992-10-23",
            "준공년차":31,
            "가까운역이름":"NA",
            "가까운역거리":"NA",
            "역세권여부":"NA",
            "30분이내주요거점역":"NA",
            "1시간이내주요거점역":"NA",
            "3km이내백화점수":1,
            "5km이내아울렛몰수":1,
            "1km이내대형먀트수":0,
            "500m이내은행수":1,
            "500m이내병원수":15,
            "5km이내대형병원수":12,
            "500m이내공원수":11,
            "3km이내혐오시설수":0,
            "초등학교학업성취도":90.0,
            "중학교학업성취도":78.2,
            "용적률":232,
            "건폐율":17,
            "Y":35.144827,
            "X":126.86781,
            "rank":73.0,
            "area_info":"31평(103.34)",
            "last_sales":"2021-12-22,20000.0,31평(103.34)"
        },
        {
            "index":235,
            "아파트명":"우진",
            "투자타입":"재건축",
            "전용면적(m2)":"82.72",
            "전용면적(평)":"25평",
            "법정동주소":"광주시 서구 양동 61-2",
            "도로명주소":"광주시 서구 독립로 195",
            "세대수":0,
            "입주년차":"--",
            "용적률점수":80,
            "건폐율점수":60,
            "세대당주차수":"--",
            "난방방식":"--",
            "공급면적":70,
            "전용률":80,
            "욕실수":"--",
            "현관타입":"--",
            "주거총점":51.5,
            "지역구공급총점":0.0,
            "역세권":"NA",
            "30분내 이동가능 거점":"NA",
            "1시간내 이동가능 거점":"NA",
            "교통총점":"NA",
            "백화점":100,
            "아울렛몰":80,
            "대형마트":0,
            "은행":20,
            "병원":0,
            "종합병원":100,
            "공원":0,
            "혐오시설":0,
            "인프라총점":60.0,
            "초등학군":83.15,
            "중학군":37.9,
            "학군총점":46.95,
            "인구수":34.39,
            "인구증감":-14.6,
            "인구총점":19.693,
            "일자리":19.8,
            "소득수준":63.56,
            "일자리총점":32.928,
            "가치 총점":53.7625,
            "매매실거래년":20211202.0,
            "매매실거래가":24000.0,
            "전세실거래년":20210302.0,
            "전세실거래가":2000.0,
            "전세가율":8.33,
            "장기전세가율평균":78.75,
            "전세가율거품지수":70.42,
            "검색코드":5447,
            "세대수":280,
            "준공년월":"1977-12-29",
            "준공년차":46,
            "가까운역이름":"NA",
            "가까운역거리":"NA",
            "역세권여부":"NA",
            "30분이내주요거점역":"NA",
            "1시간이내주요거점역":"NA",
            "3km이내백화점수":2,
            "5km이내아울렛몰수":1,
            "1km이내대형먀트수":0,
            "500m이내은행수":2,
            "500m이내병원수":1,
            "5km이내대형병원수":15,
            "500m이내공원수":0,
            "3km이내혐오시설수":0,
            "초등학교학업성취도":83.15,
            "중학교학업성취도":62.7,
            "용적률":152,
            "건폐율":30,
            "Y":35.150759,
            "X":126.905185,
            "rank":74.0,
            "area_info":"25평(82.72), 25평(82.92), 25평(82.73), 25평(82.91), 25평(83.04)",
            "last_sales":"2021-12-02,24000.0,25평(82.72)"
        },
        {
            "index":187,
            "아파트명":"신천힐탑맨션",
            "투자타입":"일반",
            "전용면적(m2)":"90.87",
            "전용면적(평)":"27평",
            "법정동주소":"광주시 서구 쌍촌동 137-4",
            "도로명주소":"광주시 서구 상무오월로51번길 2",
            "세대수":30,
            "입주년차":60,
            "용적률점수":"--",
            "건폐율점수":"--",
            "세대당주차수":0,
            "난방방식":30,
            "공급면적":"--",
            "전용률":"--",
            "욕실수":50,
            "현관타입":100,
            "주거총점":40.5,
            "지역구공급총점":0.0,
            "역세권":"NA",
            "30분내 이동가능 거점":"NA",
            "1시간내 이동가능 거점":"NA",
            "교통총점":"NA",
            "백화점":100,
            "아울렛몰":80,
            "대형마트":0,
            "은행":0,
            "병원":30,
            "종합병원":100,
            "공원":100,
            "혐오시설":0,
            "인프라총점":64.0,
            "초등학군":92.51,
            "중학군":46.72,
            "학군총점":55.878,
            "인구수":34.39,
            "인구증감":-14.6,
            "인구총점":19.693,
            "일자리":19.8,
            "소득수준":63.56,
            "일자리총점":32.928,
            "가치 총점":53.7445,
            "매매실거래년":20211221.0,
            "매매실거래가":10800.0,
            "전세실거래년":20211224.0,
            "전세실거래가":11000.0,
            "전세가율":101.85,
            "장기전세가율평균":78.75,
            "전세가율거품지수":-23.1,
            "검색코드":16686,
            "세대수":319,
            "준공년월":"2011-11-17",
            "준공년차":12,
            "가까운역이름":"NA",
            "가까운역거리":"NA",
            "역세권여부":"NA",
            "30분이내주요거점역":"NA",
            "1시간이내주요거점역":"NA",
            "3km이내백화점수":1,
            "5km이내아울렛몰수":1,
            "1km이내대형먀트수":0,
            "500m이내은행수":1,
            "500m이내병원수":7,
            "5km이내대형병원수":12,
            "500m이내공원수":7,
            "3km이내혐오시설수":0,
            "초등학교학업성취도":92.51,
            "중학교학업성취도":77.6,
            "용적률":356,
            "건폐율":27,
            "Y":35.155964,
            "X":126.86545,
            "rank":75.0,
            "area_info":"27평(90.87), 34평(114.55), 49평(162.53), 53평(176.99)",
            "last_sales":"2021-12-21,10800.0,27평(90.87)"
        },
        {
            "index":486,
            "아파트명":"중흥",
            "투자타입":"재건축",
            "전용면적(m2)":"103.22",
            "전용면적(평)":"31평",
            "법정동주소":"광주시 서구 화정동 927-1",
            "도로명주소":"광주시 서구 염화로57번길 16",
            "세대수":30,
            "입주년차":"--",
            "용적률점수":0,
            "건폐율점수":100,
            "세대당주차수":"--",
            "난방방식":"--",
            "공급면적":90,
            "전용률":80,
            "욕실수":"--",
            "현관타입":"--",
            "주거총점":37.5,
            "지역구공급총점":0.0,
            "역세권":"NA",
            "30분내 이동가능 거점":"NA",
            "1시간내 이동가능 거점":"NA",
            "교통총점":"NA",
            "백화점":100,
            "아울렛몰":80,
            "대형마트":0,
            "은행":20,
            "병원":60,
            "종합병원":100,
            "공원":100,
            "혐오시설":0,
            "인프라총점":69.0,
            "초등학군":88.12,
            "중학군":41.92,
            "학군총점":51.16,
            "인구수":34.39,
            "인구증감":-14.6,
            "인구총점":19.693,
            "일자리":19.8,
            "소득수준":63.56,
            "일자리총점":32.928,
            "가치 총점":53.515,
            "매매실거래년":20211102.0,
            "매매실거래가":29000.0,
            "전세실거래년":20210729.0,
            "전세실거래가":20000.0,
            "전세가율":68.97,
            "장기전세가율평균":78.75,
            "전세가율거품지수":9.78,
            "검색코드":100377,
            "세대수":320,
            "준공년월":"1992-12-08",
            "준공년차":31,
            "가까운역이름":"NA",
            "가까운역거리":"NA",
            "역세권여부":"NA",
            "30분이내주요거점역":"NA",
            "1시간이내주요거점역":"NA",
            "3km이내백화점수":1,
            "5km이내아울렛몰수":1,
            "1km이내대형먀트수":0,
            "500m이내은행수":2,
            "500m이내병원수":26,
            "5km이내대형병원수":13,
            "500m이내공원수":11,
            "3km이내혐오시설수":0,
            "초등학교학업성취도":88.12,
            "중학교학업성취도":69.6,
            "용적률":225,
            "건폐율":18,
            "Y":35.140757,
            "X":126.871224,
            "rank":76.0,
            "area_info":"31평(103.22)",
            "last_sales":"2021-11-02,29000.0,31평(103.22)"
        },
        {
            "index":498,
            "아파트명":"해피투모루(도시형)",
            "투자타입":"일반",
            "전용면적(m2)":"29.62",
            "전용면적(평)":"8평",
            "법정동주소":"광주시 서구 화정동 179-24",
            "도로명주소":"광주시 서구 군분2로 16",
            "세대수":0,
            "입주년차":60,
            "용적률점수":"--",
            "건폐율점수":"--",
            "세대당주차수":0,
            "난방방식":30,
            "공급면적":"--",
            "전용률":"--",
            "욕실수":50,
            "현관타입":10,
            "주거총점":21.0,
            "지역구공급총점":0.0,
            "역세권":"NA",
            "30분내 이동가능 거점":"NA",
            "1시간내 이동가능 거점":"NA",
            "교통총점":"NA",
            "백화점":100,
            "아울렛몰":80,
            "대형마트":80,
            "은행":20,
            "병원":60,
            "종합병원":100,
            "공원":80,
            "혐오시설":0,
            "인프라총점":80.4,
            "초등학군":87.3,
            "중학군":47.96,
            "학군총점":55.828,
            "인구수":34.39,
            "인구증감":-14.6,
            "인구총점":19.693,
            "일자리":19.8,
            "소득수준":63.56,
            "일자리총점":32.928,
            "가치 총점":53.467,
            "매매실거래년":20220105.0,
            "매매실거래가":9200.0,
            "전세실거래년":20201124.0,
            "전세실거래가":5000.0,
            "전세가율":83.33,
            "장기전세가율평균":78.75,
            "전세가율거품지수":-4.58,
            "검색코드":112448,
            "세대수":120,
            "준공년월":"2013-03-28",
            "준공년차":10,
            "가까운역이름":"NA",
            "가까운역거리":"NA",
            "역세권여부":"NA",
            "30분이내주요거점역":"NA",
            "1시간이내주요거점역":"NA",
            "3km이내백화점수":2,
            "5km이내아울렛몰수":1,
            "1km이내대형먀트수":1,
            "500m이내은행수":2,
            "500m이내병원수":15,
            "5km이내대형병원수":14,
            "500m이내공원수":1,
            "3km이내혐오시설수":0,
            "초등학교학업성취도":87.3,
            "중학교학업성취도":79.0,
            "용적률":345,
            "건폐율":47,
            "Y":35.15441,
            "X":126.881517,
            "rank":77.0,
            "area_info":"8평(29.62), 16평(53.33)",
            "last_sales":"2022-01-05,9200.0,16평(53.33)"
        },
        {
            "index":369,
            "아파트명":"풍암모아",
            "투자타입":"일반",
            "전용면적(m2)":"132.72",
            "전용면적(평)":"40평",
            "법정동주소":"광주시 서구 풍암동 1101",
            "도로명주소":"광주시 서구 풍암중앙로 25",
            "세대수":30,
            "입주년차":20,
            "용적률점수":"--",
            "건폐율점수":"--",
            "세대당주차수":60,
            "난방방식":30,
            "공급면적":"--",
            "전용률":"--",
            "욕실수":100,
            "현관타입":100,
            "주거총점":46.5,
            "지역구공급총점":0.0,
            "역세권":"NA",
            "30분내 이동가능 거점":"NA",
            "1시간내 이동가능 거점":"NA",
            "교통총점":"NA",
            "백화점":0,
            "아울렛몰":80,
            "대형마트":80,
            "은행":70,
            "병원":60,
            "종합병원":100,
            "공원":100,
            "혐오시설":0,
            "인프라총점":56.0,
            "초등학군":87.89,
            "중학군":50.8,
            "학군총점":58.218,
            "인구수":34.39,
            "인구증감":-14.6,
            "인구총점":19.693,
            "일자리":19.8,
            "소득수준":63.56,
            "일자리총점":32.928,
            "가치 총점":53.2295,
            "매매실거래년":20211229.0,
            "매매실거래가":33000.0,
            "전세실거래년":20211130.0,
            "전세실거래가":36000.0,
            "전세가율":85.71,
            "장기전세가율평균":78.75,
            "전세가율거품지수":-6.96,
            "검색코드":5381,
            "세대수":384,
            "준공년월":"2000-05-06",
            "준공년차":23,
            "가까운역이름":"NA",
            "가까운역거리":"NA",
            "역세권여부":"NA",
            "30분이내주요거점역":"NA",
            "1시간이내주요거점역":"NA",
            "3km이내백화점수":0,
            "5km이내아울렛몰수":1,
            "1km이내대형먀트수":1,
            "500m이내은행수":4,
            "500m이내병원수":21,
            "5km이내대형병원수":13,
            "500m이내공원수":7,
            "3km이내혐오시설수":0,
            "초등학교학업성취도":87.89,
            "중학교학업성취도":83.8,
            "용적률":246,
            "건폐율":23,
            "Y":35.125109,
            "X":126.876992,
            "rank":78.0,
            "area_info":"40평(132.72), 43평(142.28), 52평(174.61)",
            "last_sales":"2021-12-29,33000.0,43평(142.28)"
        },
        {
            "index":164,
            "아파트명":"백일대주",
            "투자타입":"재건축",
            "전용면적(m2)":"107.76",
            "전용면적(평)":"32평",
            "법정동주소":"광주시 서구 쌍촌동 1233-10",
            "도로명주소":"광주시 서구 화정로 106-15",
            "세대수":0,
            "입주년차":"--",
            "용적률점수":0,
            "건폐율점수":100,
            "세대당주차수":"--",
            "난방방식":"--",
            "공급면적":90,
            "전용률":60,
            "욕실수":"--",
            "현관타입":"--",
            "주거총점":27.5,
            "지역구공급총점":0.0,
            "역세권":"NA",
            "30분내 이동가능 거점":"NA",
            "1시간내 이동가능 거점":"NA",
            "교통총점":"NA",
            "백화점":100,
            "아울렛몰":80,
            "대형마트":0,
            "은행":70,
            "병원":60,
            "종합병원":100,
            "공원":100,
            "혐오시설":0,
            "인프라총점":74.0,
            "초등학군":90.0,
            "중학군":47.12,
            "학군총점":55.696,
            "인구수":34.39,
            "인구증감":-14.6,
            "인구총점":19.693,
            "일자리":19.8,
            "소득수준":63.56,
            "일자리총점":32.928,
            "가치 총점":53.149,
            "매매실거래년":20211225.0,
            "매매실거래가":24900.0,
            "전세실거래년":20210204.0,
            "전세실거래가":16000.0,
            "전세가율":64.26,
            "장기전세가율평균":78.75,
            "전세가율거품지수":14.49,
            "검색코드":5550,
            "세대수":253,
            "준공년월":"1992-09-30",
            "준공년차":31,
            "가까운역이름":"NA",
            "가까운역거리":"NA",
            "역세권여부":"NA",
            "30분이내주요거점역":"NA",
            "1시간이내주요거점역":"NA",
            "3km이내백화점수":1,
            "5km이내아울렛몰수":1,
            "1km이내대형먀트수":0,
            "500m이내은행수":3,
            "500m이내병원수":28,
            "5km이내대형병원수":12,
            "500m이내공원수":9,
            "3km이내혐오시설수":0,
            "초등학교학업성취도":90.0,
            "중학교학업성취도":78.2,
            "용적률":226,
            "건폐율":17,
            "Y":35.144267,
            "X":126.86964,
            "rank":79.0,
            "area_info":"32평(107.76), 37평(124.32)",
            "last_sales":"2021-12-25,24900.0,32평(107.76)"
        },
        {
            "index":390,
            "아파트명":"금호타운2차",
            "투자타입":"일반",
            "전용면적(m2)":"80.33",
            "전용면적(평)":"24평",
            "법정동주소":"광주시 서구 화정동 928-1",
            "도로명주소":"광주시 서구 염화로57번길 19",
            "세대수":50,
            "입주년차":0,
            "용적률점수":"--",
            "건폐율점수":"--",
            "세대당주차수":0,
            "난방방식":30,
            "공급면적":"--",
            "전용률":"--",
            "욕실수":50,
            "현관타입":10,
            "주거총점":26.5,
            "지역구공급총점":0.0,
            "역세권":"NA",
            "30분내 이동가능 거점":"NA",
            "1시간내 이동가능 거점":"NA",
            "교통총점":"NA",
            "백화점":100,
            "아울렛몰":80,
            "대형마트":80,
            "은행":0,
            "병원":30,
            "종합병원":100,
            "공원":100,
            "혐오시설":0,
            "인프라총점":76.0,
            "초등학군":88.12,
            "중학군":44.06,
            "학군총점":52.872,
            "인구수":34.39,
            "인구증감":-14.6,
            "인구총점":19.693,
            "일자리":19.8,
            "소득수준":63.56,
            "일자리총점":32.928,
            "가치 총점":52.893,
            "매매실거래년":20211118.0,
            "매매실거래가":21800.0,
            "전세실거래년":20211111.0,
            "전세실거래가":12000.0,
            "전세가율":55.05,
            "장기전세가율평균":78.75,
            "전세가율거품지수":23.7,
            "검색코드":5451,
            "세대수":428,
            "준공년월":"1993-10-23",
            "준공년차":30,
            "가까운역이름":"NA",
            "가까운역거리":"NA",
            "역세권여부":"NA",
            "30분이내주요거점역":"NA",
            "1시간이내주요거점역":"NA",
            "3km이내백화점수":1,
            "5km이내아울렛몰수":1,
            "1km이내대형먀트수":1,
            "500m이내은행수":0,
            "500m이내병원수":6,
            "5km이내대형병원수":11,
            "500m이내공원수":8,
            "3km이내혐오시설수":0,
            "초등학교학업성취도":88.12,
            "중학교학업성취도":73.1,
            "용적률":224,
            "건폐율":20,
            "Y":35.139554,
            "X":126.869804,
            "rank":80.0,
            "area_info":"24평(80.33), 31평(102.87)",
            "last_sales":"2021-11-18,21800.0,24평(80.33)"
        },
        {
            "index":335,
            "아파트명":"현대",
            "투자타입":"일반",
            "전용면적(m2)":"78.87",
            "전용면적(평)":"23평",
            "법정동주소":"광주시 서구 치평동 1166-1",
            "도로명주소":"광주시 서구 내방로 52",
            "세대수":50,
            "입주년차":0,
            "용적률점수":"--",
            "건폐율점수":"--",
            "세대당주차수":60,
            "난방방식":30,
            "공급면적":"--",
            "전용률":"--",
            "욕실수":50,
            "현관타입":100,
            "주거총점":44.5,
            "지역구공급총점":0.0,
            "역세권":"NA",
            "30분내 이동가능 거점":"NA",
            "1시간내 이동가능 거점":"NA",
            "교통총점":"NA",
            "백화점":0,
            "아울렛몰":100,
            "대형마트":80,
            "은행":70,
            "병원":60,
            "종합병원":100,
            "공원":100,
            "혐오시설":0,
            "인프라총점":58.0,
            "초등학군":83.83,
            "중학군":49.2,
            "학군총점":56.126,
            "인구수":34.39,
            "인구증감":-14.6,
            "인구총점":19.693,
            "일자리":19.8,
            "소득수준":63.56,
            "일자리총점":32.928,
            "가치 총점":52.8065,
            "매매실거래년":20211229.0,
            "매매실거래가":32000.0,
            "전세실거래년":20220114.0,
            "전세실거래가":17300.0,
            "전세가율":54.06,
            "장기전세가율평균":78.75,
            "전세가율거품지수":24.69,
            "검색코드":5547,
            "세대수":484,
            "준공년월":"1998-11-14",
            "준공년차":25,
            "가까운역이름":"NA",
            "가까운역거리":"NA",
            "역세권여부":"NA",
            "30분이내주요거점역":"NA",
            "1시간이내주요거점역":"NA",
            "3km이내백화점수":0,
            "5km이내아울렛몰수":2,
            "1km이내대형먀트수":1,
            "500m이내은행수":4,
            "500m이내병원수":15,
            "5km이내대형병원수":10,
            "500m이내공원수":4,
            "3km이내혐오시설수":0,
            "초등학교학업성취도":83.83,
            "중학교학업성취도":81.4,
            "용적률":243,
            "건폐율":18,
            "Y":35.158411,
            "X":126.845912,
            "rank":81.0,
            "area_info":"23평(78.87), 31평(105.39), 36평(121.47), 47평(158.34)",
            "last_sales":"2021-12-29,32000.0,23평(78.87)"
        },
        {
            "index":446,
            "아파트명":"우미(440)",
            "투자타입":"일반",
            "전용면적(m2)":"74.62",
            "전용면적(평)":"22평",
            "법정동주소":"광주시 서구 화정동 440",
            "도로명주소":"광주시 서구 염화로31번길 23",
            "세대수":30,
            "입주년차":0,
            "용적률점수":"--",
            "건폐율점수":"--",
            "세대당주차수":0,
            "난방방식":30,
            "공급면적":"--",
            "전용률":"--",
            "욕실수":50,
            "현관타입":100,
            "주거총점":28.5,
            "지역구공급총점":0.0,
            "역세권":"NA",
            "30분내 이동가능 거점":"NA",
            "1시간내 이동가능 거점":"NA",
            "교통총점":"NA",
            "백화점":100,
            "아울렛몰":80,
            "대형마트":80,
            "은행":0,
            "병원":10,
            "종합병원":100,
            "공원":100,
            "혐오시설":0,
            "인프라총점":74.0,
            "초등학군":88.12,
            "중학군":44.06,
            "학군총점":52.872,
            "인구수":34.39,
            "인구증감":-14.6,
            "인구총점":19.693,
            "일자리":19.8,
            "소득수준":63.56,
            "일자리총점":32.928,
            "가치 총점":52.793,
            "매매실거래년":20220109.0,
            "매매실거래가":18000.0,
            "전세실거래년":20211218.0,
            "전세실거래가":17000.0,
            "전세가율":94.44,
            "장기전세가율평균":78.75,
            "전세가율거품지수":-15.69,
            "검색코드":5489,
            "세대수":376,
            "준공년월":"1996-12-26",
            "준공년차":27,
            "가까운역이름":"NA",
            "가까운역거리":"NA",
            "역세권여부":"NA",
            "30분이내주요거점역":"NA",
            "1시간이내주요거점역":"NA",
            "3km이내백화점수":1,
            "5km이내아울렛몰수":1,
            "1km이내대형먀트수":1,
            "500m이내은행수":0,
            "500m이내병원수":4,
            "5km이내대형병원수":11,
            "500m이내공원수":2,
            "3km이내혐오시설수":0,
            "초등학교학업성취도":88.12,
            "중학교학업성취도":73.1,
            "용적률":268,
            "건폐율":21,
            "Y":35.136363,
            "X":126.870726,
            "rank":82.0,
            "area_info":"22평(74.62), 22평(74.76), 32평(105.81), 32평(105.82), 43평(143.67)",
            "last_sales":"2022-01-09,18000.0,22평(74.62)"
        },
        {
            "index":191,
            "아파트명":"쌍촌명지1차",
            "투자타입":"일반",
            "전용면적(m2)":"82.4",
            "전용면적(평)":"24평",
            "법정동주소":"광주시 서구 쌍촌동 879",
            "도로명주소":"광주시 서구 운천로154번길 12",
            "세대수":30,
            "입주년차":0,
            "용적률점수":"--",
            "건폐율점수":"--",
            "세대당주차수":0,
            "난방방식":30,
            "공급면적":"--",
            "전용률":"--",
            "욕실수":50,
            "현관타입":10,
            "주거총점":19.5,
            "지역구공급총점":0.0,
            "역세권":"NA",
            "30분내 이동가능 거점":"NA",
            "1시간내 이동가능 거점":"NA",
            "교통총점":"NA",
            "백화점":100,
            "아울렛몰":80,
            "대형마트":80,
            "은행":20,
            "병원":60,
            "종합병원":100,
            "공원":100,
            "혐오시설":0,
            "인프라총점":81.0,
            "초등학군":83.76,
            "중학군":45.72,
            "학군총점":53.328,
            "인구수":34.39,
            "인구증감":-14.6,
            "인구총점":19.693,
            "일자리":19.8,
            "소득수준":63.56,
            "일자리총점":32.928,
            "가치 총점":52.557,
            "매매실거래년":20220108.0,
            "매매실거래가":17000.0,
            "전세실거래년":20191022.0,
            "전세실거래가":8000.0,
            "전세가율":47.06,
            "장기전세가율평균":78.75,
            "전세가율거품지수":31.69,
            "검색코드":5553,
            "세대수":372,
            "준공년월":"1997-02-12",
            "준공년차":26,
            "가까운역이름":"NA",
            "가까운역거리":"NA",
            "역세권여부":"NA",
            "30분이내주요거점역":"NA",
            "1시간이내주요거점역":"NA",
            "3km이내백화점수":1,
            "5km이내아울렛몰수":1,
            "1km이내대형먀트수":1,
            "500m이내은행수":2,
            "500m이내병원수":10,
            "5km이내대형병원수":11,
            "500m이내공원수":8,
            "3km이내혐오시설수":0,
            "초등학교학업성취도":83.76,
            "중학교학업성취도":75.8,
            "용적률":296,
            "건폐율":20,
            "Y":35.145993,
            "X":126.85851,
            "rank":83.0,
            "area_info":"24평(82.4), 31평(104.66)",
            "last_sales":"2022-01-08,17000.0,24평(82.4)"
        },
        {
            "index":455,
            "아파트명":"우성1차",
            "투자타입":"재건축",
            "전용면적(m2)":"62.79",
            "전용면적(평)":"18평",
            "법정동주소":"광주시 서구 화정동 858-4",
            "도로명주소":"광주시 서구 월드컵4강로 9",
            "세대수":0,
            "입주년차":"--",
            "용적률점수":0,
            "건폐율점수":100,
            "세대당주차수":"--",
            "난방방식":"--",
            "공급면적":50,
            "전용률":80,
            "욕실수":"--",
            "현관타입":"--",
            "주거총점":26.5,
            "지역구공급총점":0.0,
            "역세권":"NA",
            "30분내 이동가능 거점":"NA",
            "1시간내 이동가능 거점":"NA",
            "교통총점":"NA",
            "백화점":100,
            "아울렛몰":80,
            "대형마트":80,
            "은행":0,
            "병원":30,
            "종합병원":100,
            "공원":100,
            "혐오시설":0,
            "인프라총점":76.0,
            "초등학군":88.12,
            "중학군":41.92,
            "학군총점":51.16,
            "인구수":34.39,
            "인구증감":-14.6,
            "인구총점":19.693,
            "일자리":19.8,
            "소득수준":63.56,
            "일자리총점":32.928,
            "가치 총점":52.465,
            "매매실거래년":20211213.0,
            "매매실거래가":33000.0,
            "전세실거래년":20220104.0,
            "전세실거래가":6500.0,
            "전세가율":25.49,
            "장기전세가율평균":78.75,
            "전세가율거품지수":53.26,
            "검색코드":5506,
            "세대수":276,
            "준공년월":"1985-06-15",
            "준공년차":38,
            "가까운역이름":"NA",
            "가까운역거리":"NA",
            "역세권여부":"NA",
            "30분이내주요거점역":"NA",
            "1시간이내주요거점역":"NA",
            "3km이내백화점수":1,
            "5km이내아울렛몰수":1,
            "1km이내대형먀트수":1,
            "500m이내은행수":0,
            "500m이내병원수":6,
            "5km이내대형병원수":12,
            "500m이내공원수":7,
            "3km이내혐오시설수":0,
            "초등학교학업성취도":88.12,
            "중학교학업성취도":69.6,
            "용적률":224,
            "건폐율":19,
            "Y":35.137935,
            "X":126.876969,
            "rank":84.0,
            "area_info":"18평(62.79), 21평(71.04)",
            "last_sales":"2021-12-13,33000.0,21평(71.04)"
        },
        {
            "index":385,
            "아파트명":"광명",
            "투자타입":"일반",
            "전용면적(m2)":"55.14",
            "전용면적(평)":"16평",
            "법정동주소":"광주시 서구 화정동 1020",
            "도로명주소":"광주시 서구 월드컵4강로28번길 50-18",
            "세대수":30,
            "입주년차":0,
            "용적률점수":"--",
            "건폐율점수":"--",
            "세대당주차수":0,
            "난방방식":30,
            "공급면적":"--",
            "전용률":"--",
            "욕실수":50,
            "현관타입":100,
            "주거총점":28.5,
            "지역구공급총점":0.0,
            "역세권":"NA",
            "30분내 이동가능 거점":"NA",
            "1시간내 이동가능 거점":"NA",
            "교통총점":"NA",
            "백화점":100,
            "아울렛몰":80,
            "대형마트":80,
            "은행":0,
            "병원":30,
            "종합병원":100,
            "공원":100,
            "혐오시설":0,
            "인프라총점":76.0,
            "초등학군":90.98,
            "중학군":37.54,
            "학군총점":48.228,
            "인구수":34.39,
            "인구증감":-14.6,
            "인구총점":19.693,
            "일자리":19.8,
            "소득수준":63.56,
            "일자리총점":32.928,
            "가치 총점":52.432,
            "매매실거래년":20211223.0,
            "매매실거래가":14800.0,
            "전세실거래년":20140621.0,
            "전세실거래가":5500.0,
            "전세가율":62.86,
            "장기전세가율평균":78.75,
            "전세가율거품지수":15.89,
            "검색코드":5450,
            "세대수":309,
            "준공년월":"1995-08-22",
            "준공년차":28,
            "가까운역이름":"NA",
            "가까운역거리":"NA",
            "역세권여부":"NA",
            "30분이내주요거점역":"NA",
            "1시간이내주요거점역":"NA",
            "3km이내백화점수":1,
            "5km이내아울렛몰수":1,
            "1km이내대형먀트수":1,
            "500m이내은행수":1,
            "500m이내병원수":8,
            "5km이내대형병원수":12,
            "500m이내공원수":6,
            "3km이내혐오시설수":0,
            "초등학교학업성취도":90.98,
            "중학교학업성취도":62.1,
            "용적률":284,
            "건폐율":15,
            "Y":35.139826,
            "X":126.881585,
            "rank":85.0,
            "area_info":"16평(55.14), 23평(78.79), 23평(78.83)",
            "last_sales":"2021-12-23,14800.0,23평(78.83)"
        },
        {
            "index":222,
            "아파트명":"금호2차",
            "투자타입":"재건축",
            "전용면적(m2)":"97.56",
            "전용면적(평)":"29평",
            "법정동주소":"광주시 서구 양동 60-2",
            "도로명주소":"광주시 서구 천변좌로 264",
            "세대수":30,
            "입주년차":"--",
            "용적률점수":20,
            "건폐율점수":100,
            "세대당주차수":"--",
            "난방방식":"--",
            "공급면적":70,
            "전용률":40,
            "욕실수":"--",
            "현관타입":"--",
            "주거총점":42.5,
            "지역구공급총점":0.0,
            "역세권":"NA",
            "30분내 이동가능 거점":"NA",
            "1시간내 이동가능 거점":"NA",
            "교통총점":"NA",
            "백화점":100,
            "아울렛몰":80,
            "대형마트":0,
            "은행":0,
            "병원":60,
            "종합병원":100,
            "공원":0,
            "혐오시설":0,
            "인프라총점":64.0,
            "초등학군":83.15,
            "중학군":37.9,
            "학군총점":46.95,
            "인구수":34.39,
            "인구증감":-14.6,
            "인구총점":19.693,
            "일자리":19.8,
            "소득수준":63.56,
            "일자리총점":32.928,
            "가치 총점":52.2125,
            "매매실거래년":20210701.0,
            "매매실거래가":22000.0,
            "전세실거래년":20191220.0,
            "전세실거래가":1000.0,
            "전세가율":6.25,
            "장기전세가율평균":78.75,
            "전세가율거품지수":72.5,
            "검색코드":5449,
            "세대수":330,
            "준공년월":"1985-11-06",
            "준공년차":38,
            "가까운역이름":"NA",
            "가까운역거리":"NA",
            "역세권여부":"NA",
            "30분이내주요거점역":"NA",
            "1시간이내주요거점역":"NA",
            "3km이내백화점수":2,
            "5km이내아울렛몰수":1,
            "1km이내대형먀트수":0,
            "500m이내은행수":1,
            "500m이내병원수":10,
            "5km이내대형병원수":15,
            "500m이내공원수":0,
            "3km이내혐오시설수":0,
            "초등학교학업성취도":83.15,
            "중학교학업성취도":62.7,
            "용적률":209,
            "건폐율":19,
            "Y":35.151512,
            "X":126.903737,
            "rank":86.0,
            "area_info":"29평(97.56), 31평(104.09), 47평(156.38)",
            "last_sales":"2021-07-01,22000.0,47평(156.38)"
        },
        {
            "index":348,
            "아파트명":"금호타운1단지",
            "투자타입":"일반",
            "전용면적(m2)":"162.09",
            "전용면적(평)":"49평",
            "법정동주소":"광주시 서구 풍암동 1130",
            "도로명주소":"광주시 서구 풍암중앙로 68",
            "세대수":50,
            "입주년차":20,
            "용적률점수":"--",
            "건폐율점수":"--",
            "세대당주차수":80,
            "난방방식":30,
            "공급면적":"--",
            "전용률":"--",
            "욕실수":100,
            "현관타입":100,
            "주거총점":56.5,
            "지역구공급총점":0.0,
            "역세권":"NA",
            "30분내 이동가능 거점":"NA",
            "1시간내 이동가능 거점":"NA",
            "교통총점":"NA",
            "백화점":0,
            "아울렛몰":80,
            "대형마트":0,
            "은행":70,
            "병원":60,
            "종합병원":100,
            "공원":100,
            "혐오시설":0,
            "인프라총점":44.0,
            "초등학군":86.24,
            "중학군":50.8,
            "학군총점":57.888,
            "인구수":34.39,
            "인구증감":-14.6,
            "인구총점":19.693,
            "일자리":19.8,
            "소득수준":63.56,
            "일자리총점":32.928,
            "가치 총점":51.847,
            "매매실거래년":20211227.0,
            "매매실거래가":65000.0,
            "전세실거래년":20211112.0,
            "전세실거래가":30000.0,
            "전세가율":57.14,
            "장기전세가율평균":78.75,
            "전세가율거품지수":21.61,
            "검색코드":5373,
            "세대수":570,
            "준공년월":"2000-06-02",
            "준공년차":23,
            "가까운역이름":"NA",
            "가까운역거리":"NA",
            "역세권여부":"NA",
            "30분이내주요거점역":"NA",
            "1시간이내주요거점역":"NA",
            "3km이내백화점수":0,
            "5km이내아울렛몰수":1,
            "1km이내대형먀트수":0,
            "500m이내은행수":4,
            "500m이내병원수":24,
            "5km이내대형병원수":13,
            "500m이내공원수":10,
            "3km이내혐오시설수":0,
            "초등학교학업성취도":86.24,
            "중학교학업성취도":83.8,
            "용적률":243,
            "건폐율":16,
            "Y":35.124856,
            "X":126.881845,
            "rank":87.0,
            "area_info":"49평(162.09), 61평(203.53)",
            "last_sales":"2021-12-27,65000.0,61평(203.53)"
        },
        {
            "index":442,
            "아파트명":"신동아",
            "투자타입":"일반",
            "전용면적(m2)":"100.54",
            "전용면적(평)":"30평",
            "법정동주소":"광주시 서구 화정동 1062",
            "도로명주소":"광주시 서구 월드컵4강로28번길 60",
            "세대수":50,
            "입주년차":0,
            "용적률점수":"--",
            "건폐율점수":"--",
            "세대당주차수":0,
            "난방방식":30,
            "공급면적":"--",
            "전용률":"--",
            "욕실수":100,
            "현관타입":100,
            "주거총점":40.5,
            "지역구공급총점":0.0,
            "역세권":"NA",
            "30분내 이동가능 거점":"NA",
            "1시간내 이동가능 거점":"NA",
            "교통총점":"NA",
            "백화점":100,
            "아울렛몰":80,
            "대형마트":0,
            "은행":0,
            "병원":30,
            "종합병원":100,
            "공원":100,
            "혐오시설":0,
            "인프라총점":64.0,
            "초등학군":90.98,
            "중학군":37.54,
            "학군총점":48.228,
            "인구수":34.39,
            "인구증감":-14.6,
            "인구총점":19.693,
            "일자리":19.8,
            "소득수준":63.56,
            "일자리총점":32.928,
            "가치 총점":51.832,
            "매매실거래년":20211215.0,
            "매매실거래가":19400.0,
            "전세실거래년":20211019.0,
            "전세실거래가":15500.0,
            "전세가율":79.9,
            "장기전세가율평균":78.75,
            "전세가율거품지수":-1.15,
            "검색코드":5516,
            "세대수":498,
            "준공년월":"1995-06-29",
            "준공년차":28,
            "가까운역이름":"NA",
            "가까운역거리":"NA",
            "역세권여부":"NA",
            "30분이내주요거점역":"NA",
            "1시간이내주요거점역":"NA",
            "3km이내백화점수":1,
            "5km이내아울렛몰수":1,
            "1km이내대형먀트수":0,
            "500m이내은행수":1,
            "500m이내병원수":6,
            "5km이내대형병원수":12,
            "500m이내공원수":6,
            "3km이내혐오시설수":0,
            "초등학교학업성취도":90.98,
            "중학교학업성취도":62.1,
            "용적률":258,
            "건폐율":18,
            "Y":35.140791,
            "X":126.882636,
            "rank":88.0,
            "area_info":"30평(100.54)",
            "last_sales":"2021-12-15,19400.0,30평(100.54)"
        },
        {
            "index":477,
            "아파트명":"유탑유블레스(도시형)",
            "투자타입":"일반",
            "전용면적(m2)":"24.48",
            "전용면적(평)":"7평",
            "법정동주소":"광주시 서구 화정동 23-37",
            "도로명주소":"광주시 서구 내방로 349",
            "세대수":0,
            "입주년차":60,
            "용적률점수":"--",
            "건폐율점수":"--",
            "세대당주차수":0,
            "난방방식":30,
            "공급면적":"--",
            "전용률":"--",
            "욕실수":50,
            "현관타입":10,
            "주거총점":21.0,
            "지역구공급총점":0.0,
            "역세권":"NA",
            "30분내 이동가능 거점":"NA",
            "1시간내 이동가능 거점":"NA",
            "교통총점":"NA",
            "백화점":100,
            "아울렛몰":80,
            "대형마트":80,
            "은행":0,
            "병원":60,
            "종합병원":100,
            "공원":0,
            "혐오시설":0,
            "인프라총점":76.0,
            "초등학군":87.3,
            "중학군":47.96,
            "학군총점":55.828,
            "인구수":34.39,
            "인구증감":-14.6,
            "인구총점":19.693,
            "일자리":19.8,
            "소득수준":63.56,
            "일자리총점":32.928,
            "가치 총점":51.707,
            "매매실거래년":20181121.0,
            "매매실거래가":13000.0,
            "전세실거래년":null,
            "전세실거래가":null,
            "전세가율":null,
            "장기전세가율평균":78.75,
            "전세가율거품지수":null,
            "검색코드":104685,
            "세대수":286,
            "준공년월":"2013-08-02",
            "준공년차":10,
            "가까운역이름":"NA",
            "가까운역거리":"NA",
            "역세권여부":"NA",
            "30분이내주요거점역":"NA",
            "1시간이내주요거점역":"NA",
            "3km이내백화점수":1,
            "5km이내아울렛몰수":1,
            "1km이내대형먀트수":1,
            "500m이내은행수":1,
            "500m이내병원수":10,
            "5km이내대형병원수":15,
            "500m이내공원수":0,
            "3km이내혐오시설수":0,
            "초등학교학업성취도":87.3,
            "중학교학업성취도":79.0,
            "용적률":667,
            "건폐율":62,
            "Y":35.157628,
            "X":126.878642,
            "rank":89.0,
            "area_info":"7평(24.48), 8평(28.92), 10평(33.9), 10평(35.02), 11평(37.04), 11평(38.45), 13평(45.59), 14평(48.78), 20평(67.13)",
            "last_sales":"2018-11-21,13000.0,20평(67.13)"
        },
        {
            "index":507,
            "아파트명":"호반",
            "투자타입":"재건축",
            "전용면적(m2)":"79.71",
            "전용면적(평)":"24평",
            "법정동주소":"광주시 서구 화정동 903-2",
            "도로명주소":"광주시 서구 학생독립로9번길 8",
            "세대수":30,
            "입주년차":"--",
            "용적률점수":0,
            "건폐율점수":100,
            "세대당주차수":"--",
            "난방방식":"--",
            "공급면적":50,
            "전용률":60,
            "욕실수":"--",
            "현관타입":"--",
            "주거총점":34.5,
            "지역구공급총점":0.0,
            "역세권":"NA",
            "30분내 이동가능 거점":"NA",
            "1시간내 이동가능 거점":"NA",
            "교통총점":"NA",
            "백화점":100,
            "아울렛몰":80,
            "대형마트":0,
            "은행":0,
            "병원":30,
            "종합병원":100,
            "공원":100,
            "혐오시설":0,
            "인프라총점":64.0,
            "초등학군":90.0,
            "중학군":47.12,
            "학군총점":55.696,
            "인구수":34.39,
            "인구증감":-14.6,
            "인구총점":19.693,
            "일자리":19.8,
            "소득수준":63.56,
            "일자리총점":32.928,
            "가치 총점":51.599,
            "매매실거래년":20211230.0,
            "매매실거래가":16800.0,
            "전세실거래년":20210917.0,
            "전세실거래가":12800.0,
            "전세가율":76.19,
            "장기전세가율평균":78.75,
            "전세가율거품지수":2.56,
            "검색코드":16723,
            "세대수":330,
            "준공년월":"1992-08-14",
            "준공년차":31,
            "가까운역이름":"NA",
            "가까운역거리":"NA",
            "역세권여부":"NA",
            "30분이내주요거점역":"NA",
            "1시간이내주요거점역":"NA",
            "3km이내백화점수":1,
            "5km이내아울렛몰수":1,
            "1km이내대형먀트수":0,
            "500m이내은행수":1,
            "500m이내병원수":9,
            "5km이내대형병원수":12,
            "500m이내공원수":11,
            "3km이내혐오시설수":0,
            "초등학교학업성취도":90.0,
            "중학교학업성취도":78.2,
            "용적률":223,
            "건폐율":19,
            "Y":35.143932,
            "X":126.867493,
            "rank":90.0,
            "area_info":"24평(79.71)",
            "last_sales":"2021-12-30,16800.0,24평(79.71)"
        },
        {
            "index":49,
            "아파트명":"금호호반리젠시빌5차",
            "투자타입":"일반",
            "전용면적(m2)":"116.91",
            "전용면적(평)":"35평",
            "법정동주소":"광주시 서구 금호동 809",
            "도로명주소":"광주시 서구 화개1로78번길 8",
            "세대수":80,
            "입주년차":20,
            "용적률점수":"--",
            "건폐율점수":"--",
            "세대당주차수":30,
            "난방방식":30,
            "공급면적":"--",
            "전용률":"--",
            "욕실수":100,
            "현관타입":100,
            "주거총점":59.5,
            "지역구공급총점":0.0,
            "역세권":"NA",
            "30분내 이동가능 거점":"NA",
            "1시간내 이동가능 거점":"NA",
            "교통총점":"NA",
            "백화점":0,
            "아울렛몰":80,
            "대형마트":0,
            "은행":0,
            "병원":80,
            "종합병원":100,
            "공원":100,
            "혐오시설":0,
            "인프라총점":39.0,
            "초등학군":90.63,
            "중학군":51.58,
            "학군총점":59.39,
            "인구수":34.39,
            "인구증감":-14.6,
            "인구총점":19.693,
            "일자리":19.8,
            "소득수준":63.56,
            "일자리총점":32.928,
            "가치 총점":51.2725,
            "매매실거래년":20211224.0,
            "매매실거래가":39200.0,
            "전세실거래년":20211202.0,
            "전세실거래가":23000.0,
            "전세가율":58.67,
            "장기전세가율평균":78.75,
            "전세가율거품지수":20.08,
            "검색코드":16631,
            "세대수":701,
            "준공년월":"2002-11-29",
            "준공년차":21,
            "가까운역이름":"NA",
            "가까운역거리":"NA",
            "역세권여부":"NA",
            "30분이내주요거점역":"NA",
            "1시간이내주요거점역":"NA",
            "3km이내백화점수":0,
            "5km이내아울렛몰수":1,
            "1km이내대형먀트수":0,
            "500m이내은행수":1,
            "500m이내병원수":37,
            "5km이내대형병원수":7,
            "500m이내공원수":5,
            "3km이내혐오시설수":0,
            "초등학교학업성취도":90.63,
            "중학교학업성취도":85.5,
            "용적률":234,
            "건폐율":18,
            "Y":35.129725,
            "X":126.855906,
            "rank":91.0,
            "area_info":"35평(116.91)",
            "last_sales":"2021-12-24,39200.0,35평(116.91)"
        },
        {
            "index":68,
            "아파트명":"종원팰리스빌",
            "투자타입":"일반",
            "전용면적(m2)":"93.17",
            "전용면적(평)":"28평",
            "법정동주소":"광주시 서구 금호동 240-2",
            "도로명주소":"광주시 서구 화개1로 59-2",
            "세대수":100,
            "입주년차":20,
            "용적률점수":"--",
            "건폐율점수":"--",
            "세대당주차수":30,
            "난방방식":30,
            "공급면적":"--",
            "전용률":"--",
            "욕실수":100,
            "현관타입":50,
            "주거총점":61.5,
            "지역구공급총점":0.0,
            "역세권":"NA",
            "30분내 이동가능 거점":"NA",
            "1시간내 이동가능 거점":"NA",
            "교통총점":"NA",
            "백화점":0,
            "아울렛몰":80,
            "대형마트":0,
            "은행":0,
            "병원":60,
            "종합병원":100,
            "공원":100,
            "혐오시설":0,
            "인프라총점":37.0,
            "초등학군":90.63,
            "중학군":51.58,
            "학군총점":59.39,
            "인구수":34.39,
            "인구증감":-14.6,
            "인구총점":19.693,
            "일자리":19.8,
            "소득수준":63.56,
            "일자리총점":32.928,
            "가치 총점":51.1725,
            "매매실거래년":20220104.0,
            "매매실거래가":33500.0,
            "전세실거래년":null,
            "전세실거래가":null,
            "전세가율":null,
            "장기전세가율평균":78.75,
            "전세가율거품지수":null,
            "검색코드":19545,
            "세대수":1600,
            "준공년월":"2002-05-08",
            "준공년차":21,
            "가까운역이름":"NA",
            "가까운역거리":"NA",
            "역세권여부":"NA",
            "30분이내주요거점역":"NA",
            "1시간이내주요거점역":"NA",
            "3km이내백화점수":0,
            "5km이내아울렛몰수":1,
            "1km이내대형먀트수":0,
            "500m이내은행수":0,
            "500m이내병원수":12,
            "5km이내대형병원수":7,
            "500m이내공원수":3,
            "3km이내혐오시설수":0,
            "초등학교학업성취도":90.63,
            "중학교학업성취도":85.5,
            "용적률":236,
            "건폐율":17,
            "Y":35.130441,
            "X":126.852539,
            "rank":92.0,
            "area_info":"28평(93.17), 36평(119.19)",
            "last_sales":"2022-01-04,33500.0,36평(119.19)"
        },
        {
            "index":280,
            "아파트명":"대주",
            "투자타입":"일반",
            "전용면적(m2)":"67.08",
            "전용면적(평)":"20평",
            "법정동주소":"광주시 서구 치평동 1168-11",
            "도로명주소":"광주시 서구 상무공원로 94",
            "세대수":50,
            "입주년차":0,
            "용적률점수":"--",
            "건폐율점수":"--",
            "세대당주차수":0,
            "난방방식":30,
            "공급면적":"--",
            "전용률":"--",
            "욕실수":50,
            "현관타입":100,
            "주거총점":35.5,
            "지역구공급총점":0.0,
            "역세권":"NA",
            "30분내 이동가능 거점":"NA",
            "1시간내 이동가능 거점":"NA",
            "교통총점":"NA",
            "백화점":0,
            "아울렛몰":100,
            "대형마트":80,
            "은행":70,
            "병원":80,
            "종합병원":100,
            "공원":100,
            "혐오시설":0,
            "인프라총점":60.0,
            "초등학군":93.88,
            "중학군":49.2,
            "학군총점":58.136,
            "인구수":34.39,
            "인구증감":-14.6,
            "인구총점":19.693,
            "일자리":19.8,
            "소득수준":63.56,
            "일자리총점":32.928,
            "가치 총점":50.959,
            "매매실거래년":20211222.0,
            "매매실거래가":25000.0,
            "전세실거래년":20211006.0,
            "전세실거래가":13000.0,
            "전세가율":83.87,
            "장기전세가율평균":78.75,
            "전세가율거품지수":-5.12,
            "검색코드":5544,
            "세대수":475,
            "준공년월":"1998-02-12",
            "준공년차":25,
            "가까운역이름":"NA",
            "가까운역거리":"NA",
            "역세권여부":"NA",
            "30분이내주요거점역":"NA",
            "1시간이내주요거점역":"NA",
            "3km이내백화점수":0,
            "5km이내아울렛몰수":2,
            "1km이내대형먀트수":1,
            "500m이내은행수":4,
            "500m이내병원수":40,
            "5km이내대형병원수":9,
            "500m이내공원수":7,
            "3km이내혐오시설수":0,
            "초등학교학업성취도":93.88,
            "중학교학업성취도":81.4,
            "용적률":223,
            "건폐율":21,
            "Y":35.152919,
            "X":126.843718,
            "rank":93.0,
            "area_info":"20평(67.08), 24평(80.63)",
            "last_sales":"2021-12-22,25000.0,24평(80.63)"
        },
        {
            "index":362,
            "아파트명":"주은모아",
            "투자타입":"일반",
            "전용면적(m2)":"77.67",
            "전용면적(평)":"23평",
            "법정동주소":"광주시 서구 풍암동 1127",
            "도로명주소":"광주시 서구 풍암2로 36",
            "세대수":90,
            "입주년차":20,
            "용적률점수":"--",
            "건폐율점수":"--",
            "세대당주차수":0,
            "난방방식":30,
            "공급면적":"--",
            "전용률":"--",
            "욕실수":50,
            "현관타입":100,
            "주거총점":53.5,
            "지역구공급총점":0.0,
            "역세권":"NA",
            "30분내 이동가능 거점":"NA",
            "1시간내 이동가능 거점":"NA",
            "교통총점":"NA",
            "백화점":0,
            "아울렛몰":80,
            "대형마트":0,
            "은행":70,
            "병원":60,
            "종합병원":100,
            "공원":100,
            "혐오시설":0,
            "인프라총점":44.0,
            "초등학군":88.8,
            "중학군":50.8,
            "학군총점":58.4,
            "인구수":34.39,
            "인구증감":-14.6,
            "인구총점":19.693,
            "일자리":19.8,
            "소득수준":63.56,
            "일자리총점":32.928,
            "가치 총점":50.925,
            "매매실거래년":20220108.0,
            "매매실거래가":21700.0,
            "전세실거래년":20211209.0,
            "전세실거래가":15000.0,
            "전세가율":69.12,
            "장기전세가율평균":78.75,
            "전세가율거품지수":9.63,
            "검색코드":16705,
            "세대수":900,
            "준공년월":"2000-07-12",
            "준공년차":23,
            "가까운역이름":"NA",
            "가까운역거리":"NA",
            "역세권여부":"NA",
            "30분이내주요거점역":"NA",
            "1시간이내주요거점역":"NA",
            "3km이내백화점수":0,
            "5km이내아울렛몰수":1,
            "1km이내대형먀트수":0,
            "500m이내은행수":4,
            "500m이내병원수":24,
            "5km이내대형병원수":13,
            "500m이내공원수":12,
            "3km이내혐오시설수":0,
            "초등학교학업성취도":88.8,
            "중학교학업성취도":83.8,
            "용적률":227,
            "건폐율":21,
            "Y":35.123767,
            "X":126.880082,
            "rank":94.0,
            "area_info":"23평(77.67), 23평(78.22)",
            "last_sales":"2022-01-08,21700.0,23평(77.67)"
        },
        {
            "index":279,
            "아파트명":"금호타운4차",
            "투자타입":"일반",
            "전용면적(m2)":"109.09",
            "전용면적(평)":"32평",
            "법정동주소":"광주시 서구 치평동 1161-5",
            "도로명주소":"광주시 서구 상무공원로 61",
            "세대수":50,
            "입주년차":0,
            "용적률점수":"--",
            "건폐율점수":"--",
            "세대당주차수":30,
            "난방방식":30,
            "공급면적":"--",
            "전용률":"--",
            "욕실수":100,
            "현관타입":100,
            "주거총점":45.0,
            "지역구공급총점":0.0,
            "역세권":"NA",
            "30분내 이동가능 거점":"NA",
            "1시간내 이동가능 거점":"NA",
            "교통총점":"NA",
            "백화점":0,
            "아울렛몰":100,
            "대형마트":80,
            "은행":0,
            "병원":60,
            "종합병원":100,
            "공원":100,
            "혐오시설":0,
            "인프라총점":51.0,
            "초등학군":93.36,
            "중학군":49.2,
            "학군총점":58.032,
            "인구수":34.39,
            "인구증감":-14.6,
            "인구총점":19.693,
            "일자리":19.8,
            "소득수준":63.56,
            "일자리총점":32.928,
            "가치 총점":50.658,
            "매매실거래년":20211022.0,
            "매매실거래가":49000.0,
            "전세실거래년":20211205.0,
            "전세실거래가":21490.0,
            "전세가율":43.86,
            "장기전세가율평균":78.75,
            "전세가율거품지수":34.89,
            "검색코드":5542,
            "세대수":487,
            "준공년월":"1998-05-29",
            "준공년차":25,
            "가까운역이름":"NA",
            "가까운역거리":"NA",
            "역세권여부":"NA",
            "30분이내주요거점역":"NA",
            "1시간이내주요거점역":"NA",
            "3km이내백화점수":0,
            "5km이내아울렛몰수":2,
            "1km이내대형먀트수":1,
            "500m이내은행수":1,
            "500m이내병원수":13,
            "5km이내대형병원수":8,
            "500m이내공원수":6,
            "3km이내혐오시설수":0,
            "초등학교학업성취도":93.36,
            "중학교학업성취도":81.4,
            "용적률":241,
            "건폐율":20,
            "Y":35.149184,
            "X":126.842454,
            "rank":95.0,
            "area_info":"32평(109.09)",
            "last_sales":"2021-10-22,49000.0,32평(109.09)"
        },
        {
            "index":136,
            "아파트명":"마륵한신휴플러스",
            "투자타입":"일반",
            "전용면적(m2)":"120.95",
            "전용면적(평)":"36평",
            "법정동주소":"광주시 서구 마륵동 803",
            "도로명주소":"광주시 서구 마륵복개로 98",
            "세대수":0,
            "입주년차":60,
            "용적률점수":"--",
            "건폐율점수":"--",
            "세대당주차수":60,
            "난방방식":30,
            "공급면적":"--",
            "전용률":"--",
            "욕실수":100,
            "현관타입":100,
            "주거총점":44.0,
            "지역구공급총점":0.0,
            "역세권":"NA",
            "30분내 이동가능 거점":"NA",
            "1시간내 이동가능 거점":"NA",
            "교통총점":"NA",
            "백화점":0,
            "아울렛몰":80,
            "대형마트":80,
            "은행":70,
            "병원":80,
            "종합병원":100,
            "공원":80,
            "혐오시설":0,
            "인프라총점":57.4,
            "초등학군":86.79,
            "중학군":39.6,
            "학군총점":49.038,
            "인구수":34.39,
            "인구증감":-14.6,
            "인구총점":19.693,
            "일자리":19.8,
            "소득수준":63.56,
            "일자리총점":32.928,
            "가치 총점":50.6195,
            "매매실거래년":20211020.0,
            "매매실거래가":57200.0,
            "전세실거래년":20211117.0,
            "전세실거래가":33000.0,
            "전세가율":57.69,
            "장기전세가율평균":78.75,
            "전세가율거품지수":21.06,
            "검색코드":103546,
            "세대수":238,
            "준공년월":"2013-05-31",
            "준공년차":10,
            "가까운역이름":"NA",
            "가까운역거리":"NA",
            "역세권여부":"NA",
            "30분이내주요거점역":"NA",
            "1시간이내주요거점역":"NA",
            "3km이내백화점수":0,
            "5km이내아울렛몰수":1,
            "1km이내대형먀트수":1,
            "500m이내은행수":3,
            "500m이내병원수":37,
            "5km이내대형병원수":8,
            "500m이내공원수":1,
            "3km이내혐오시설수":0,
            "초등학교학업성취도":86.79,
            "중학교학업성취도":65.6,
            "용적률":190,
            "건폐율":19,
            "Y":35.145662,
            "X":126.851228,
            "rank":96.0,
            "area_info":"36평(120.95), 43평(145.39), 48평(161.93)",
            "last_sales":"2021-10-20,57200.0,36평(120.95)"
        },
        {
            "index":353,
            "아파트명":"동부센트레빌",
            "투자타입":"일반",
            "전용면적(m2)":"116.02",
            "전용면적(평)":"35평",
            "법정동주소":"광주시 서구 풍암동 664-6",
            "도로명주소":"광주시 서구 풍암신흥로 40",
            "세대수":80,
            "입주년차":20,
            "용적률점수":"--",
            "건폐율점수":"--",
            "세대당주차수":60,
            "난방방식":30,
            "공급면적":"--",
            "전용률":"--",
            "욕실수":100,
            "현관타입":100,
            "주거총점":64.0,
            "지역구공급총점":0.0,
            "역세권":"NA",
            "30분내 이동가능 거점":"NA",
            "1시간내 이동가능 거점":"NA",
            "교통총점":"NA",
            "백화점":0,
            "아울렛몰":80,
            "대형마트":0,
            "은행":0,
            "병원":10,
            "종합병원":100,
            "공원":100,
            "혐오시설":0,
            "인프라총점":32.0,
            "초등학군":89.18,
            "중학군":53.62,
            "학군총점":60.732,
            "인구수":34.39,
            "인구증감":-14.6,
            "인구총점":19.693,
            "일자리":19.8,
            "소득수준":63.56,
            "일자리총점":32.928,
            "가치 총점":50.383,
            "매매실거래년":20220104.0,
            "매매실거래가":41200.0,
            "전세실거래년":20211215.0,
            "전세실거래가":32000.0,
            "전세가율":77.67,
            "장기전세가율평균":78.75,
            "전세가율거품지수":1.08,
            "검색코드":5379,
            "세대수":804,
            "준공년월":"2003-01-07",
            "준공년차":20,
            "가까운역이름":"NA",
            "가까운역거리":"NA",
            "역세권여부":"NA",
            "30분이내주요거점역":"NA",
            "1시간이내주요거점역":"NA",
            "3km이내백화점수":0,
            "5km이내아울렛몰수":1,
            "1km이내대형먀트수":0,
            "500m이내은행수":0,
            "500m이내병원수":3,
            "5km이내대형병원수":9,
            "500m이내공원수":7,
            "3km이내혐오시설수":0,
            "초등학교학업성취도":89.18,
            "중학교학업성취도":88.7,
            "용적률":224,
            "건폐율":15,
            "Y":35.120075,
            "X":126.867791,
            "rank":97.0,
            "area_info":"35평(116.02), 44평(146.91), 53평(175.78), 65평(215.01)",
            "last_sales":"2022-01-04,41200.0,35평(116.02)"
        },
        {
            "index":331,
            "아파트명":"해광한신",
            "투자타입":"일반",
            "전용면적(m2)":"71.89",
            "전용면적(평)":"21평",
            "법정동주소":"광주시 서구 치평동 1168",
            "도로명주소":"광주시 서구 상무공원로 114",
            "세대수":50,
            "입주년차":0,
            "용적률점수":"--",
            "건폐율점수":"--",
            "세대당주차수":0,
            "난방방식":30,
            "공급면적":"--",
            "전용률":"--",
            "욕실수":50,
            "현관타입":100,
            "주거총점":35.5,
            "지역구공급총점":0.0,
            "역세권":"NA",
            "30분내 이동가능 거점":"NA",
            "1시간내 이동가능 거점":"NA",
            "교통총점":"NA",
            "백화점":0,
            "아울렛몰":100,
            "대형마트":80,
            "은행":70,
            "병원":60,
            "종합병원":100,
            "공원":100,
            "혐오시설":0,
            "인프라총점":58.0,
            "초등학군":93.88,
            "중학군":49.2,
            "학군총점":58.136,
            "인구수":34.39,
            "인구증감":-14.6,
            "인구총점":19.693,
            "일자리":19.8,
            "소득수준":63.56,
            "일자리총점":32.928,
            "가치 총점":50.159,
            "매매실거래년":20211119.0,
            "매매실거래가":26500.0,
            "전세실거래년":20211212.0,
            "전세실거래가":14000.0,
            "전세가율":87.5,
            "장기전세가율평균":78.75,
            "전세가율거품지수":-8.75,
            "검색코드":5541,
            "세대수":522,
            "준공년월":"1998-02-10",
            "준공년차":25,
            "가까운역이름":"NA",
            "가까운역거리":"NA",
            "역세권여부":"NA",
            "30분이내주요거점역":"NA",
            "1시간이내주요거점역":"NA",
            "3km이내백화점수":0,
            "5km이내아울렛몰수":2,
            "1km이내대형먀트수":1,
            "500m이내은행수":3,
            "500m이내병원수":28,
            "5km이내대형병원수":10,
            "500m이내공원수":5,
            "3km이내혐오시설수":0,
            "초등학교학업성취도":93.88,
            "중학교학업성취도":81.4,
            "용적률":224,
            "건폐율":24,
            "Y":35.154417,
            "X":126.843916,
            "rank":98.0,
            "area_info":"21평(71.89), 21평(71.93), 23평(77.78), 23평(77.85)",
            "last_sales":"2021-11-19,26500.0,23평(77.85)"
        },
        {
            "index":395,
            "아파트명":"금호타운4차",
            "투자타입":"일반",
            "전용면적(m2)":"79.29",
            "전용면적(평)":"23평",
            "법정동주소":"광주시 서구 화정동 1072",
            "도로명주소":"광주시 서구 화운로23번길 7-8",
            "세대수":50,
            "입주년차":0,
            "용적률점수":"--",
            "건폐율점수":"--",
            "세대당주차수":0,
            "난방방식":30,
            "공급면적":"--",
            "전용률":"--",
            "욕실수":50,
            "현관타입":100,
            "주거총점":35.5,
            "지역구공급총점":0.0,
            "역세권":"NA",
            "30분내 이동가능 거점":"NA",
            "1시간내 이동가능 거점":"NA",
            "교통총점":"NA",
            "백화점":100,
            "아울렛몰":80,
            "대형마트":0,
            "은행":0,
            "병원":30,
            "종합병원":100,
            "공원":100,
            "혐오시설":0,
            "인프라총점":64.0,
            "초등학군":90.98,
            "중학군":37.54,
            "학군총점":48.228,
            "인구수":34.39,
            "인구증감":-14.6,
            "인구총점":19.693,
            "일자리":19.8,
            "소득수준":63.56,
            "일자리총점":32.928,
            "가치 총점":50.082,
            "매매실거래년":20220105.0,
            "매매실거래가":26000.0,
            "전세실거래년":20180521.0,
            "전세실거래가":1500.0,
            "전세가율":7.98,
            "장기전세가율평균":78.75,
            "전세가율거품지수":70.77,
            "검색코드":5499,
            "세대수":471,
            "준공년월":"1996-12-06",
            "준공년차":27,
            "가까운역이름":"NA",
            "가까운역거리":"NA",
            "역세권여부":"NA",
            "30분이내주요거점역":"NA",
            "1시간이내주요거점역":"NA",
            "3km이내백화점수":2,
            "5km이내아울렛몰수":1,
            "1km이내대형먀트수":0,
            "500m이내은행수":1,
            "500m이내병원수":8,
            "5km이내대형병원수":13,
            "500m이내공원수":6,
            "3km이내혐오시설수":0,
            "초등학교학업성취도":90.98,
            "중학교학업성취도":62.1,
            "용적률":239,
            "건폐율":17,
            "Y":35.141853,
            "X":126.883368,
            "rank":99.0,
            "area_info":"23평(79.29), 32평(107.43), 32평(107.47), 32평(108.65), 48평(161.05)",
            "last_sales":"2022-01-05,26000.0,32평(107.43)"
        },
        {
            "index":25,
            "아파트명":"금호만호마을쌍용예가",
            "투자타입":"일반",
            "전용면적(m2)":"138.82",
            "전용면적(평)":"41평",
            "법정동주소":"광주시 서구 금호동 931",
            "도로명주소":"광주시 서구 금화로 25",
            "세대수":30,
            "입주년차":60,
            "용적률점수":"--",
            "건폐율점수":"--",
            "세대당주차수":80,
            "난방방식":30,
            "공급면적":"--",
            "전용률":"--",
            "욕실수":100,
            "현관타입":100,
            "주거총점":57.5,
            "지역구공급총점":0.0,
            "역세권":"NA",
            "30분내 이동가능 거점":"NA",
            "1시간내 이동가능 거점":"NA",
            "교통총점":"NA",
            "백화점":0,
            "아울렛몰":80,
            "대형마트":0,
            "은행":0,
            "병원":60,
            "종합병원":100,
            "공원":100,
            "혐오시설":0,
            "인프라총점":37.0,
            "초등학군":90.63,
            "중학군":51.58,
            "학군총점":59.39,
            "인구수":34.39,
            "인구증감":-14.6,
            "인구총점":19.693,
            "일자리":19.8,
            "소득수준":63.56,
            "일자리총점":32.928,
            "가치 총점":49.7725,
            "매매실거래년":20211010.0,
            "매매실거래가":99500.0,
            "전세실거래년":20210302.0,
            "전세실거래가":40000.0,
            "전세가율":56.86,
            "장기전세가율평균":78.75,
            "전세가율거품지수":21.89,
            "검색코드":108920,
            "세대수":336,
            "준공년월":"2009-03-06",
            "준공년차":14,
            "가까운역이름":"NA",
            "가까운역거리":"NA",
            "역세권여부":"NA",
            "30분이내주요거점역":"NA",
            "1시간이내주요거점역":"NA",
            "3km이내백화점수":0,
            "5km이내아울렛몰수":1,
            "1km이내대형먀트수":0,
            "500m이내은행수":0,
            "500m이내병원수":15,
            "5km이내대형병원수":7,
            "500m이내공원수":3,
            "3km이내혐오시설수":0,
            "초등학교학업성취도":90.63,
            "중학교학업성취도":85.5,
            "용적률":172,
            "건폐율":20,
            "Y":35.133114,
            "X":126.85305,
            "rank":100.0,
            "area_info":"41평(138.82), 49평(163.02), 54평(181.41)",
            "last_sales":"2021-10-10,99500.0,54평(181.41)"
        },
        {
            "index":490,
            "아파트명":"한양",
            "투자타입":"일반",
            "전용면적(m2)":"84.66",
            "전용면적(평)":"25평",
            "법정동주소":"광주시 서구 화정동 1023",
            "도로명주소":"광주시 서구 월드컵4강로28번길 46",
            "세대수":30,
            "입주년차":0,
            "용적률점수":"--",
            "건폐율점수":"--",
            "세대당주차수":0,
            "난방방식":30,
            "공급면적":"--",
            "전용률":"--",
            "욕실수":50,
            "현관타입":10,
            "주거총점":19.5,
            "지역구공급총점":0.0,
            "역세권":"NA",
            "30분내 이동가능 거점":"NA",
            "1시간내 이동가능 거점":"NA",
            "교통총점":"NA",
            "백화점":100,
            "아울렛몰":80,
            "대형마트":80,
            "은행":0,
            "병원":30,
            "종합병원":100,
            "공원":100,
            "혐오시설":0,
            "인프라총점":76.0,
            "초등학군":90.98,
            "중학군":37.54,
            "학군총점":48.228,
            "인구수":34.39,
            "인구증감":-14.6,
            "인구총점":19.693,
            "일자리":19.8,
            "소득수준":63.56,
            "일자리총점":32.928,
            "가치 총점":49.282,
            "매매실거래년":20211105.0,
            "매매실거래가":13600.0,
            "전세실거래년":20211209.0,
            "전세실거래가":11500.0,
            "전세가율":84.56,
            "장기전세가율평균":78.75,
            "전세가율거품지수":-5.81,
            "검색코드":5509,
            "세대수":373,
            "준공년월":"1998-10-26",
            "준공년차":25,
            "가까운역이름":"NA",
            "가까운역거리":"NA",
            "역세권여부":"NA",
            "30분이내주요거점역":"NA",
            "1시간이내주요거점역":"NA",
            "3km이내백화점수":1,
            "5km이내아울렛몰수":1,
            "1km이내대형먀트수":1,
            "500m이내은행수":1,
            "500m이내병원수":8,
            "5km이내대형병원수":12,
            "500m이내공원수":6,
            "3km이내혐오시설수":0,
            "초등학교학업성취도":90.98,
            "중학교학업성취도":62.1,
            "용적률":273,
            "건폐율":20,
            "Y":35.139965,
            "X":126.880969,
            "rank":101.0,
            "area_info":"25평(84.66), 31평(102.6), 45평(152.01)",
            "last_sales":"2021-11-05,13600.0,25평(84.66)"
        },
        {
            "index":392,
            "아파트명":"금호타운3차",
            "투자타입":"일반",
            "전용면적(m2)":"82.62",
            "전용면적(평)":"24평",
            "법정동주소":"광주시 서구 화정동 366-19",
            "도로명주소":"광주시 서구 화정로180번길 6",
            "세대수":30,
            "입주년차":0,
            "용적률점수":"--",
            "건폐율점수":"--",
            "세대당주차수":0,
            "난방방식":30,
            "공급면적":"--",
            "전용률":"--",
            "욕실수":50,
            "현관타입":10,
            "주거총점":19.5,
            "지역구공급총점":0.0,
            "역세권":"NA",
            "30분내 이동가능 거점":"NA",
            "1시간내 이동가능 거점":"NA",
            "교통총점":"NA",
            "백화점":100,
            "아울렛몰":80,
            "대형마트":0,
            "은행":70,
            "병원":60,
            "종합병원":100,
            "공원":100,
            "혐오시설":0,
            "인프라총점":74.0,
            "초등학군":89.39,
            "중학군":41.92,
            "학군총점":51.414,
            "인구수":34.39,
            "인구증감":-14.6,
            "인구총점":19.693,
            "일자리":19.8,
            "소득수준":63.56,
            "일자리총점":32.928,
            "가치 총점":49.2785,
            "매매실거래년":20211206.0,
            "매매실거래가":17200.0,
            "전세실거래년":20211019.0,
            "전세실거래가":13000.0,
            "전세가율":75.58,
            "장기전세가율평균":78.75,
            "전세가율거품지수":3.17,
            "검색코드":5497,
            "세대수":313,
            "준공년월":"1995-03-18",
            "준공년차":28,
            "가까운역이름":"NA",
            "가까운역거리":"NA",
            "역세권여부":"NA",
            "30분이내주요거점역":"NA",
            "1시간이내주요거점역":"NA",
            "3km이내백화점수":1,
            "5km이내아울렛몰수":1,
            "1km이내대형먀트수":0,
            "500m이내은행수":4,
            "500m이내병원수":25,
            "5km이내대형병원수":14,
            "500m이내공원수":9,
            "3km이내혐오시설수":0,
            "초등학교학업성취도":89.39,
            "중학교학업성취도":69.6,
            "용적률":228,
            "건폐율":24,
            "Y":35.145167,
            "X":126.875312,
            "rank":102.0,
            "area_info":"24평(82.62), 31평(104.14), 48평(160.49)",
            "last_sales":"2021-12-06,17200.0,24평(82.62)"
        },
        {
            "index":45,
            "아파트명":"금호진흥더루벤스",
            "투자타입":"일반",
            "전용면적(m2)":"165.34",
            "전용면적(평)":"50평",
            "법정동주소":"광주시 서구 금호동 268-1",
            "도로명주소":"광주시 서구 금화로59번길 12",
            "세대수":30,
            "입주년차":60,
            "용적률점수":"--",
            "건폐율점수":"--",
            "세대당주차수":80,
            "난방방식":30,
            "공급면적":"--",
            "전용률":"--",
            "욕실수":100,
            "현관타입":100,
            "주거총점":57.5,
            "지역구공급총점":0.0,
            "역세권":"NA",
            "30분내 이동가능 거점":"NA",
            "1시간내 이동가능 거점":"NA",
            "교통총점":"NA",
            "백화점":0,
            "아울렛몰":80,
            "대형마트":0,
            "은행":0,
            "병원":80,
            "종합병원":100,
            "공원":100,
            "혐오시설":0,
            "인프라총점":39.0,
            "초등학군":90.63,
            "중학군":44.06,
            "학군총점":53.374,
            "인구수":34.39,
            "인구증감":-14.6,
            "인구총점":19.693,
            "일자리":19.8,
            "소득수준":63.56,
            "일자리총점":32.928,
            "가치 총점":49.0685,
            "매매실거래년":20211206.0,
            "매매실거래가":80800.0,
            "전세실거래년":20210501.0,
            "전세실거래가":35000.0,
            "전세가율":43.32,
            "장기전세가율평균":78.75,
            "전세가율거품지수":35.43,
            "검색코드":108921,
            "세대수":330,
            "준공년월":"2009-08-10",
            "준공년차":14,
            "가까운역이름":"NA",
            "가까운역거리":"NA",
            "역세권여부":"NA",
            "30분이내주요거점역":"NA",
            "1시간이내주요거점역":"NA",
            "3km이내백화점수":0,
            "5km이내아울렛몰수":1,
            "1km이내대형먀트수":0,
            "500m이내은행수":1,
            "500m이내병원수":47,
            "5km이내대형병원수":7,
            "500m이내공원수":8,
            "3km이내혐오시설수":0,
            "초등학교학업성취도":90.63,
            "중학교학업성취도":73.1,
            "용적률":189,
            "건폐율":21,
            "Y":35.133811,
            "X":126.856145,
            "rank":103.0,
            "area_info":"50평(165.34)",
            "last_sales":"2021-12-06,80800.0,50평(165.34)"
        },
        {
            "index":62,
            "아파트명":"매월아델리움&로제비앙",
            "투자타입":"일반",
            "전용면적(m2)":"107.73",
            "전용면적(평)":"32평",
            "법정동주소":"광주시 서구 금호동 1110",
            "도로명주소":"광주시 서구 화개중앙로87번길 15",
            "세대수":50,
            "입주년차":80,
            "용적률점수":"--",
            "건폐율점수":"--",
            "세대당주차수":30,
            "난방방식":30,
            "공급면적":"--",
            "전용률":"--",
            "욕실수":100,
            "현관타입":100,
            "주거총점":61.0,
            "지역구공급총점":0.0,
            "역세권":"NA",
            "30분내 이동가능 거점":"NA",
            "1시간내 이동가능 거점":"NA",
            "교통총점":"NA",
            "백화점":0,
            "아울렛몰":80,
            "대형마트":0,
            "은행":0,
            "병원":10,
            "종합병원":100,
            "공원":100,
            "혐오시설":0,
            "인프라총점":32.0,
            "초등학군":90.99,
            "중학군":51.58,
            "학군총점":59.462,
            "인구수":34.39,
            "인구증감":-14.6,
            "인구총점":19.693,
            "일자리":19.8,
            "소득수준":63.56,
            "일자리총점":32.928,
            "가치 총점":49.0155,
            "매매실거래년":20200224.0,
            "매매실거래가":40800.0,
            "전세실거래년":20200222.0,
            "전세실거래가":30000.0,
            "전세가율":73.53,
            "장기전세가율평균":78.75,
            "전세가율거품지수":5.22,
            "검색코드":109068,
            "세대수":686,
            "준공년월":"2017-02-01",
            "준공년차":6,
            "가까운역이름":"NA",
            "가까운역거리":"NA",
            "역세권여부":"NA",
            "30분이내주요거점역":"NA",
            "1시간이내주요거점역":"NA",
            "3km이내백화점수":0,
            "5km이내아울렛몰수":1,
            "1km이내대형먀트수":0,
            "500m이내은행수":0,
            "500m이내병원수":3,
            "5km이내대형병원수":6,
            "500m이내공원수":2,
            "3km이내혐오시설수":0,
            "초등학교학업성취도":90.99,
            "중학교학업성취도":85.5,
            "용적률":197,
            "건폐율":18,
            "Y":35.126533,
            "X":126.852001,
            "rank":104.0,
            "area_info":"32평(107.73), 34평(114.05)",
            "last_sales":"2020-02-24,40800.0,32평(107.73)"
        },
        {
            "index":379,
            "아파트명":"현대삼환",
            "투자타입":"일반",
            "전용면적(m2)":"120.65",
            "전용면적(평)":"36평",
            "법정동주소":"광주시 서구 풍암동 1096",
            "도로명주소":"광주시 서구 풍암1로 53",
            "세대수":50,
            "입주년차":20,
            "용적률점수":"--",
            "건폐율점수":"--",
            "세대당주차수":60,
            "난방방식":30,
            "공급면적":"--",
            "전용률":"--",
            "욕실수":100,
            "현관타입":100,
            "주거총점":53.5,
            "지역구공급총점":0.0,
            "역세권":"NA",
            "30분내 이동가능 거점":"NA",
            "1시간내 이동가능 거점":"NA",
            "교통총점":"NA",
            "백화점":0,
            "아울렛몰":80,
            "대형마트":0,
            "은행":20,
            "병원":60,
            "종합병원":100,
            "공원":100,
            "혐오시설":0,
            "인프라총점":39.0,
            "초등학군":88.8,
            "중학군":50.8,
            "학군총점":58.4,
            "인구수":34.39,
            "인구증감":-14.6,
            "인구총점":19.693,
            "일자리":19.8,
            "소득수준":63.56,
            "일자리총점":32.928,
            "가치 총점":48.925,
            "매매실거래년":20211227.0,
            "매매실거래가":50300.0,
            "전세실거래년":20201013.0,
            "전세실거래가":28000.0,
            "전세가율":67.47,
            "장기전세가율평균":78.75,
            "전세가율거품지수":11.28,
            "검색코드":5401,
            "세대수":424,
            "준공년월":"2000-06-07",
            "준공년차":23,
            "가까운역이름":"NA",
            "가까운역거리":"NA",
            "역세권여부":"NA",
            "30분이내주요거점역":"NA",
            "1시간이내주요거점역":"NA",
            "3km이내백화점수":0,
            "5km이내아울렛몰수":1,
            "1km이내대형먀트수":0,
            "500m이내은행수":2,
            "500m이내병원수":23,
            "5km이내대형병원수":13,
            "500m이내공원수":11,
            "3km이내혐오시설수":0,
            "초등학교학업성취도":88.8,
            "중학교학업성취도":83.8,
            "용적률":240,
            "건폐율":18,
            "Y":35.122294,
            "X":126.879675,
            "rank":105.0,
            "area_info":"36평(120.65), 38평(127.0), 49평(162.45)",
            "last_sales":"2021-12-27,50300.0,49평(162.45)"
        },
        {
            "index":417,
            "아파트명":"대주",
            "투자타입":"재건축",
            "전용면적(m2)":"102.24",
            "전용면적(평)":"30평",
            "법정동주소":"광주시 서구 화정동 1193",
            "도로명주소":"광주시 서구 화운로 37",
            "세대수":0,
            "입주년차":"--",
            "용적률점수":0,
            "건폐율점수":100,
            "세대당주차수":"--",
            "난방방식":"--",
            "공급면적":90,
            "전용률":80,
            "욕실수":"--",
            "현관타입":"--",
            "주거총점":28.5,
            "지역구공급총점":0.0,
            "역세권":"NA",
            "30분내 이동가능 거점":"NA",
            "1시간내 이동가능 거점":"NA",
            "교통총점":"NA",
            "백화점":100,
            "아울렛몰":80,
            "대형마트":0,
            "은행":0,
            "병원":60,
            "종합병원":100,
            "공원":100,
            "혐오시설":0,
            "인프라총점":67.0,
            "초등학군":90.98,
            "중학군":37.54,
            "학군총점":48.228,
            "인구수":34.39,
            "인구증감":-14.6,
            "인구총점":19.693,
            "일자리":19.8,
            "소득수준":63.56,
            "일자리총점":32.928,
            "가치 총점":48.832,
            "매매실거래년":20211204.0,
            "매매실거래가":20500.0,
            "전세실거래년":20210616.0,
            "전세실거래가":14000.0,
            "전세가율":68.29,
            "장기전세가율평균":78.75,
            "전세가율거품지수":10.46,
            "검색코드":5456,
            "세대수":298,
            "준공년월":"1992-12-31",
            "준공년차":31,
            "가까운역이름":"NA",
            "가까운역거리":"NA",
            "역세권여부":"NA",
            "30분이내주요거점역":"NA",
            "1시간이내주요거점역":"NA",
            "3km이내백화점수":2,
            "5km이내아울렛몰수":1,
            "1km이내대형먀트수":0,
            "500m이내은행수":1,
            "500m이내병원수":12,
            "5km이내대형병원수":14,
            "500m이내공원수":6,
            "3km이내혐오시설수":0,
            "초등학교학업성취도":90.98,
            "중학교학업성취도":62.1,
            "용적률":289,
            "건폐율":9,
            "Y":35.143679,
            "X":126.883025,
            "rank":106.0,
            "area_info":"30평(102.24), 41평(138.79)",
            "last_sales":"2021-12-04,20500.0,30평(102.24)"
        },
        {
            "index":10,
            "아파트명":"광천남화",
            "투자타입":"일반",
            "전용면적(m2)":"83.98",
            "전용면적(평)":"25평",
            "법정동주소":"광주시 서구 광천동 670",
            "도로명주소":"광주시 서구 광천효광길 6",
            "세대수":0,
            "입주년차":0,
            "용적률점수":"--",
            "건폐율점수":"--",
            "세대당주차수":0,
            "난방방식":30,
            "공급면적":"--",
            "전용률":"--",
            "욕실수":50,
            "현관타입":100,
            "주거총점":18.0,
            "지역구공급총점":0.0,
            "역세권":"NA",
            "30분내 이동가능 거점":"NA",
            "1시간내 이동가능 거점":"NA",
            "교통총점":"NA",
            "백화점":100,
            "아울렛몰":80,
            "대형마트":80,
            "은행":0,
            "병원":0,
            "종합병원":100,
            "공원":0,
            "혐오시설":0,
            "인프라총점":70.0,
            "초등학군":90.34,
            "중학군":49.86,
            "학군총점":57.956,
            "인구수":34.39,
            "인구증감":-14.6,
            "인구총점":19.693,
            "일자리":19.8,
            "소득수준":63.56,
            "일자리총점":32.928,
            "가치 총점":48.789,
            "매매실거래년":20211014.0,
            "매매실거래가":49800.0,
            "전세실거래년":20211203.0,
            "전세실거래가":8500.0,
            "전세가율":17.07,
            "장기전세가율평균":78.75,
            "전세가율거품지수":61.68,
            "검색코드":5368,
            "세대수":125,
            "준공년월":"1997-08-30",
            "준공년차":26,
            "가까운역이름":"NA",
            "가까운역거리":"NA",
            "역세권여부":"NA",
            "30분이내주요거점역":"NA",
            "1시간이내주요거점역":"NA",
            "3km이내백화점수":1,
            "5km이내아울렛몰수":1,
            "1km이내대형먀트수":1,
            "500m이내은행수":0,
            "500m이내병원수":1,
            "5km이내대형병원수":15,
            "500m이내공원수":0,
            "3km이내혐오시설수":0,
            "초등학교학업성취도":90.34,
            "중학교학업성취도":82.5,
            "용적률":249,
            "건폐율":22,
            "Y":35.16751,
            "X":126.87954,
            "rank":107.0,
            "area_info":"25평(83.98)",
            "last_sales":"2021-10-14,49800.0,25평(83.98)"
        },
        {
            "index":291,
            "아파트명":"상무e-다움골드(도시형)",
            "투자타입":"일반",
            "전용면적(m2)":"28.74",
            "전용면적(평)":"8평",
            "법정동주소":"광주시 서구 치평동 1259-4",
            "도로명주소":"광주시 서구 시청로 7",
            "세대수":0,
            "입주년차":80,
            "용적률점수":"--",
            "건폐율점수":"--",
            "세대당주차수":0,
            "난방방식":30,
            "공급면적":"--",
            "전용률":"--",
            "욕실수":50,
            "현관타입":10,
            "주거총점":25.0,
            "지역구공급총점":0.0,
            "역세권":"NA",
            "30분내 이동가능 거점":"NA",
            "1시간내 이동가능 거점":"NA",
            "교통총점":"NA",
            "백화점":0,
            "아울렛몰":80,
            "대형마트":80,
            "은행":100,
            "병원":100,
            "종합병원":100,
            "공원":100,
            "혐오시설":0,
            "인프라총점":63.0,
            "초등학군":93.36,
            "중학군":49.2,
            "학군총점":58.032,
            "인구수":34.39,
            "인구증감":-14.6,
            "인구총점":19.693,
            "일자리":19.8,
            "소득수준":63.56,
            "일자리총점":32.928,
            "가치 총점":48.458,
            "매매실거래년":20211204.0,
            "매매실거래가":7500.0,
            "전세실거래년":null,
            "전세실거래가":null,
            "전세가율":null,
            "장기전세가율평균":78.75,
            "전세가율거품지수":null,
            "검색코드":112366,
            "세대수":240,
            "준공년월":"2014-08-01",
            "준공년차":9,
            "가까운역이름":"NA",
            "가까운역거리":"NA",
            "역세권여부":"NA",
            "30분이내주요거점역":"NA",
            "1시간이내주요거점역":"NA",
            "3km이내백화점수":0,
            "5km이내아울렛몰수":1,
            "1km이내대형먀트수":1,
            "500m이내은행수":7,
            "500m이내병원수":97,
            "5km이내대형병원수":9,
            "500m이내공원수":2,
            "3km이내혐오시설수":0,
            "초등학교학업성취도":93.36,
            "중학교학업성취도":81.4,
            "용적률":669,
            "건폐율":68,
            "Y":35.149124,
            "X":126.851311,
            "rank":108.0,
            "area_info":"8평(28.74), 9평(33.02), 10평(35.86), 11평(38.8), 12평(41.36), 13평(44.45)",
            "last_sales":"2021-12-04,7500.0,13평(44.45)"
        },
        {
            "index":170,
            "아파트명":"상무푸르지오",
            "투자타입":"일반",
            "전용면적(m2)":"129.74",
            "전용면적(평)":"39평",
            "법정동주소":"광주시 서구 쌍촌동 904",
            "도로명주소":"광주시 서구 금호운천길 83",
            "세대수":50,
            "입주년차":60,
            "용적률점수":"--",
            "건폐율점수":"--",
            "세대당주차수":80,
            "난방방식":30,
            "공급면적":"--",
            "전용률":"--",
            "욕실수":100,
            "현관타입":100,
            "주거총점":64.5,
            "지역구공급총점":0.0,
            "역세권":"NA",
            "30분내 이동가능 거점":"NA",
            "1시간내 이동가능 거점":"NA",
            "교통총점":"NA",
            "백화점":0,
            "아울렛몰":80,
            "대형마트":0,
            "은행":0,
            "병원":30,
            "종합병원":100,
            "공원":100,
            "혐오시설":0,
            "인프라총점":34.0,
            "초등학군":86.79,
            "중학군":39.6,
            "학군총점":49.038,
            "인구수":34.39,
            "인구증감":-14.6,
            "인구총점":19.693,
            "일자리":19.8,
            "소득수준":63.56,
            "일자리총점":32.928,
            "가치 총점":48.4345,
            "매매실거래년":20211222.0,
            "매매실거래가":93500.0,
            "전세실거래년":20210123.0,
            "전세실거래가":49000.0,
            "전세가율":82.35,
            "장기전세가율평균":78.75,
            "전세가율거품지수":-3.6,
            "검색코드":103311,
            "세대수":470,
            "준공년월":"2011-06-30",
            "준공년차":12,
            "가까운역이름":"NA",
            "가까운역거리":"NA",
            "역세권여부":"NA",
            "30분이내주요거점역":"NA",
            "1시간이내주요거점역":"NA",
            "3km이내백화점수":0,
            "5km이내아울렛몰수":1,
            "1km이내대형먀트수":0,
            "500m이내은행수":1,
            "500m이내병원수":6,
            "5km이내대형병원수":9,
            "500m이내공원수":5,
            "3km이내혐오시설수":0,
            "초등학교학업성취도":86.79,
            "중학교학업성취도":65.6,
            "용적률":175,
            "건폐율":18,
            "Y":35.142895,
            "X":126.854998,
            "rank":109.0,
            "area_info":"39평(129.74), 47평(158.39), 55평(184.12)",
            "last_sales":"2021-12-22,93500.0,47평(158.39)"
        },
        {
            "index":400,
            "아파트명":"금호하이빌",
            "투자타입":"일반",
            "전용면적(m2)":"48.95",
            "전용면적(평)":"14평",
            "법정동주소":"광주시 서구 화정동 23-15",
            "도로명주소":"광주시 서구 내방로343번길 19",
            "세대수":0,
            "입주년차":0,
            "용적률점수":"--",
            "건폐율점수":"--",
            "세대당주차수":0,
            "난방방식":30,
            "공급면적":"--",
            "전용률":"--",
            "욕실수":50,
            "현관타입":100,
            "주거총점":18.0,
            "지역구공급총점":0.0,
            "역세권":"NA",
            "30분내 이동가능 거점":"NA",
            "1시간내 이동가능 거점":"NA",
            "교통총점":"NA",
            "백화점":100,
            "아울렛몰":80,
            "대형마트":80,
            "은행":0,
            "병원":10,
            "종합병원":100,
            "공원":0,
            "혐오시설":0,
            "인프라총점":71.0,
            "초등학군":87.3,
            "중학군":46.72,
            "학군총점":54.836,
            "인구수":34.39,
            "인구증감":-14.6,
            "인구총점":19.693,
            "일자리":19.8,
            "소득수준":63.56,
            "일자리총점":32.928,
            "가치 총점":48.409,
            "매매실거래년":"18000101",
            "매매실거래가":null,
            "전세실거래년":null,
            "전세실거래가":null,
            "전세가율":null,
            "장기전세가율평균":78.75,
            "전세가율거품지수":null,
            "검색코드":16727,
            "세대수":109,
            "준공년월":"1997-09-25",
            "준공년차":26,
            "가까운역이름":"NA",
            "가까운역거리":"NA",
            "역세권여부":"NA",
            "30분이내주요거점역":"NA",
            "1시간이내주요거점역":"NA",
            "3km이내백화점수":1,
            "5km이내아울렛몰수":1,
            "1km이내대형먀트수":1,
            "500m이내은행수":1,
            "500m이내병원수":4,
            "5km이내대형병원수":15,
            "500m이내공원수":0,
            "3km이내혐오시설수":0,
            "초등학교학업성취도":87.3,
            "중학교학업성취도":77.6,
            "용적률":332,
            "건폐율":56,
            "Y":35.15906,
            "X":126.87795,
            "rank":110.0,
            "area_info":"14평(48.95), 15평(50.91), 16평(54.71), 18평(62.33), 19평(65.27), 20평(67.47), 22평(75.58), 23평(76.87), 29평(96.53)",
            "last_sales":"1800-01-01,nan,14평(48.95)"
        },
        {
            "index":54,
            "아파트명":"대주파크빌",
            "투자타입":"일반",
            "전용면적(m2)":"80.27",
            "전용면적(평)":"24평",
            "법정동주소":"광주시 서구 금호동 813",
            "도로명주소":"광주시 서구 화개1로24번길 9",
            "세대수":90,
            "입주년차":20,
            "용적률점수":"--",
            "건폐율점수":"--",
            "세대당주차수":0,
            "난방방식":30,
            "공급면적":"--",
            "전용률":"--",
            "욕실수":50,
            "현관타입":100,
            "주거총점":53.5,
            "지역구공급총점":0.0,
            "역세권":"NA",
            "30분내 이동가능 거점":"NA",
            "1시간내 이동가능 거점":"NA",
            "교통총점":"NA",
            "백화점":0,
            "아울렛몰":80,
            "대형마트":0,
            "은행":0,
            "병원":60,
            "종합병원":100,
            "공원":100,
            "혐오시설":0,
            "인프라총점":37.0,
            "초등학군":90.99,
            "중학군":51.58,
            "학군총점":59.462,
            "인구수":34.39,
            "인구증감":-14.6,
            "인구총점":19.693,
            "일자리":19.8,
            "소득수준":63.56,
            "일자리총점":32.928,
            "가치 총점":48.3905,
            "매매실거래년":20211218.0,
            "매매실거래가":19500.0,
            "전세실거래년":20211110.0,
            "전세실거래가":15500.0,
            "전세가율":83.33,
            "장기전세가율평균":78.75,
            "전세가율거품지수":-4.58,
            "검색코드":5442,
            "세대수":1242,
            "준공년월":"2000-06-12",
            "준공년차":23,
            "가까운역이름":"NA",
            "가까운역거리":"NA",
            "역세권여부":"NA",
            "30분이내주요거점역":"NA",
            "1시간이내주요거점역":"NA",
            "3km이내백화점수":0,
            "5km이내아울렛몰수":1,
            "1km이내대형먀트수":0,
            "500m이내은행수":0,
            "500m이내병원수":25,
            "5km이내대형병원수":7,
            "500m이내공원수":6,
            "3km이내혐오시설수":0,
            "초등학교학업성취도":90.99,
            "중학교학업성취도":85.5,
            "용적률":221,
            "건폐율":9,
            "Y":35.127999,
            "X":126.856347,
            "rank":111.0,
            "area_info":"24평(80.27), 25평(84.42), 25평(84.22), 33평(110.45)",
            "last_sales":"2021-12-18,19500.0,25평(84.22)"
        },
        {
            "index":104,
            "아파트명":"농성유탑유블레스",
            "투자타입":"일반",
            "전용면적(m2)":"28.74",
            "전용면적(평)":"8평",
            "법정동주소":"광주시 서구 농성동 112-1",
            "도로명주소":"광주시 서구 경열로45번길 13",
            "세대수":0,
            "입주년차":60,
            "용적률점수":"--",
            "건폐율점수":"--",
            "세대당주차수":0,
            "난방방식":30,
            "공급면적":"--",
            "전용률":"--",
            "욕실수":50,
            "현관타입":10,
            "주거총점":21.0,
            "지역구공급총점":0.0,
            "역세권":"NA",
            "30분내 이동가능 거점":"NA",
            "1시간내 이동가능 거점":"NA",
            "교통총점":"NA",
            "백화점":100,
            "아울렛몰":80,
            "대형마트":0,
            "은행":20,
            "병원":30,
            "종합병원":100,
            "공원":100,
            "혐오시설":0,
            "인프라총점":66.0,
            "초등학군":87.51,
            "중학군":47.96,
            "학군총점":55.87,
            "인구수":34.39,
            "인구증감":-14.6,
            "인구총점":19.693,
            "일자리":19.8,
            "소득수준":63.56,
            "일자리총점":32.928,
            "가치 총점":47.7175,
            "매매실거래년":20220107.0,
            "매매실거래가":5300.0,
            "전세실거래년":20211111.0,
            "전세실거래가":5200.0,
            "전세가율":98.11,
            "장기전세가율평균":78.75,
            "전세가율거품지수":-19.36,
            "검색코드":106339,
            "세대수":292,
            "준공년월":"2012-12-07",
            "준공년차":11,
            "가까운역이름":"NA",
            "가까운역거리":"NA",
            "역세권여부":"NA",
            "30분이내주요거점역":"NA",
            "1시간이내주요거점역":"NA",
            "3km이내백화점수":2,
            "5km이내아울렛몰수":1,
            "1km이내대형먀트수":0,
            "500m이내은행수":2,
            "500m이내병원수":8,
            "5km이내대형병원수":15,
            "500m이내공원수":8,
            "3km이내혐오시설수":0,
            "초등학교학업성취도":87.51,
            "중학교학업성취도":79.0,
            "용적률":193,
            "건폐율":18,
            "Y":35.152205,
            "X":126.891677,
            "rank":112.0,
            "area_info":"8평(28.74), 8평(28.7), 11평(36.42), 13평(43.29), 59평(197.22)",
            "last_sales":"2022-01-07,5300.0,8평(28.74)"
        },
        {
            "index":70,
            "아파트명":"중흥",
            "투자타입":"일반",
            "전용면적(m2)":"76.89",
            "전용면적(평)":"23평",
            "법정동주소":"광주시 서구 금호동 787",
            "도로명주소":"광주시 서구 마재로 21",
            "세대수":90,
            "입주년차":20,
            "용적률점수":"--",
            "건폐율점수":"--",
            "세대당주차수":0,
            "난방방식":30,
            "공급면적":"--",
            "전용률":"--",
            "욕실수":50,
            "현관타입":100,
            "주거총점":53.5,
            "지역구공급총점":0.0,
            "역세권":"NA",
            "30분내 이동가능 거점":"NA",
            "1시간내 이동가능 거점":"NA",
            "교통총점":"NA",
            "백화점":0,
            "아울렛몰":80,
            "대형마트":0,
            "은행":0,
            "병원":80,
            "종합병원":100,
            "공원":100,
            "혐오시설":0,
            "인프라총점":39.0,
            "초등학군":88.69,
            "중학군":44.06,
            "학군총점":52.986,
            "인구수":34.39,
            "인구증감":-14.6,
            "인구총점":19.693,
            "일자리":19.8,
            "소득수준":63.56,
            "일자리총점":32.928,
            "가치 총점":47.5715,
            "매매실거래년":20220110.0,
            "매매실거래가":20000.0,
            "전세실거래년":20220108.0,
            "전세실거래가":17000.0,
            "전세가율":73.91,
            "장기전세가율평균":78.75,
            "전세가율거품지수":4.84,
            "검색코드":5439,
            "세대수":1437,
            "준공년월":"2000-04-28",
            "준공년차":23,
            "가까운역이름":"NA",
            "가까운역거리":"NA",
            "역세권여부":"NA",
            "30분이내주요거점역":"NA",
            "1시간이내주요거점역":"NA",
            "3km이내백화점수":0,
            "5km이내아울렛몰수":1,
            "1km이내대형먀트수":0,
            "500m이내은행수":1,
            "500m이내병원수":40,
            "5km이내대형병원수":8,
            "500m이내공원수":4,
            "3km이내혐오시설수":0,
            "초등학교학업성취도":88.69,
            "중학교학업성취도":73.1,
            "용적률":227,
            "건폐율":21,
            "Y":35.131712,
            "X":126.862056,
            "rank":113.0,
            "area_info":"23평(76.89), 23평(77.31), 23평(77.26)",
            "last_sales":"2022-01-10,20000.0,23평(77.31)"
        },
        {
            "index":252,
            "아파트명":"갤러리303",
            "투자타입":"일반",
            "전용면적(m2)":"178.78",
            "전용면적(평)":"54평",
            "법정동주소":"광주시 서구 치평동 1330",
            "도로명주소":"광주시 서구 상무누리로 33",
            "세대수":30,
            "입주년차":60,
            "용적률점수":"--",
            "건폐율점수":"--",
            "세대당주차수":100,
            "난방방식":30,
            "공급면적":"--",
            "전용률":"--",
            "욕실수":100,
            "현관타입":50,
            "주거총점":55.5,
            "지역구공급총점":0.0,
            "역세권":"NA",
            "30분내 이동가능 거점":"NA",
            "1시간내 이동가능 거점":"NA",
            "교통총점":"NA",
            "백화점":0,
            "아울렛몰":80,
            "대형마트":0,
            "은행":0,
            "병원":30,
            "종합병원":100,
            "공원":100,
            "혐오시설":0,
            "인프라총점":34.0,
            "초등학군":93.36,
            "중학군":49.2,
            "학군총점":58.032,
            "인구수":34.39,
            "인구증감":-14.6,
            "인구총점":19.693,
            "일자리":19.8,
            "소득수준":63.56,
            "일자리총점":32.928,
            "가치 총점":47.533,
            "매매실거래년":20210521.0,
            "매매실거래가":95000.0,
            "전세실거래년":20210614.0,
            "전세실거래가":63000.0,
            "전세가율":94.03,
            "장기전세가율평균":78.75,
            "전세가율거품지수":-15.28,
            "검색코드":102765,
            "세대수":364,
            "준공년월":"2010-05-20",
            "준공년차":13,
            "가까운역이름":"NA",
            "가까운역거리":"NA",
            "역세권여부":"NA",
            "30분이내주요거점역":"NA",
            "1시간이내주요거점역":"NA",
            "3km이내백화점수":0,
            "5km이내아울렛몰수":1,
            "1km이내대형먀트수":0,
            "500m이내은행수":1,
            "500m이내병원수":7,
            "5km이내대형병원수":7,
            "500m이내공원수":4,
            "3km이내혐오시설수":0,
            "초등학교학업성취도":93.36,
            "중학교학업성취도":81.4,
            "용적률":261,
            "건폐율":24,
            "Y":35.146379,
            "X":126.838499,
            "rank":114.0,
            "area_info":"54평(178.78), 54평(179.17), 54평(181.48), 56평(187.14), 59평(195.1), 60평(200.44), 61평(201.93), 61평(202.62), 61평(202.53), 61평(204.72), 62평(205.85), 62평(205.56), 63평(208.35), 66평(220.95), 67평(223.19), 100평(333.42), 102평(337.83), 102평(338.73)",
            "last_sales":"2021-05-21,95000.0,67평(223.19)"
        },
        {
            "index":358,
            "아파트명":"신암마을새한센시빌",
            "투자타입":"일반",
            "전용면적(m2)":"108.22",
            "전용면적(평)":"32평",
            "법정동주소":"광주시 서구 풍암동 1054",
            "도로명주소":"광주시 서구 풍암순환로 54",
            "세대수":50,
            "입주년차":20,
            "용적률점수":"--",
            "건폐율점수":"--",
            "세대당주차수":30,
            "난방방식":30,
            "공급면적":"--",
            "전용률":"--",
            "욕실수":100,
            "현관타입":100,
            "주거총점":49.0,
            "지역구공급총점":0.0,
            "역세권":"NA",
            "30분내 이동가능 거점":"NA",
            "1시간내 이동가능 거점":"NA",
            "교통총점":"NA",
            "백화점":0,
            "아울렛몰":80,
            "대형마트":0,
            "은행":20,
            "병원":60,
            "종합병원":100,
            "공원":100,
            "혐오시설":0,
            "인프라총점":39.0,
            "초등학군":87.89,
            "중학군":50.8,
            "학군총점":58.218,
            "인구수":34.39,
            "인구증감":-14.6,
            "인구총점":19.693,
            "일자리":19.8,
            "소득수준":63.56,
            "일자리총점":32.928,
            "가치 총점":47.3045,
            "매매실거래년":20211231.0,
            "매매실거래가":33500.0,
            "전세실거래년":20211220.0,
            "전세실거래가":21000.0,
            "전세가율":62.69,
            "장기전세가율평균":78.75,
            "전세가율거품지수":16.06,
            "검색코드":100946,
            "세대수":631,
            "준공년월":"2001-02-12",
            "준공년차":22,
            "가까운역이름":"NA",
            "가까운역거리":"NA",
            "역세권여부":"NA",
            "30분이내주요거점역":"NA",
            "1시간이내주요거점역":"NA",
            "3km이내백화점수":0,
            "5km이내아울렛몰수":1,
            "1km이내대형먀트수":0,
            "500m이내은행수":2,
            "500m이내병원수":11,
            "5km이내대형병원수":13,
            "500m이내공원수":9,
            "3km이내혐오시설수":0,
            "초등학교학업성취도":87.89,
            "중학교학업성취도":83.8,
            "용적률":234,
            "건폐율":17,
            "Y":35.121585,
            "X":126.87704,
            "rank":115.0,
            "area_info":"32평(108.22)",
            "last_sales":"2021-12-31,33500.0,32평(108.22)"
        },
        {
            "index":310,
            "아파트명":"상무리채2(도시형)",
            "투자타입":"일반",
            "전용면적(m2)":"34.68",
            "전용면적(평)":"10평",
            "법정동주소":"광주시 서구 치평동 1258-5",
            "도로명주소":"광주시 서구 시청로 13",
            "세대수":0,
            "입주년차":80,
            "용적률점수":"--",
            "건폐율점수":"--",
            "세대당주차수":0,
            "난방방식":30,
            "공급면적":"--",
            "전용률":"--",
            "욕실수":50,
            "현관타입":10,
            "주거총점":25.0,
            "지역구공급총점":0.0,
            "역세권":"NA",
            "30분내 이동가능 거점":"NA",
            "1시간내 이동가능 거점":"NA",
            "교통총점":"NA",
            "백화점":0,
            "아울렛몰":80,
            "대형마트":80,
            "은행":100,
            "병원":100,
            "종합병원":100,
            "공원":0,
            "혐오시설":0,
            "인프라총점":60.0,
            "초등학군":93.88,
            "중학군":49.2,
            "학군총점":58.136,
            "인구수":34.39,
            "인구증감":-14.6,
            "인구총점":19.693,
            "일자리":19.8,
            "소득수준":63.56,
            "일자리총점":32.928,
            "가치 총점":47.284,
            "매매실거래년":20211217.0,
            "매매실거래가":8100.0,
            "전세실거래년":20200525.0,
            "전세실거래가":6000.0,
            "전세가율":83.33,
            "장기전세가율평균":78.75,
            "전세가율거품지수":-4.58,
            "검색코드":111986,
            "세대수":299,
            "준공년월":"2014-07-28",
            "준공년차":9,
            "가까운역이름":"NA",
            "가까운역거리":"NA",
            "역세권여부":"NA",
            "30분이내주요거점역":"NA",
            "1시간이내주요거점역":"NA",
            "3km이내백화점수":0,
            "5km이내아울렛몰수":1,
            "1km이내대형먀트수":1,
            "500m이내은행수":7,
            "500m이내병원수":101,
            "5km이내대형병원수":9,
            "500m이내공원수":0,
            "3km이내혐오시설수":0,
            "초등학교학업성취도":93.88,
            "중학교학업성취도":81.4,
            "용적률":779,
            "건폐율":64,
            "Y":35.149727,
            "X":126.851138,
            "rank":116.0,
            "area_info":"10평(34.68), 10평(36.17), 11평(37.16), 12평(41.09), 13평(43.59), 24평(80.28)",
            "last_sales":"2021-12-17,8100.0,11평(37.16)"
        },
        {
            "index":412,
            "아파트명":"남화",
            "투자타입":"일반",
            "전용면적(m2)":"74.07",
            "전용면적(평)":"22평",
            "법정동주소":"광주시 서구 화정동 532-12",
            "도로명주소":"광주시 서구 화정로243번길 11",
            "세대수":0,
            "입주년차":0,
            "용적률점수":"--",
            "건폐율점수":"--",
            "세대당주차수":0,
            "난방방식":30,
            "공급면적":"--",
            "전용률":"--",
            "욕실수":50,
            "현관타입":100,
            "주거총점":18.0,
            "지역구공급총점":0.0,
            "역세권":"NA",
            "30분내 이동가능 거점":"NA",
            "1시간내 이동가능 거점":"NA",
            "교통총점":"NA",
            "백화점":100,
            "아울렛몰":80,
            "대형마트":0,
            "은행":0,
            "병원":60,
            "종합병원":100,
            "공원":100,
            "혐오시설":0,
            "인프라총점":67.0,
            "초등학군":91.76,
            "중학군":47.96,
            "학군총점":56.72,
            "인구수":34.39,
            "인구증감":-14.6,
            "인구총점":19.693,
            "일자리":19.8,
            "소득수준":63.56,
            "일자리총점":32.928,
            "가치 총점":47.28,
            "매매실거래년":20211126.0,
            "매매실거래가":15000.0,
            "전세실거래년":20190813.0,
            "전세실거래가":10000.0,
            "전세가율":66.67,
            "장기전세가율평균":78.75,
            "전세가율거품지수":12.08,
            "검색코드":5454,
            "세대수":125,
            "준공년월":"1996-01-15",
            "준공년차":27,
            "가까운역이름":"NA",
            "가까운역거리":"NA",
            "역세권여부":"NA",
            "30분이내주요거점역":"NA",
            "1시간이내주요거점역":"NA",
            "3km이내백화점수":2,
            "5km이내아울렛몰수":1,
            "1km이내대형먀트수":0,
            "500m이내은행수":1,
            "500m이내병원수":14,
            "5km이내대형병원수":14,
            "500m이내공원수":5,
            "3km이내혐오시설수":0,
            "초등학교학업성취도":91.76,
            "중학교학업성취도":79.0,
            "용적률":219,
            "건폐율":18,
            "Y":35.148073,
            "X":126.883481,
            "rank":117.0,
            "area_info":"22평(74.07), 29평(97.94), 31평(105.07), 42평(139.39), 47평(156.81)",
            "last_sales":"2021-11-26,15000.0,22평(74.07)"
        },
        {
            "index":339,
            "아파트명":"호반",
            "투자타입":"일반",
            "전용면적(m2)":"82.43",
            "전용면적(평)":"24평",
            "법정동주소":"광주시 서구 치평동 1166-7",
            "도로명주소":"광주시 서구 상무공원로 128",
            "세대수":30,
            "입주년차":0,
            "용적률점수":"--",
            "건폐율점수":"--",
            "세대당주차수":0,
            "난방방식":30,
            "공급면적":"--",
            "전용률":"--",
            "욕실수":50,
            "현관타입":100,
            "주거총점":28.5,
            "지역구공급총점":0.0,
            "역세권":"NA",
            "30분내 이동가능 거점":"NA",
            "1시간내 이동가능 거점":"NA",
            "교통총점":"NA",
            "백화점":0,
            "아울렛몰":100,
            "대형마트":80,
            "은행":70,
            "병원":60,
            "종합병원":100,
            "공원":100,
            "혐오시설":0,
            "인프라총점":58.0,
            "초등학군":83.83,
            "중학군":49.2,
            "학군총점":56.126,
            "인구수":34.39,
            "인구증감":-14.6,
            "인구총점":19.693,
            "일자리":19.8,
            "소득수준":63.56,
            "일자리총점":32.928,
            "가치 총점":47.2065,
            "매매실거래년":20220105.0,
            "매매실거래가":21000.0,
            "전세실거래년":20220108.0,
            "전세실거래가":13500.0,
            "전세가율":64.29,
            "장기전세가율평균":78.75,
            "전세가율거품지수":14.46,
            "검색코드":16693,
            "세대수":356,
            "준공년월":"1998-01-08",
            "준공년차":25,
            "가까운역이름":"NA",
            "가까운역거리":"NA",
            "역세권여부":"NA",
            "30분이내주요거점역":"NA",
            "1시간이내주요거점역":"NA",
            "3km이내백화점수":0,
            "5km이내아울렛몰수":2,
            "1km이내대형먀트수":1,
            "500m이내은행수":3,
            "500m이내병원수":18,
            "5km이내대형병원수":10,
            "500m이내공원수":7,
            "3km이내혐오시설수":0,
            "초등학교학업성취도":83.83,
            "중학교학업성취도":81.4,
            "용적률":229,
            "건폐율":20,
            "Y":35.15613,
            "X":126.843947,
            "rank":118.0,
            "area_info":"24평(82.43)",
            "last_sales":"2022-01-05,21000.0,24평(82.43)"
        },
        {
            "index":61,
            "아파트명":"마재마을풍암부영",
            "투자타입":"일반",
            "전용면적(m2)":"109.09",
            "전용면적(평)":"32평",
            "법정동주소":"광주시 서구 금호동 818",
            "도로명주소":"광주시 서구 화개1로24번길 10",
            "세대수":80,
            "입주년차":20,
            "용적률점수":"--",
            "건폐율점수":"--",
            "세대당주차수":0,
            "난방방식":30,
            "공급면적":"--",
            "전용률":"--",
            "욕실수":100,
            "현관타입":100,
            "주거총점":55.0,
            "지역구공급총점":0.0,
            "역세권":"NA",
            "30분내 이동가능 거점":"NA",
            "1시간내 이동가능 거점":"NA",
            "교통총점":"NA",
            "백화점":0,
            "아울렛몰":80,
            "대형마트":0,
            "은행":0,
            "병원":10,
            "종합병원":100,
            "공원":100,
            "혐오시설":0,
            "인프라총점":32.0,
            "초등학군":90.99,
            "중학군":51.58,
            "학군총점":59.462,
            "인구수":34.39,
            "인구증감":-14.6,
            "인구총점":19.693,
            "일자리":19.8,
            "소득수준":63.56,
            "일자리총점":32.928,
            "가치 총점":46.9155,
            "매매실거래년":20211223.0,
            "매매실거래가":24000.0,
            "전세실거래년":20211225.0,
            "전세실거래가":18300.0,
            "전세가율":76.25,
            "장기전세가율평균":78.75,
            "전세가율거품지수":2.5,
            "검색코드":16044,
            "세대수":718,
            "준공년월":"2000-07-28",
            "준공년차":23,
            "가까운역이름":"NA",
            "가까운역거리":"NA",
            "역세권여부":"NA",
            "30분이내주요거점역":"NA",
            "1시간이내주요거점역":"NA",
            "3km이내백화점수":0,
            "5km이내아울렛몰수":1,
            "1km이내대형먀트수":0,
            "500m이내은행수":0,
            "500m이내병원수":3,
            "5km이내대형병원수":8,
            "500m이내공원수":7,
            "3km이내혐오시설수":0,
            "초등학교학업성취도":90.99,
            "중학교학업성취도":85.5,
            "용적률":239,
            "건폐율":18,
            "Y":35.125683,
            "X":126.857411,
            "rank":119.0,
            "area_info":"32평(109.09)",
            "last_sales":"2021-12-23,24000.0,32평(109.09)"
        },
        {
            "index":161,
            "아파트명":"동남",
            "투자타입":"일반",
            "전용면적(m2)":"78.67",
            "전용면적(평)":"23평",
            "법정동주소":"광주시 서구 쌍촌동 1135",
            "도로명주소":"광주시 서구 칠성로35번길 6-10",
            "세대수":0,
            "입주년차":0,
            "용적률점수":"--",
            "건폐율점수":"--",
            "세대당주차수":0,
            "난방방식":30,
            "공급면적":"--",
            "전용률":"--",
            "욕실수":50,
            "현관타입":100,
            "주거총점":18.0,
            "지역구공급총점":0.0,
            "역세권":"NA",
            "30분내 이동가능 거점":"NA",
            "1시간내 이동가능 거점":"NA",
            "교통총점":"NA",
            "백화점":100,
            "아울렛몰":100,
            "대형마트":0,
            "은행":0,
            "병원":30,
            "종합병원":100,
            "공원":100,
            "혐오시설":0,
            "인프라총점":66.0,
            "초등학군":90.54,
            "중학군":47.96,
            "학군총점":56.476,
            "인구수":34.39,
            "인구증감":-14.6,
            "인구총점":19.693,
            "일자리":19.8,
            "소득수준":63.56,
            "일자리총점":32.928,
            "가치 총점":46.819,
            "매매실거래년":20211204.0,
            "매매실거래가":12000.0,
            "전세실거래년":20210318.0,
            "전세실거래가":9000.0,
            "전세가율":75.0,
            "장기전세가율평균":78.75,
            "전세가율거품지수":3.75,
            "검색코드":16665,
            "세대수":196,
            "준공년월":"1995-08-25",
            "준공년차":28,
            "가까운역이름":"NA",
            "가까운역거리":"NA",
            "역세권여부":"NA",
            "30분이내주요거점역":"NA",
            "1시간이내주요거점역":"NA",
            "3km이내백화점수":1,
            "5km이내아울렛몰수":2,
            "1km이내대형먀트수":0,
            "500m이내은행수":0,
            "500m이내병원수":9,
            "5km이내대형병원수":12,
            "500m이내공원수":11,
            "3km이내혐오시설수":0,
            "초등학교학업성취도":90.54,
            "중학교학업성취도":79.4,
            "용적률":295,
            "건폐율":24,
            "Y":35.167419,
            "X":126.86146,
            "rank":120.0,
            "area_info":"23평(78.67)",
            "last_sales":"2021-12-04,12000.0,23평(78.67)"
        },
        {
            "index":340,
            "아파트명":"SK뷰",
            "투자타입":"일반",
            "전용면적(m2)":"160.24",
            "전용면적(평)":"48평",
            "법정동주소":"광주시 서구 풍암동 777",
            "도로명주소":"광주시 서구 송풍로 30",
            "세대수":30,
            "입주년차":40,
            "용적률점수":"--",
            "건폐율점수":"--",
            "세대당주차수":80,
            "난방방식":30,
            "공급면적":"--",
            "전용률":"--",
            "욕실수":100,
            "현관타입":100,
            "주거총점":53.5,
            "지역구공급총점":0.0,
            "역세권":"NA",
            "30분내 이동가능 거점":"NA",
            "1시간내 이동가능 거점":"NA",
            "교통총점":"NA",
            "백화점":0,
            "아울렛몰":80,
            "대형마트":0,
            "은행":0,
            "병원":10,
            "종합병원":100,
            "공원":100,
            "혐오시설":0,
            "인프라총점":32.0,
            "초등학군":89.18,
            "중학군":53.62,
            "학군총점":60.732,
            "인구수":34.39,
            "인구증감":-14.6,
            "인구총점":19.693,
            "일자리":19.8,
            "소득수준":63.56,
            "일자리총점":32.928,
            "가치 총점":46.708,
            "매매실거래년":20211130.0,
            "매매실거래가":95000.0,
            "전세실거래년":20210924.0,
            "전세실거래가":50000.0,
            "전세가율":64.1,
            "장기전세가율평균":78.75,
            "전세가율거품지수":14.65,
            "검색코드":24642,
            "세대수":391,
            "준공년월":"2006-11-30",
            "준공년차":17,
            "가까운역이름":"NA",
            "가까운역거리":"NA",
            "역세권여부":"NA",
            "30분이내주요거점역":"NA",
            "1시간이내주요거점역":"NA",
            "3km이내백화점수":0,
            "5km이내아울렛몰수":1,
            "1km이내대형먀트수":0,
            "500m이내은행수":0,
            "500m이내병원수":3,
            "5km이내대형병원수":8,
            "500m이내공원수":3,
            "3km이내혐오시설수":0,
            "초등학교학업성취도":89.18,
            "중학교학업성취도":88.7,
            "용적률":229,
            "건폐율":0,
            "Y":35.11856,
            "X":126.868657,
            "rank":121.0,
            "area_info":"48평(160.24), 56평(186.3), 66평(219.65), 66평(219.64)",
            "last_sales":"2021-11-30,95000.0,66평(219.65)"
        },
        {
            "index":60,
            "아파트명":"마재마을주은",
            "투자타입":"일반",
            "전용면적(m2)":"105.19",
            "전용면적(평)":"31평",
            "법정동주소":"광주시 서구 금호동 786",
            "도로명주소":"광주시 서구 마재로 57",
            "세대수":50,
            "입주년차":20,
            "용적률점수":"--",
            "건폐율점수":"--",
            "세대당주차수":30,
            "난방방식":30,
            "공급면적":"--",
            "전용률":"--",
            "욕실수":100,
            "현관타입":100,
            "주거총점":49.0,
            "지역구공급총점":0.0,
            "역세권":"NA",
            "30분내 이동가능 거점":"NA",
            "1시간내 이동가능 거점":"NA",
            "교통총점":"NA",
            "백화점":0,
            "아울렛몰":80,
            "대형마트":0,
            "은행":0,
            "병원":60,
            "종합병원":100,
            "공원":100,
            "혐오시설":0,
            "인프라총점":37.0,
            "초등학군":88.69,
            "중학군":51.58,
            "학군총점":59.002,
            "인구수":34.39,
            "인구증감":-14.6,
            "인구총점":19.693,
            "일자리":19.8,
            "소득수준":63.56,
            "일자리총점":32.928,
            "가치 총점":46.7005,
            "매매실거래년":20211231.0,
            "매매실거래가":33500.0,
            "전세실거래년":20211113.0,
            "전세실거래가":28000.0,
            "전세가율":83.58,
            "장기전세가율평균":78.75,
            "전세가율거품지수":-4.83,
            "검색코드":5443,
            "세대수":422,
            "준공년월":"2000-05-26",
            "준공년차":23,
            "가까운역이름":"NA",
            "가까운역거리":"NA",
            "역세권여부":"NA",
            "30분이내주요거점역":"NA",
            "1시간이내주요거점역":"NA",
            "3km이내백화점수":0,
            "5km이내아울렛몰수":1,
            "1km이내대형먀트수":0,
            "500m이내은행수":1,
            "500m이내병원수":16,
            "5km이내대형병원수":11,
            "500m이내공원수":4,
            "3km이내혐오시설수":0,
            "초등학교학업성취도":88.69,
            "중학교학업성취도":85.5,
            "용적률":150,
            "건폐율":16,
            "Y":35.130895,
            "X":126.864306,
            "rank":122.0,
            "area_info":"31평(105.19)",
            "last_sales":"2021-12-31,33500.0,31평(105.19)"
        },
        {
            "index":112,
            "아파트명":"제일파크",
            "투자타입":"재건축",
            "전용면적(m2)":"106.69",
            "전용면적(평)":"32평",
            "법정동주소":"광주시 서구 농성동 117",
            "도로명주소":"광주시 서구 경열로65번길 7-1",
            "세대수":0,
            "입주년차":"--",
            "용적률점수":0,
            "건폐율점수":80,
            "세대당주차수":"--",
            "난방방식":"--",
            "공급면적":90,
            "전용률":60,
            "욕실수":"--",
            "현관타입":"--",
            "주거총점":23.5,
            "지역구공급총점":0.0,
            "역세권":"NA",
            "30분내 이동가능 거점":"NA",
            "1시간내 이동가능 거점":"NA",
            "교통총점":"NA",
            "백화점":100,
            "아울렛몰":80,
            "대형마트":0,
            "은행":20,
            "병원":30,
            "종합병원":100,
            "공원":100,
            "혐오시설":0,
            "인프라총점":66.0,
            "초등학군":87.51,
            "중학군":37.9,
            "학군총점":47.822,
            "인구수":34.39,
            "인구증감":-14.6,
            "인구총점":19.693,
            "일자리":19.8,
            "소득수준":63.56,
            "일자리총점":32.928,
            "가치 총점":46.5805,
            "매매실거래년":20211222.0,
            "매매실거래가":15000.0,
            "전세실거래년":20190123.0,
            "전세실거래가":8000.0,
            "전세가율":53.33,
            "장기전세가율평균":78.75,
            "전세가율거품지수":25.42,
            "검색코드":5521,
            "세대수":149,
            "준공년월":"1988-07-13",
            "준공년차":35,
            "가까운역이름":"NA",
            "가까운역거리":"NA",
            "역세권여부":"NA",
            "30분이내주요거점역":"NA",
            "1시간이내주요거점역":"NA",
            "3km이내백화점수":2,
            "5km이내아울렛몰수":1,
            "1km이내대형먀트수":0,
            "500m이내은행수":2,
            "500m이내병원수":9,
            "5km이내대형병원수":15,
            "500m이내공원수":7,
            "3km이내혐오시설수":0,
            "초등학교학업성취도":87.51,
            "중학교학업성취도":62.7,
            "용적률":281,
            "건폐율":25,
            "Y":35.15204,
            "X":126.892459,
            "rank":123.0,
            "area_info":"32평(106.69)",
            "last_sales":"2021-12-22,15000.0,32평(106.69)"
        },
        {
            "index":350,
            "아파트명":"금호타운2단지",
            "투자타입":"일반",
            "전용면적(m2)":"129.47",
            "전용면적(평)":"39평",
            "법정동주소":"광주시 서구 풍암동 1093",
            "도로명주소":"광주시 서구 풍암2로 66",
            "세대수":30,
            "입주년차":20,
            "용적률점수":"--",
            "건폐율점수":"--",
            "세대당주차수":60,
            "난방방식":30,
            "공급면적":"--",
            "전용률":"--",
            "욕실수":100,
            "현관타입":100,
            "주거총점":46.5,
            "지역구공급총점":0.0,
            "역세권":"NA",
            "30분내 이동가능 거점":"NA",
            "1시간내 이동가능 거점":"NA",
            "교통총점":"NA",
            "백화점":0,
            "아울렛몰":80,
            "대형마트":0,
            "은행":20,
            "병원":60,
            "종합병원":100,
            "공원":100,
            "혐오시설":0,
            "인프라총점":39.0,
            "초등학군":88.8,
            "중학군":50.8,
            "학군총점":58.4,
            "인구수":34.39,
            "인구증감":-14.6,
            "인구총점":19.693,
            "일자리":19.8,
            "소득수준":63.56,
            "일자리총점":32.928,
            "가치 총점":46.475,
            "매매실거래년":20220103.0,
            "매매실거래가":43800.0,
            "전세실거래년":20210710.0,
            "전세실거래가":33000.0,
            "전세가율":75.34,
            "장기전세가율평균":78.75,
            "전세가율거품지수":3.41,
            "검색코드":5369,
            "세대수":336,
            "준공년월":"2000-08-24",
            "준공년차":23,
            "가까운역이름":"NA",
            "가까운역거리":"NA",
            "역세권여부":"NA",
            "30분이내주요거점역":"NA",
            "1시간이내주요거점역":"NA",
            "3km이내백화점수":0,
            "5km이내아울렛몰수":1,
            "1km이내대형먀트수":0,
            "500m이내은행수":2,
            "500m이내병원수":17,
            "5km이내대형병원수":13,
            "500m이내공원수":10,
            "3km이내혐오시설수":0,
            "초등학교학업성취도":88.8,
            "중학교학업성취도":83.8,
            "용적률":233,
            "건폐율":16,
            "Y":35.121632,
            "X":126.881121,
            "rank":124.0,
            "area_info":"39평(129.47), 45평(151.42)",
            "last_sales":"2022-01-03,43800.0,39평(129.47)"
        },
        {
            "index":13,
            "아파트명":"금부마을호반리젠시빌3차",
            "투자타입":"일반",
            "전용면적(m2)":"109.19",
            "전용면적(평)":"33평",
            "법정동주소":"광주시 서구 금호동 770-1",
            "도로명주소":"광주시 서구 금화로149번길 11",
            "세대수":50,
            "입주년차":20,
            "용적률점수":"--",
            "건폐율점수":"--",
            "세대당주차수":30,
            "난방방식":30,
            "공급면적":"--",
            "전용률":"--",
            "욕실수":100,
            "현관타입":100,
            "주거총점":49.0,
            "지역구공급총점":0.0,
            "역세권":"NA",
            "30분내 이동가능 거점":"NA",
            "1시간내 이동가능 거점":"NA",
            "교통총점":"NA",
            "백화점":0,
            "아울렛몰":80,
            "대형마트":0,
            "은행":0,
            "병원":80,
            "종합병원":100,
            "공원":100,
            "혐오시설":0,
            "인프라총점":39.0,
            "초등학군":87.77,
            "중학군":44.06,
            "학군총점":52.802,
            "인구수":34.39,
            "인구증감":-14.6,
            "인구총점":19.693,
            "일자리":19.8,
            "소득수준":63.56,
            "일자리총점":32.928,
            "가치 총점":45.9505,
            "매매실거래년":20211027.0,
            "매매실거래가":31300.0,
            "전세실거래년":20211215.0,
            "전세실거래가":30000.0,
            "전세가율":95.85,
            "장기전세가율평균":78.75,
            "전세가율거품지수":-17.1,
            "검색코드":19548,
            "세대수":504,
            "준공년월":"2001-09-29",
            "준공년차":22,
            "가까운역이름":"NA",
            "가까운역거리":"NA",
            "역세권여부":"NA",
            "30분이내주요거점역":"NA",
            "1시간이내주요거점역":"NA",
            "3km이내백화점수":0,
            "5km이내아울렛몰수":1,
            "1km이내대형먀트수":0,
            "500m이내은행수":1,
            "500m이내병원수":37,
            "5km이내대형병원수":10,
            "500m이내공원수":6,
            "3km이내혐오시설수":0,
            "초등학교학업성취도":87.77,
            "중학교학업성취도":73.1,
            "용적률":245,
            "건폐율":22,
            "Y":35.133599,
            "X":126.863357,
            "rank":125.0,
            "area_info":"33평(109.19)",
            "last_sales":"2021-10-27,31300.0,33평(109.19)"
        },
        {
            "index":374,
            "아파트명":"한국아델리움",
            "투자타입":"일반",
            "전용면적(m2)":"145.59",
            "전용면적(평)":"44평",
            "법정동주소":"광주시 서구 풍암동 127-1",
            "도로명주소":"광주시 서구 풍암순환로 135-1",
            "세대수":0,
            "입주년차":60,
            "용적률점수":"--",
            "건폐율점수":"--",
            "세대당주차수":80,
            "난방방식":30,
            "공급면적":"--",
            "전용률":"--",
            "욕실수":100,
            "현관타입":100,
            "주거총점":47.0,
            "지역구공급총점":0.0,
            "역세권":"NA",
            "30분내 이동가능 거점":"NA",
            "1시간내 이동가능 거점":"NA",
            "교통총점":"NA",
            "백화점":0,
            "아울렛몰":80,
            "대형마트":0,
            "은행":0,
            "병원":60,
            "종합병원":100,
            "공원":100,
            "혐오시설":0,
            "인프라총점":37.0,
            "초등학군":88.8,
            "중학군":50.8,
            "학군총점":58.4,
            "인구수":34.39,
            "인구증감":-14.6,
            "인구총점":19.693,
            "일자리":19.8,
            "소득수준":63.56,
            "일자리총점":32.928,
            "가치 총점":45.85,
            "매매실거래년":20211011.0,
            "매매실거래가":59700.0,
            "전세실거래년":20210615.0,
            "전세실거래가":38500.0,
            "전세가율":64.49,
            "장기전세가율평균":78.75,
            "전세가율거품지수":14.26,
            "검색코드":108929,
            "세대수":194,
            "준공년월":"2009-07-23",
            "준공년차":14,
            "가까운역이름":"NA",
            "가까운역거리":"NA",
            "역세권여부":"NA",
            "30분이내주요거점역":"NA",
            "1시간이내주요거점역":"NA",
            "3km이내백화점수":0,
            "5km이내아울렛몰수":1,
            "1km이내대형먀트수":0,
            "500m이내은행수":1,
            "500m이내병원수":10,
            "5km이내대형병원수":13,
            "500m이내공원수":8,
            "3km이내혐오시설수":0,
            "초등학교학업성취도":88.8,
            "중학교학업성취도":83.8,
            "용적률":196,
            "건폐율":21,
            "Y":35.122609,
            "X":126.883477,
            "rank":126.0,
            "area_info":"44평(145.59), 49평(164.05)",
            "last_sales":"2021-10-11,59700.0,44평(145.59)"
        },
        {
            "index":149,
            "아파트명":"연화",
            "투자타입":"재건축",
            "전용면적(m2)":"66.02",
            "전용면적(평)":"19평",
            "법정동주소":"광주시 서구 마륵동 47-7",
            "도로명주소":"광주시 서구 연화길 19",
            "세대수":0,
            "입주년차":"--",
            "용적률점수":100,
            "건폐율점수":80,
            "세대당주차수":"--",
            "난방방식":"--",
            "공급면적":50,
            "전용률":100,
            "욕실수":"--",
            "현관타입":"--",
            "주거총점":63.5,
            "지역구공급총점":0.0,
            "역세권":"NA",
            "30분내 이동가능 거점":"NA",
            "1시간내 이동가능 거점":"NA",
            "교통총점":"NA",
            "백화점":0,
            "아울렛몰":80,
            "대형마트":0,
            "은행":0,
            "병원":0,
            "종합병원":100,
            "공원":0,
            "혐오시설":0,
            "인프라총점":28.0,
            "초등학군":86.79,
            "중학군":39.6,
            "학군총점":49.038,
            "인구수":34.39,
            "인구증감":-14.6,
            "인구총점":19.693,
            "일자리":19.8,
            "소득수준":63.56,
            "일자리총점":32.928,
            "가치 총점":45.6845,
            "매매실거래년":"18000101",
            "매매실거래가":null,
            "전세실거래년":null,
            "전세실거래가":null,
            "전세가율":null,
            "장기전세가율평균":78.75,
            "전세가율거품지수":null,
            "검색코드":16662,
            "세대수":126,
            "준공년월":"1983-12-06",
            "준공년차":40,
            "가까운역이름":"NA",
            "가까운역거리":"NA",
            "역세권여부":"NA",
            "30분이내주요거점역":"NA",
            "1시간이내주요거점역":"NA",
            "3km이내백화점수":0,
            "5km이내아울렛몰수":1,
            "1km이내대형먀트수":0,
            "500m이내은행수":0,
            "500m이내병원수":0,
            "5km이내대형병원수":7,
            "500m이내공원수":0,
            "3km이내혐오시설수":0,
            "초등학교학업성취도":86.79,
            "중학교학업성취도":65.6,
            "용적률":62,
            "건폐율":22,
            "Y":35.140468,
            "X":126.850994,
            "rank":127.0,
            "area_info":"19평(66.02)",
            "last_sales":"1800-01-01,nan,19평(66.02)"
        },
        {
            "index":59,
            "아파트명":"마재마을송촌파인힐",
            "투자타입":"일반",
            "전용면적(m2)":"105.88",
            "전용면적(평)":"32평",
            "법정동주소":"광주시 서구 금호동 785",
            "도로명주소":"광주시 서구 마재로 65",
            "세대수":50,
            "입주년차":20,
            "용적률점수":"--",
            "건폐율점수":"--",
            "세대당주차수":30,
            "난방방식":30,
            "공급면적":"--",
            "전용률":"--",
            "욕실수":100,
            "현관타입":100,
            "주거총점":49.0,
            "지역구공급총점":0.0,
            "역세권":"NA",
            "30분내 이동가능 거점":"NA",
            "1시간내 이동가능 거점":"NA",
            "교통총점":"NA",
            "백화점":0,
            "아울렛몰":80,
            "대형마트":0,
            "은행":0,
            "병원":60,
            "종합병원":100,
            "공원":100,
            "혐오시설":0,
            "인프라총점":37.0,
            "초등학군":88.69,
            "중학군":44.06,
            "학군총점":52.986,
            "인구수":34.39,
            "인구증감":-14.6,
            "인구총점":19.693,
            "일자리":19.8,
            "소득수준":63.56,
            "일자리총점":32.928,
            "가치 총점":45.1965,
            "매매실거래년":20211207.0,
            "매매실거래가":29500.0,
            "전세실거래년":20211001.0,
            "전세실거래가":23500.0,
            "전세가율":79.66,
            "장기전세가율평균":78.75,
            "전세가율거품지수":-0.91,
            "검색코드":11970,
            "세대수":438,
            "준공년월":"2001-04-10",
            "준공년차":22,
            "가까운역이름":"NA",
            "가까운역거리":"NA",
            "역세권여부":"NA",
            "30분이내주요거점역":"NA",
            "1시간이내주요거점역":"NA",
            "3km이내백화점수":0,
            "5km이내아울렛몰수":1,
            "1km이내대형먀트수":0,
            "500m이내은행수":1,
            "500m이내병원수":27,
            "5km이내대형병원수":10,
            "500m이내공원수":4,
            "3km이내혐오시설수":0,
            "초등학교학업성취도":88.69,
            "중학교학업성취도":73.1,
            "용적률":237,
            "건폐율":22,
            "Y":35.13194,
            "X":126.864291,
            "rank":128.0,
            "area_info":"32평(105.88)",
            "last_sales":"2021-12-07,29500.0,32평(105.88)"
        },
        {
            "index":50,
            "아파트명":"남양파크",
            "투자타입":"일반",
            "전용면적(m2)":"48.73",
            "전용면적(평)":"14평",
            "법정동주소":"광주시 서구 금호동 805",
            "도로명주소":"광주시 서구 화개1로78번길 13",
            "세대수":30,
            "입주년차":20,
            "용적률점수":"--",
            "건폐율점수":"--",
            "세대당주차수":60,
            "난방방식":30,
            "공급면적":"--",
            "전용률":"--",
            "욕실수":50,
            "현관타입":100,
            "주거총점":41.5,
            "지역구공급총점":0.0,
            "역세권":"NA",
            "30분내 이동가능 거점":"NA",
            "1시간내 이동가능 거점":"NA",
            "교통총점":"NA",
            "백화점":0,
            "아울렛몰":80,
            "대형마트":0,
            "은행":0,
            "병원":80,
            "종합병원":100,
            "공원":100,
            "혐오시설":0,
            "인프라총점":39.0,
            "초등학군":90.63,
            "중학군":51.58,
            "학군총점":59.39,
            "인구수":34.39,
            "인구증감":-14.6,
            "인구총점":19.693,
            "일자리":19.8,
            "소득수준":63.56,
            "일자리총점":32.928,
            "가치 총점":44.9725,
            "매매실거래년":20210909.0,
            "매매실거래가":45500.0,
            "전세실거래년":null,
            "전세실거래가":null,
            "전세가율":null,
            "장기전세가율평균":78.75,
            "전세가율거품지수":null,
            "검색코드":11313,
            "세대수":380,
            "준공년월":"2000-11-30",
            "준공년차":23,
            "가까운역이름":"NA",
            "가까운역거리":"NA",
            "역세권여부":"NA",
            "30분이내주요거점역":"NA",
            "1시간이내주요거점역":"NA",
            "3km이내백화점수":0,
            "5km이내아울렛몰수":1,
            "1km이내대형먀트수":0,
            "500m이내은행수":1,
            "500m이내병원수":48,
            "5km이내대형병원수":7,
            "500m이내공원수":9,
            "3km이내혐오시설수":0,
            "초등학교학업성취도":90.63,
            "중학교학업성취도":85.5,
            "용적률":244,
            "건폐율":24,
            "Y":35.13165,
            "X":126.856472,
            "rank":129.0,
            "area_info":"14평(48.73), 38평(125.65), 42평(140.54), 47평(156.02)",
            "last_sales":"2021-09-09,45500.0,38평(125.65)"
        },
        {
            "index":531,
            "아파트명":"흥국",
            "투자타입":"재건축",
            "전용면적(m2)":"68.34",
            "전용면적(평)":"20평",
            "법정동주소":"광주시 서구 화정동 367-17",
            "도로명주소":"광주시 서구 화정로179번길 8",
            "세대수":0,
            "입주년차":"--",
            "용적률점수":0,
            "건폐율점수":0,
            "세대당주차수":"--",
            "난방방식":"--",
            "공급면적":50,
            "전용률":80,
            "욕실수":"--",
            "현관타입":"--",
            "주거총점":6.5,
            "지역구공급총점":0.0,
            "역세권":"NA",
            "30분내 이동가능 거점":"NA",
            "1시간내 이동가능 거점":"NA",
            "교통총점":"NA",
            "백화점":100,
            "아울렛몰":80,
            "대형마트":0,
            "은행":70,
            "병원":60,
            "종합병원":100,
            "공원":100,
            "혐오시설":0,
            "인프라총점":74.0,
            "초등학군":89.39,
            "중학군":41.92,
            "학군총점":51.414,
            "인구수":34.39,
            "인구증감":-14.6,
            "인구총점":19.693,
            "일자리":19.8,
            "소득수준":63.56,
            "일자리총점":32.928,
            "가치 총점":44.7285,
            "매매실거래년":20211223.0,
            "매매실거래가":17000.0,
            "전세실거래년":20140623.0,
            "전세실거래가":6250.0,
            "전세가율":39.06,
            "장기전세가율평균":78.75,
            "전세가율거품지수":39.69,
            "검색코드":16724,
            "세대수":140,
            "준공년월":"1982-02-22",
            "준공년차":41,
            "가까운역이름":"NA",
            "가까운역거리":"NA",
            "역세권여부":"NA",
            "30분이내주요거점역":"NA",
            "1시간이내주요거점역":"NA",
            "3km이내백화점수":1,
            "5km이내아울렛몰수":1,
            "1km이내대형먀트수":0,
            "500m이내은행수":3,
            "500m이내병원수":18,
            "5km이내대형병원수":14,
            "500m이내공원수":5,
            "3km이내혐오시설수":0,
            "초등학교학업성취도":89.39,
            "중학교학업성취도":69.6,
            "용적률":0,
            "건폐율":0,
            "Y":35.145974,
            "X":126.877737,
            "rank":130.0,
            "area_info":"20평(68.34), 21평(70.12), 23평(77.6)",
            "last_sales":"2021-12-23,17000.0,21평(70.12)"
        },
        {
            "index":73,
            "아파트명":"진흥더블파크",
            "투자타입":"일반",
            "전용면적(m2)":"153.18",
            "전용면적(평)":"46평",
            "법정동주소":"광주시 서구 금호동 613-6",
            "도로명주소":"광주시 서구 화개중앙로114번길 19",
            "세대수":0,
            "입주년차":40,
            "용적률점수":"--",
            "건폐율점수":"--",
            "세대당주차수":80,
            "난방방식":30,
            "공급면적":"--",
            "전용률":"--",
            "욕실수":100,
            "현관타입":100,
            "주거총점":43.0,
            "지역구공급총점":0.0,
            "역세권":"NA",
            "30분내 이동가능 거점":"NA",
            "1시간내 이동가능 거점":"NA",
            "교통총점":"NA",
            "백화점":0,
            "아울렛몰":80,
            "대형마트":0,
            "은행":0,
            "병원":60,
            "종합병원":100,
            "공원":100,
            "혐오시설":0,
            "인프라총점":37.0,
            "초등학군":90.99,
            "중학군":51.58,
            "학군총점":59.462,
            "인구수":34.39,
            "인구증감":-14.6,
            "인구총점":19.693,
            "일자리":19.8,
            "소득수준":63.56,
            "일자리총점":32.928,
            "가치 총점":44.7155,
            "매매실거래년":20220106.0,
            "매매실거래가":53000.0,
            "전세실거래년":20211214.0,
            "전세실거래가":42000.0,
            "전세가율":79.25,
            "장기전세가율평균":78.75,
            "전세가율거품지수":-0.5,
            "검색코드":19759,
            "세대수":298,
            "준공년월":"2006-10-16",
            "준공년차":17,
            "가까운역이름":"NA",
            "가까운역거리":"NA",
            "역세권여부":"NA",
            "30분이내주요거점역":"NA",
            "1시간이내주요거점역":"NA",
            "3km이내백화점수":0,
            "5km이내아울렛몰수":1,
            "1km이내대형먀트수":0,
            "500m이내은행수":0,
            "500m이내병원수":11,
            "5km이내대형병원수":7,
            "500m이내공원수":3,
            "3km이내혐오시설수":0,
            "초등학교학업성취도":90.99,
            "중학교학업성취도":85.5,
            "용적률":223,
            "건폐율":15,
            "Y":35.128281,
            "X":126.85382,
            "rank":131.0,
            "area_info":"46평(153.18), 56평(185.33)",
            "last_sales":"2022-01-06,53000.0,46평(153.18)"
        },
        {
            "index":329,
            "아파트명":"한국",
            "투자타입":"일반",
            "전용면적(m2)":"76.18",
            "전용면적(평)":"23평",
            "법정동주소":"광주시 서구 치평동 1166-5",
            "도로명주소":"광주시 서구 상무시민로 65",
            "세대수":0,
            "입주년차":0,
            "용적률점수":"--",
            "건폐율점수":"--",
            "세대당주차수":0,
            "난방방식":30,
            "공급면적":"--",
            "전용률":"--",
            "욕실수":50,
            "현관타입":100,
            "주거총점":18.0,
            "지역구공급총점":0.0,
            "역세권":"NA",
            "30분내 이동가능 거점":"NA",
            "1시간내 이동가능 거점":"NA",
            "교통총점":"NA",
            "백화점":0,
            "아울렛몰":100,
            "대형마트":80,
            "은행":70,
            "병원":80,
            "종합병원":100,
            "공원":100,
            "혐오시설":0,
            "인프라총점":60.0,
            "초등학군":83.83,
            "중학군":49.2,
            "학군총점":56.126,
            "인구수":34.39,
            "인구증감":-14.6,
            "인구총점":19.693,
            "일자리":19.8,
            "소득수준":63.56,
            "일자리총점":32.928,
            "가치 총점":44.3315,
            "매매실거래년":20211212.0,
            "매매실거래가":25300.0,
            "전세실거래년":20211127.0,
            "전세실거래가":17000.0,
            "전세가율":67.19,
            "장기전세가율평균":78.75,
            "전세가율거품지수":11.56,
            "검색코드":5539,
            "세대수":270,
            "준공년월":"1998-03-30",
            "준공년차":25,
            "가까운역이름":"NA",
            "가까운역거리":"NA",
            "역세권여부":"NA",
            "30분이내주요거점역":"NA",
            "1시간이내주요거점역":"NA",
            "3km이내백화점수":0,
            "5km이내아울렛몰수":2,
            "1km이내대형먀트수":1,
            "500m이내은행수":4,
            "500m이내병원수":36,
            "5km이내대형병원수":10,
            "500m이내공원수":7,
            "3km이내혐오시설수":0,
            "초등학교학업성취도":83.83,
            "중학교학업성취도":81.4,
            "용적률":213,
            "건폐율":25,
            "Y":35.155853,
            "X":126.84608,
            "rank":132.0,
            "area_info":"23평(76.18), 23평(76.14)",
            "last_sales":"2021-12-12,25300.0,23평(76.18)"
        },
        {
            "index":181,
            "아파트명":"성우행복한집",
            "투자타입":"일반",
            "전용면적(m2)":"115.26",
            "전용면적(평)":"34평",
            "법정동주소":"광주시 서구 쌍촌동 890-5",
            "도로명주소":"광주시 서구 마륵복개로 166",
            "세대수":0,
            "입주년차":40,
            "용적률점수":"--",
            "건폐율점수":"--",
            "세대당주차수":30,
            "난방방식":30,
            "공급면적":"--",
            "전용률":"--",
            "욕실수":100,
            "현관타입":100,
            "주거총점":35.5,
            "지역구공급총점":0.0,
            "역세권":"NA",
            "30분내 이동가능 거점":"NA",
            "1시간내 이동가능 거점":"NA",
            "교통총점":"NA",
            "백화점":0,
            "아울렛몰":80,
            "대형마트":80,
            "은행":0,
            "병원":60,
            "종합병원":100,
            "공원":100,
            "혐오시설":0,
            "인프라총점":49.0,
            "초등학군":86.79,
            "중학군":39.6,
            "학군총점":49.038,
            "인구수":34.39,
            "인구증감":-14.6,
            "인구총점":19.693,
            "일자리":19.8,
            "소득수준":63.56,
            "일자리총점":32.928,
            "가치 총점":44.2845,
            "매매실거래년":20211207.0,
            "매매실거래가":35000.0,
            "전세실거래년":20210420.0,
            "전세실거래가":14800.0,
            "전세가율":42.29,
            "장기전세가율평균":78.75,
            "전세가율거품지수":36.46,
            "검색코드":26567,
            "세대수":136,
            "준공년월":"2006-06-02",
            "준공년차":17,
            "가까운역이름":"NA",
            "가까운역거리":"NA",
            "역세권여부":"NA",
            "30분이내주요거점역":"NA",
            "1시간이내주요거점역":"NA",
            "3km이내백화점수":0,
            "5km이내아울렛몰수":1,
            "1km이내대형먀트수":1,
            "500m이내은행수":1,
            "500m이내병원수":11,
            "5km이내대형병원수":9,
            "500m이내공원수":4,
            "3km이내혐오시설수":0,
            "초등학교학업성취도":86.79,
            "중학교학업성취도":65.6,
            "용적률":205,
            "건폐율":19,
            "Y":35.145738,
            "X":126.854486,
            "rank":133.0,
            "area_info":"34평(115.26), 35평(118.43)",
            "last_sales":"2021-12-07,35000.0,34평(115.26)"
        },
        {
            "index":139,
            "아파트명":"상무양우내안애",
            "투자타입":"일반",
            "전용면적(m2)":"107.72",
            "전용면적(평)":"32평",
            "법정동주소":"광주시 서구 마륵동 812",
            "도로명주소":"광주시 서구 백석길 22-14",
            "세대수":30,
            "입주년차":100,
            "용적률점수":"--",
            "건폐율점수":"--",
            "세대당주차수":30,
            "난방방식":30,
            "공급면적":"--",
            "전용률":"--",
            "욕실수":100,
            "현관타입":100,
            "주거총점":58.0,
            "지역구공급총점":0.0,
            "역세권":"NA",
            "30분내 이동가능 거점":"NA",
            "1시간내 이동가능 거점":"NA",
            "교통총점":"NA",
            "백화점":0,
            "아울렛몰":80,
            "대형마트":0,
            "은행":0,
            "병원":0,
            "종합병원":100,
            "공원":0,
            "혐오시설":0,
            "인프라총점":28.0,
            "초등학군":86.79,
            "중학군":39.6,
            "학군총점":49.038,
            "인구수":34.39,
            "인구증감":-14.6,
            "인구총점":19.693,
            "일자리":19.8,
            "소득수준":63.56,
            "일자리총점":32.928,
            "가치 총점":43.7595,
            "매매실거래년":20200605.0,
            "매매실거래가":44181.0,
            "전세실거래년":null,
            "전세실거래가":null,
            "전세가율":null,
            "장기전세가율평균":78.75,
            "전세가율거품지수":null,
            "검색코드":122934,
            "세대수":353,
            "준공년월":"2020-05-15",
            "준공년차":3,
            "가까운역이름":"NA",
            "가까운역거리":"NA",
            "역세권여부":"NA",
            "30분이내주요거점역":"NA",
            "1시간이내주요거점역":"NA",
            "3km이내백화점수":0,
            "5km이내아울렛몰수":1,
            "1km이내대형먀트수":0,
            "500m이내은행수":0,
            "500m이내병원수":0,
            "5km이내대형병원수":7,
            "500m이내공원수":0,
            "3km이내혐오시설수":0,
            "초등학교학업성취도":86.79,
            "중학교학업성취도":65.6,
            "용적률":190,
            "건폐율":15,
            "Y":35.141635,
            "X":126.851091,
            "rank":134.0,
            "area_info":"32평(107.72), 32평(108.97), 33평(109.1)",
            "last_sales":"2020-06-05,44181.0,33평(109.1)"
        },
        {
            "index":64,
            "아파트명":"모아",
            "투자타입":"일반",
            "전용면적(m2)":"95.79",
            "전용면적(평)":"28평",
            "법정동주소":"광주시 서구 금호동 769",
            "도로명주소":"광주시 서구 금화로149번길 27",
            "세대수":50,
            "입주년차":0,
            "용적률점수":"--",
            "건폐율점수":"--",
            "세대당주차수":30,
            "난방방식":30,
            "공급면적":"--",
            "전용률":"--",
            "욕실수":100,
            "현관타입":100,
            "주거총점":45.0,
            "지역구공급총점":0.0,
            "역세권":"NA",
            "30분내 이동가능 거점":"NA",
            "1시간내 이동가능 거점":"NA",
            "교통총점":"NA",
            "백화점":0,
            "아울렛몰":80,
            "대형마트":0,
            "은행":0,
            "병원":60,
            "종합병원":100,
            "공원":100,
            "혐오시설":0,
            "인프라총점":37.0,
            "초등학군":87.77,
            "중학군":44.06,
            "학군총점":52.802,
            "인구수":34.39,
            "인구증감":-14.6,
            "인구총점":19.693,
            "일자리":19.8,
            "소득수준":63.56,
            "일자리총점":32.928,
            "가치 총점":43.7505,
            "매매실거래년":20211215.0,
            "매매실거래가":15000.0,
            "전세실거래년":20210910.0,
            "전세실거래가":19000.0,
            "전세가율":126.67,
            "장기전세가율평균":78.75,
            "전세가율거품지수":-47.92,
            "검색코드":5444,
            "세대수":400,
            "준공년월":"1998-06-25",
            "준공년차":25,
            "가까운역이름":"NA",
            "가까운역거리":"NA",
            "역세권여부":"NA",
            "30분이내주요거점역":"NA",
            "1시간이내주요거점역":"NA",
            "3km이내백화점수":0,
            "5km이내아울렛몰수":1,
            "1km이내대형먀트수":0,
            "500m이내은행수":1,
            "500m이내병원수":26,
            "5km이내대형병원수":10,
            "500m이내공원수":5,
            "3km이내혐오시설수":0,
            "초등학교학업성취도":87.77,
            "중학교학업성취도":73.1,
            "용적률":239,
            "건폐율":26,
            "Y":35.135101,
            "X":126.862963,
            "rank":135.0,
            "area_info":"28평(95.79), 32평(108.5)",
            "last_sales":"2021-12-15,15000.0,28평(95.79)"
        },
        {
            "index":344,
            "아파트명":"광명메이루즈",
            "투자타입":"일반",
            "전용면적(m2)":"127.38",
            "전용면적(평)":"38평",
            "법정동주소":"광주시 서구 풍암동 929-2",
            "도로명주소":"광주시 서구 풍암신흥로 18",
            "세대수":0,
            "입주년차":60,
            "용적률점수":"--",
            "건폐율점수":"--",
            "세대당주차수":60,
            "난방방식":30,
            "공급면적":"--",
            "전용률":"--",
            "욕실수":100,
            "현관타입":100,
            "주거총점":44.0,
            "지역구공급총점":0.0,
            "역세권":"NA",
            "30분내 이동가능 거점":"NA",
            "1시간내 이동가능 거점":"NA",
            "교통총점":"NA",
            "백화점":0,
            "아울렛몰":80,
            "대형마트":0,
            "은행":0,
            "병원":10,
            "종합병원":100,
            "공원":100,
            "혐오시설":0,
            "인프라총점":32.0,
            "초등학군":89.18,
            "중학군":53.62,
            "학군총점":60.732,
            "인구수":34.39,
            "인구증감":-14.6,
            "인구총점":19.693,
            "일자리":19.8,
            "소득수준":63.56,
            "일자리총점":32.928,
            "가치 총점":43.383,
            "매매실거래년":20211105.0,
            "매매실거래가":60000.0,
            "전세실거래년":20210729.0,
            "전세실거래가":40000.0,
            "전세가율":66.67,
            "장기전세가율평균":78.75,
            "전세가율거품지수":12.08,
            "검색코드":103652,
            "세대수":281,
            "준공년월":"2013-02-08",
            "준공년차":10,
            "가까운역이름":"NA",
            "가까운역거리":"NA",
            "역세권여부":"NA",
            "30분이내주요거점역":"NA",
            "1시간이내주요거점역":"NA",
            "3km이내백화점수":0,
            "5km이내아울렛몰수":1,
            "1km이내대형먀트수":0,
            "500m이내은행수":0,
            "500m이내병원수":3,
            "5km이내대형병원수":8,
            "500m이내공원수":5,
            "3km이내혐오시설수":0,
            "초등학교학업성취도":89.18,
            "중학교학업성취도":88.7,
            "용적률":186,
            "건폐율":21,
            "Y":35.118944,
            "X":126.865437,
            "rank":136.0,
            "area_info":"38평(127.38), 45평(149.05), 47평(158.21), 52평(173.18)",
            "last_sales":"2021-11-05,60000.0,38평(127.38)"
        },
        {
            "index":34,
            "아파트명":"금호시영3단지",
            "투자타입":"일반",
            "전용면적(m2)":"35.76",
            "전용면적(평)":"10평",
            "법정동주소":"광주시 서구 금호동 743-3",
            "도로명주소":"광주시 서구 운천로32번길 23",
            "세대수":100,
            "입주년차":0,
            "용적률점수":"--",
            "건폐율점수":"--",
            "세대당주차수":0,
            "난방방식":30,
            "공급면적":"--",
            "전용률":"--",
            "욕실수":50,
            "현관타입":10,
            "주거총점":44.0,
            "지역구공급총점":0.0,
            "역세권":"NA",
            "30분내 이동가능 거점":"NA",
            "1시간내 이동가능 거점":"NA",
            "교통총점":"NA",
            "백화점":0,
            "아울렛몰":80,
            "대형마트":0,
            "은행":0,
            "병원":60,
            "종합병원":100,
            "공원":100,
            "혐오시설":0,
            "인프라총점":37.0,
            "초등학군":83.76,
            "중학군":44.06,
            "학군총점":52.0,
            "인구수":34.39,
            "인구증감":-14.6,
            "인구총점":19.693,
            "일자리":19.8,
            "소득수준":63.56,
            "일자리총점":32.928,
            "가치 총점":43.2,
            "매매실거래년":"18000101",
            "매매실거래가":null,
            "전세실거래년":null,
            "전세실거래가":null,
            "전세가율":null,
            "장기전세가율평균":78.75,
            "전세가율거품지수":null,
            "검색코드":5440,
            "세대수":1500,
            "준공년월":"1993-12-01",
            "준공년차":30,
            "가까운역이름":"NA",
            "가까운역거리":"NA",
            "역세권여부":"NA",
            "30분이내주요거점역":"NA",
            "1시간이내주요거점역":"NA",
            "3km이내백화점수":0,
            "5km이내아울렛몰수":1,
            "1km이내대형먀트수":0,
            "500m이내은행수":0,
            "500m이내병원수":20,
            "5km이내대형병원수":10,
            "500m이내공원수":8,
            "3km이내혐오시설수":0,
            "초등학교학업성취도":83.76,
            "중학교학업성취도":73.1,
            "용적률":190,
            "건폐율":18,
            "Y":35.136417,
            "X":126.862001,
            "rank":137.0,
            "area_info":"10평(35.76), 13평(45.14), 17평(59.24)",
            "last_sales":"1800-01-01,nan,10평(35.76)"
        },
        {
            "index":30,
            "아파트명":"금호베스트빌",
            "투자타입":"일반",
            "전용면적(m2)":"133.62",
            "전용면적(평)":"40평",
            "법정동주소":"광주시 서구 금호동 808",
            "도로명주소":"광주시 서구 화개1로78번길 18",
            "세대수":0,
            "입주년차":20,
            "용적률점수":"--",
            "건폐율점수":"--",
            "세대당주차수":60,
            "난방방식":30,
            "공급면적":"--",
            "전용률":"--",
            "욕실수":100,
            "현관타입":100,
            "주거총점":36.0,
            "지역구공급총점":0.0,
            "역세권":"NA",
            "30분내 이동가능 거점":"NA",
            "1시간내 이동가능 거점":"NA",
            "교통총점":"NA",
            "백화점":0,
            "아울렛몰":80,
            "대형마트":0,
            "은행":0,
            "병원":80,
            "종합병원":100,
            "공원":100,
            "혐오시설":0,
            "인프라총점":39.0,
            "초등학군":90.63,
            "중학군":51.58,
            "학군총점":59.39,
            "인구수":34.39,
            "인구증감":-14.6,
            "인구총점":19.693,
            "일자리":19.8,
            "소득수준":63.56,
            "일자리총점":32.928,
            "가치 총점":43.0475,
            "매매실거래년":20210529.0,
            "매매실거래가":48400.0,
            "전세실거래년":20200630.0,
            "전세실거래가":32000.0,
            "전세가율":72.48,
            "장기전세가율평균":78.75,
            "전세가율거품지수":6.27,
            "검색코드":5405,
            "세대수":256,
            "준공년월":"2001-10-25",
            "준공년차":22,
            "가까운역이름":"NA",
            "가까운역거리":"NA",
            "역세권여부":"NA",
            "30분이내주요거점역":"NA",
            "1시간이내주요거점역":"NA",
            "3km이내백화점수":0,
            "5km이내아울렛몰수":1,
            "1km이내대형먀트수":0,
            "500m이내은행수":1,
            "500m이내병원수":47,
            "5km이내대형병원수":7,
            "500m이내공원수":9,
            "3km이내혐오시설수":0,
            "초등학교학업성취도":90.63,
            "중학교학업성취도":85.5,
            "용적률":239,
            "건폐율":21,
            "Y":35.130613,
            "X":126.85732,
            "rank":138.0,
            "area_info":"40평(133.62), 51평(169.17)",
            "last_sales":"2021-05-29,48400.0,51평(169.17)"
        },
        {
            "index":373,
            "아파트명":"한국",
            "투자타입":"일반",
            "전용면적(m2)":"78.26",
            "전용면적(평)":"23평",
            "법정동주소":"광주시 서구 풍암동 1059",
            "도로명주소":"광주시 서구 풍암2로 84",
            "세대수":50,
            "입주년차":20,
            "용적률점수":"--",
            "건폐율점수":"--",
            "세대당주차수":0,
            "난방방식":30,
            "공급면적":"--",
            "전용률":"--",
            "욕실수":100,
            "현관타입":100,
            "주거총점":44.5,
            "지역구공급총점":0.0,
            "역세권":"NA",
            "30분내 이동가능 거점":"NA",
            "1시간내 이동가능 거점":"NA",
            "교통총점":"NA",
            "백화점":0,
            "아울렛몰":80,
            "대형마트":0,
            "은행":0,
            "병원":10,
            "종합병원":100,
            "공원":100,
            "혐오시설":0,
            "인프라총점":32.0,
            "초등학군":88.8,
            "중학군":50.8,
            "학군총점":58.4,
            "인구수":34.39,
            "인구증감":-14.6,
            "인구총점":19.693,
            "일자리":19.8,
            "소득수준":63.56,
            "일자리총점":32.928,
            "가치 총점":42.975,
            "매매실거래년":20211207.0,
            "매매실거래가":17500.0,
            "전세실거래년":20220110.0,
            "전세실거래가":15500.0,
            "전세가율":88.57,
            "장기전세가율평균":78.75,
            "전세가율거품지수":-9.82,
            "검색코드":5394,
            "세대수":460,
            "준공년월":"2000-06-05",
            "준공년차":23,
            "가까운역이름":"NA",
            "가까운역거리":"NA",
            "역세권여부":"NA",
            "30분이내주요거점역":"NA",
            "1시간이내주요거점역":"NA",
            "3km이내백화점수":0,
            "5km이내아울렛몰수":1,
            "1km이내대형먀트수":0,
            "500m이내은행수":0,
            "500m이내병원수":3,
            "5km이내대형병원수":13,
            "500m이내공원수":9,
            "3km이내혐오시설수":0,
            "초등학교학업성취도":88.8,
            "중학교학업성취도":83.8,
            "용적률":226,
            "건폐율":22,
            "Y":35.120688,
            "X":126.881452,
            "rank":139.0,
            "area_info":"23평(78.26)",
            "last_sales":"2021-12-07,17500.0,23평(78.26)"
        },
        {
            "index":16,
            "아파트명":"금호2지구도시공사2단지",
            "투자타입":"일반",
            "전용면적(m2)":"67.26",
            "전용면적(평)":"20평",
            "법정동주소":"광주시 서구 금호동 767",
            "도로명주소":"광주시 서구 금화로115번길 23",
            "세대수":50,
            "입주년차":20,
            "용적률점수":"--",
            "건폐율점수":"--",
            "세대당주차수":0,
            "난방방식":30,
            "공급면적":"--",
            "전용률":"--",
            "욕실수":50,
            "현관타입":100,
            "주거총점":39.5,
            "지역구공급총점":0.0,
            "역세권":"NA",
            "30분내 이동가능 거점":"NA",
            "1시간내 이동가능 거점":"NA",
            "교통총점":"NA",
            "백화점":0,
            "아울렛몰":80,
            "대형마트":0,
            "은행":0,
            "병원":80,
            "종합병원":100,
            "공원":100,
            "혐오시설":0,
            "인프라총점":39.0,
            "초등학군":87.77,
            "중학군":44.06,
            "학군총점":52.802,
            "인구수":34.39,
            "인구증감":-14.6,
            "인구총점":19.693,
            "일자리":19.8,
            "소득수준":63.56,
            "일자리총점":32.928,
            "가치 총점":42.6255,
            "매매실거래년":20220101.0,
            "매매실거래가":17000.0,
            "전세실거래년":20210606.0,
            "전세실거래가":12500.0,
            "전세가율":83.33,
            "장기전세가율평균":78.75,
            "전세가율거품지수":-4.58,
            "검색코드":16042,
            "세대수":420,
            "준공년월":"1999-04-15",
            "준공년차":24,
            "가까운역이름":"NA",
            "가까운역거리":"NA",
            "역세권여부":"NA",
            "30분이내주요거점역":"NA",
            "1시간이내주요거점역":"NA",
            "3km이내백화점수":0,
            "5km이내아울렛몰수":1,
            "1km이내대형먀트수":0,
            "500m이내은행수":1,
            "500m이내병원수":44,
            "5km이내대형병원수":9,
            "500m이내공원수":10,
            "3km이내혐오시설수":0,
            "초등학교학업성취도":87.77,
            "중학교학업성취도":73.1,
            "용적률":264,
            "건폐율":16,
            "Y":35.135112,
            "X":126.86033,
            "rank":140.0,
            "area_info":"20평(67.26), 23평(78.71), 23평(78.96), 23평(79.14)",
            "last_sales":"2022-01-01,17000.0,23평(79.14)"
        },
        {
            "index":20,
            "아파트명":"금호라인",
            "투자타입":"일반",
            "전용면적(m2)":"105.01",
            "전용면적(평)":"31평",
            "법정동주소":"광주시 서구 금호동 739-1",
            "도로명주소":"광주시 서구 금부로 100",
            "세대수":50,
            "입주년차":0,
            "용적률점수":"--",
            "건폐율점수":"--",
            "세대당주차수":30,
            "난방방식":30,
            "공급면적":"--",
            "전용률":"--",
            "욕실수":100,
            "현관타입":100,
            "주거총점":45.0,
            "지역구공급총점":0.0,
            "역세권":"NA",
            "30분내 이동가능 거점":"NA",
            "1시간내 이동가능 거점":"NA",
            "교통총점":"NA",
            "백화점":0,
            "아울렛몰":80,
            "대형마트":0,
            "은행":0,
            "병원":30,
            "종합병원":100,
            "공원":100,
            "혐오시설":0,
            "인프라총점":34.0,
            "초등학군":83.76,
            "중학군":44.06,
            "학군총점":52.0,
            "인구수":34.39,
            "인구증감":-14.6,
            "인구총점":19.693,
            "일자리":19.8,
            "소득수준":63.56,
            "일자리총점":32.928,
            "가치 총점":42.35,
            "매매실거래년":20211211.0,
            "매매실거래가":25400.0,
            "전세실거래년":20201026.0,
            "전세실거래가":16500.0,
            "전세가율":64.96,
            "장기전세가율평균":78.75,
            "전세가율거품지수":13.79,
            "검색코드":5408,
            "세대수":462,
            "준공년월":"1993-12-31",
            "준공년차":30,
            "가까운역이름":"NA",
            "가까운역거리":"NA",
            "역세권여부":"NA",
            "30분이내주요거점역":"NA",
            "1시간이내주요거점역":"NA",
            "3km이내백화점수":0,
            "5km이내아울렛몰수":1,
            "1km이내대형먀트수":0,
            "500m이내은행수":0,
            "500m이내병원수":8,
            "5km이내대형병원수":9,
            "500m이내공원수":10,
            "3km이내혐오시설수":0,
            "초등학교학업성취도":83.76,
            "중학교학업성취도":73.1,
            "용적률":270,
            "건폐율":26,
            "Y":35.139361,
            "X":126.859744,
            "rank":141.0,
            "area_info":"31평(105.01), 37평(123.46), 41평(136.68), 41평(136.68), 57평(190.64)",
            "last_sales":"2021-12-11,25400.0,31평(105.01)"
        },
        {
            "index":79,
            "아파트명":"호반리젠시빌2차",
            "투자타입":"일반",
            "전용면적(m2)":"57.74",
            "전용면적(평)":"17평",
            "법정동주소":"광주시 서구 금호동 815",
            "도로명주소":"광주시 서구 화개1로 33",
            "세대수":50,
            "입주년차":20,
            "용적률점수":"--",
            "건폐율점수":"--",
            "세대당주차수":0,
            "난방방식":30,
            "공급면적":"--",
            "전용률":"--",
            "욕실수":50,
            "현관타입":100,
            "주거총점":39.5,
            "지역구공급총점":0.0,
            "역세권":"NA",
            "30분내 이동가능 거점":"NA",
            "1시간내 이동가능 거점":"NA",
            "교통총점":"NA",
            "백화점":0,
            "아울렛몰":80,
            "대형마트":0,
            "은행":0,
            "병원":30,
            "종합병원":100,
            "공원":100,
            "혐오시설":0,
            "인프라총점":34.0,
            "초등학군":90.99,
            "중학군":51.58,
            "학군총점":59.462,
            "인구수":34.39,
            "인구증감":-14.6,
            "인구총점":19.693,
            "일자리":19.8,
            "소득수준":63.56,
            "일자리총점":32.928,
            "가치 총점":42.2905,
            "매매실거래년":20211221.0,
            "매매실거래가":12300.0,
            "전세실거래년":20220107.0,
            "전세실거래가":10800.0,
            "전세가율":87.8,
            "장기전세가율평균":78.75,
            "전세가율거품지수":-9.05,
            "검색코드":19547,
            "세대수":609,
            "준공년월":"2000-05-26",
            "준공년차":23,
            "가까운역이름":"NA",
            "가까운역거리":"NA",
            "역세권여부":"NA",
            "30분이내주요거점역":"NA",
            "1시간이내주요거점역":"NA",
            "3km이내백화점수":0,
            "5km이내아울렛몰수":1,
            "1km이내대형먀트수":0,
            "500m이내은행수":0,
            "500m이내병원수":7,
            "5km이내대형병원수":7,
            "500m이내공원수":5,
            "3km이내혐오시설수":0,
            "초등학교학업성취도":90.99,
            "중학교학업성취도":85.5,
            "용적률":226,
            "건폐율":9,
            "Y":35.126721,
            "X":126.854698,
            "rank":142.0,
            "area_info":"17평(57.74), 33평(110.87)",
            "last_sales":"2021-12-21,12300.0,17평(57.74)"
        },
        {
            "index":113,
            "아파트명":"중흥파크",
            "투자타입":"재건축",
            "전용면적(m2)":"102.0",
            "전용면적(평)":"30평",
            "법정동주소":"광주시 서구 농성동 20",
            "도로명주소":"광주시 서구 월산로 210",
            "세대수":0,
            "입주년차":"--",
            "용적률점수":0,
            "건폐율점수":80,
            "세대당주차수":"--",
            "난방방식":"--",
            "공급면적":90,
            "전용률":80,
            "욕실수":"--",
            "현관타입":"--",
            "주거총점":24.5,
            "지역구공급총점":0.0,
            "역세권":"NA",
            "30분내 이동가능 거점":"NA",
            "1시간내 이동가능 거점":"NA",
            "교통총점":"NA",
            "백화점":100,
            "아울렛몰":80,
            "대형마트":0,
            "은행":0,
            "병원":0,
            "종합병원":100,
            "공원":100,
            "혐오시설":0,
            "인프라총점":61.0,
            "초등학군":89.8,
            "중학군":24.0,
            "학군총점":37.16,
            "인구수":34.39,
            "인구증감":-14.6,
            "인구총점":19.693,
            "일자리":19.8,
            "소득수준":63.56,
            "일자리총점":32.928,
            "가치 총점":42.265,
            "매매실거래년":20211108.0,
            "매매실거래가":16000.0,
            "전세실거래년":20210817.0,
            "전세실거래가":15000.0,
            "전세가율":93.75,
            "장기전세가율평균":78.75,
            "전세가율거품지수":-15.0,
            "검색코드":5522,
            "세대수":207,
            "준공년월":"1989-05-19",
            "준공년차":34,
            "가까운역이름":"NA",
            "가까운역거리":"NA",
            "역세권여부":"NA",
            "30분이내주요거점역":"NA",
            "1시간이내주요거점역":"NA",
            "3km이내백화점수":2,
            "5km이내아울렛몰수":1,
            "1km이내대형먀트수":0,
            "500m이내은행수":1,
            "500m이내병원수":1,
            "5km이내대형병원수":15,
            "500m이내공원수":9,
            "3km이내혐오시설수":0,
            "초등학교학업성취도":89.8,
            "중학교학업성취도":40.0,
            "용적률":243,
            "건폐율":20,
            "Y":35.156308,
            "X":126.892884,
            "rank":143.0,
            "area_info":"30평(102.0)",
            "last_sales":"2021-11-08,16000.0,30평(102.0)"
        },
        {
            "index":522,
            "아파트명":"화정영무예다음",
            "투자타입":"일반",
            "전용면적(m2)":"58.37",
            "전용면적(평)":"17평",
            "법정동주소":"광주시 서구 화정동 1295",
            "도로명주소":"광주시 서구 화운로23번길 7-31",
            "세대수":0,
            "입주년차":20,
            "용적률점수":"--",
            "건폐율점수":"--",
            "세대당주차수":0,
            "난방방식":30,
            "공급면적":"--",
            "전용률":"--",
            "욕실수":50,
            "현관타입":10,
            "주거총점":13.0,
            "지역구공급총점":0.0,
            "역세권":"NA",
            "30분내 이동가능 거점":"NA",
            "1시간내 이동가능 거점":"NA",
            "교통총점":"NA",
            "백화점":100,
            "아울렛몰":80,
            "대형마트":0,
            "은행":0,
            "병원":30,
            "종합병원":100,
            "공원":100,
            "혐오시설":0,
            "인프라총점":64.0,
            "초등학군":90.98,
            "중학군":37.54,
            "학군총점":48.228,
            "인구수":34.39,
            "인구증감":-14.6,
            "인구총점":19.693,
            "일자리":19.8,
            "소득수준":63.56,
            "일자리총점":32.928,
            "가치 총점":42.207,
            "매매실거래년":20211130.0,
            "매매실거래가":13400.0,
            "전세실거래년":20210401.0,
            "전세실거래가":10000.0,
            "전세가율":117.65,
            "장기전세가율평균":78.75,
            "전세가율거품지수":-38.9,
            "검색코드":108334,
            "세대수":147,
            "준공년월":"2003-09-19",
            "준공년차":20,
            "가까운역이름":"NA",
            "가까운역거리":"NA",
            "역세권여부":"NA",
            "30분이내주요거점역":"NA",
            "1시간이내주요거점역":"NA",
            "3km이내백화점수":2,
            "5km이내아울렛몰수":1,
            "1km이내대형먀트수":0,
            "500m이내은행수":1,
            "500m이내병원수":6,
            "5km이내대형병원수":12,
            "500m이내공원수":4,
            "3km이내혐오시설수":0,
            "초등학교학업성취도":90.98,
            "중학교학업성취도":62.1,
            "용적률":298,
            "건폐율":28,
            "Y":35.141488,
            "X":126.884865,
            "rank":144.0,
            "area_info":"17평(58.37), 18평(61.18), 19평(65.17), 21평(71.61), 21평(71.71), 21평(72.46), 24평(81.21), 24평(81.28), 24평(82.16)",
            "last_sales":"2021-11-30,13400.0,24평(82.16)"
        },
        {
            "index":219,
            "아파트명":"금호1차",
            "투자타입":"재건축",
            "전용면적(m2)":"112.72",
            "전용면적(평)":"34평",
            "법정동주소":"광주시 서구 양동 61",
            "도로명주소":"광주시 서구 독립로185번길 2",
            "세대수":0,
            "입주년차":"--",
            "용적률점수":0,
            "건폐율점수":60,
            "세대당주차수":"--",
            "난방방식":"--",
            "공급면적":90,
            "전용률":60,
            "욕실수":"--",
            "현관타입":"--",
            "주거총점":19.5,
            "지역구공급총점":0.0,
            "역세권":"NA",
            "30분내 이동가능 거점":"NA",
            "1시간내 이동가능 거점":"NA",
            "교통총점":"NA",
            "백화점":100,
            "아울렛몰":80,
            "대형마트":0,
            "은행":0,
            "병원":10,
            "종합병원":100,
            "공원":0,
            "혐오시설":0,
            "인프라총점":59.0,
            "초등학군":83.15,
            "중학군":37.9,
            "학군총점":46.95,
            "인구수":34.39,
            "인구증감":-14.6,
            "인구총점":19.693,
            "일자리":19.8,
            "소득수준":63.56,
            "일자리총점":32.928,
            "가치 총점":42.1625,
            "매매실거래년":20200821.0,
            "매매실거래가":16000.0,
            "전세실거래년":20210606.0,
            "전세실거래가":15000.0,
            "전세가율":83.33,
            "장기전세가율평균":78.75,
            "전세가율거품지수":-4.58,
            "검색코드":104834,
            "세대수":164,
            "준공년월":"1983-05-21",
            "준공년차":40,
            "가까운역이름":"NA",
            "가까운역거리":"NA",
            "역세권여부":"NA",
            "30분이내주요거점역":"NA",
            "1시간이내주요거점역":"NA",
            "3km이내백화점수":2,
            "5km이내아울렛몰수":1,
            "1km이내대형먀트수":0,
            "500m이내은행수":1,
            "500m이내병원수":2,
            "5km이내대형병원수":15,
            "500m이내공원수":0,
            "3km이내혐오시설수":0,
            "초등학교학업성취도":83.15,
            "중학교학업성취도":62.7,
            "용적률":442,
            "건폐율":33,
            "Y":35.150155,
            "X":126.90415,
            "rank":145.0,
            "area_info":"34평(112.72), 37평(122.53), 52평(172.39)",
            "last_sales":"2020-08-21,16000.0,52평(172.39)"
        },
        {
            "index":66,
            "아파트명":"이지더원",
            "투자타입":"일반",
            "전용면적(m2)":"109.35",
            "전용면적(평)":"33평",
            "법정동주소":"광주시 서구 금호동 206-20",
            "도로명주소":"광주시 서구 화개중앙로 116",
            "세대수":0,
            "입주년차":40,
            "용적률점수":"--",
            "건폐율점수":"--",
            "세대당주차수":30,
            "난방방식":30,
            "공급면적":"--",
            "전용률":"--",
            "욕실수":100,
            "현관타입":100,
            "주거총점":35.5,
            "지역구공급총점":0.0,
            "역세권":"NA",
            "30분내 이동가능 거점":"NA",
            "1시간내 이동가능 거점":"NA",
            "교통총점":"NA",
            "백화점":0,
            "아울렛몰":80,
            "대형마트":0,
            "은행":0,
            "병원":60,
            "종합병원":100,
            "공원":100,
            "혐오시설":0,
            "인프라총점":37.0,
            "초등학군":90.99,
            "중학군":51.58,
            "학군총점":59.462,
            "인구수":34.39,
            "인구증감":-14.6,
            "인구총점":19.693,
            "일자리":19.8,
            "소득수준":63.56,
            "일자리총점":32.928,
            "가치 총점":42.0905,
            "매매실거래년":20220103.0,
            "매매실거래가":39500.0,
            "전세실거래년":20201008.0,
            "전세실거래가":26000.0,
            "전세가율":84.14,
            "장기전세가율평균":78.75,
            "전세가율거품지수":-5.39,
            "검색코드":100934,
            "세대수":106,
            "준공년월":"2006-06-30",
            "준공년차":17,
            "가까운역이름":"NA",
            "가까운역거리":"NA",
            "역세권여부":"NA",
            "30분이내주요거점역":"NA",
            "1시간이내주요거점역":"NA",
            "3km이내백화점수":0,
            "5km이내아울렛몰수":1,
            "1km이내대형먀트수":0,
            "500m이내은행수":0,
            "500m이내병원수":11,
            "5km이내대형병원수":7,
            "500m이내공원수":3,
            "3km이내혐오시설수":0,
            "초등학교학업성취도":90.99,
            "중학교학업성취도":85.5,
            "용적률":200,
            "건폐율":25,
            "Y":35.129155,
            "X":126.851888,
            "rank":146.0,
            "area_info":"33평(109.35), 34평(112.59)",
            "last_sales":"2022-01-03,39500.0,34평(112.59)"
        },
        {
            "index":352,
            "아파트명":"남양현대(풍암현대)",
            "투자타입":"일반",
            "전용면적(m2)":"80.26",
            "전용면적(평)":"24평",
            "법정동주소":"광주시 서구 풍암동 1057",
            "도로명주소":"광주시 서구 풍암순환로 70",
            "세대수":50,
            "입주년차":20,
            "용적률점수":"--",
            "건폐율점수":"--",
            "세대당주차수":0,
            "난방방식":30,
            "공급면적":"--",
            "전용률":"--",
            "욕실수":50,
            "현관타입":100,
            "주거총점":39.5,
            "지역구공급총점":0.0,
            "역세권":"NA",
            "30분내 이동가능 거점":"NA",
            "1시간내 이동가능 거점":"NA",
            "교통총점":"NA",
            "백화점":0,
            "아울렛몰":80,
            "대형마트":0,
            "은행":0,
            "병원":30,
            "종합병원":100,
            "공원":100,
            "혐오시설":0,
            "인프라총점":34.0,
            "초등학군":88.8,
            "중학군":50.8,
            "학군총점":58.4,
            "인구수":34.39,
            "인구증감":-14.6,
            "인구총점":19.693,
            "일자리":19.8,
            "소득수준":63.56,
            "일자리총점":32.928,
            "가치 총점":42.025,
            "매매실거래년":20211227.0,
            "매매실거래가":18400.0,
            "전세실거래년":20220104.0,
            "전세실거래가":14500.0,
            "전세가율":78.8,
            "장기전세가율평균":78.75,
            "전세가율거품지수":-0.05,
            "검색코드":5389,
            "세대수":628,
            "준공년월":"2000-06-16",
            "준공년차":23,
            "가까운역이름":"NA",
            "가까운역거리":"NA",
            "역세권여부":"NA",
            "30분이내주요거점역":"NA",
            "1시간이내주요거점역":"NA",
            "3km이내백화점수":0,
            "5km이내아울렛몰수":1,
            "1km이내대형먀트수":0,
            "500m이내은행수":0,
            "500m이내병원수":6,
            "5km이내대형병원수":13,
            "500m이내공원수":10,
            "3km이내혐오시설수":0,
            "초등학교학업성취도":88.8,
            "중학교학업성취도":83.8,
            "용적률":240,
            "건폐율":21,
            "Y":35.120723,
            "X":126.878347,
            "rank":147.0,
            "area_info":"24평(80.26)",
            "last_sales":"2021-12-27,18400.0,24평(80.26)"
        },
        {
            "index":58,
            "아파트명":"로렌시아",
            "투자타입":"일반",
            "전용면적(m2)":"120.88",
            "전용면적(평)":"36평",
            "법정동주소":"광주시 서구 금호동 240-10",
            "도로명주소":"광주시 서구 화개중앙로 148",
            "세대수":0,
            "입주년차":40,
            "용적률점수":"--",
            "건폐율점수":"--",
            "세대당주차수":30,
            "난방방식":30,
            "공급면적":"--",
            "전용률":"--",
            "욕실수":100,
            "현관타입":100,
            "주거총점":35.5,
            "지역구공급총점":0.0,
            "역세권":"NA",
            "30분내 이동가능 거점":"NA",
            "1시간내 이동가능 거점":"NA",
            "교통총점":"NA",
            "백화점":0,
            "아울렛몰":80,
            "대형마트":0,
            "은행":0,
            "병원":60,
            "종합병원":100,
            "공원":80,
            "혐오시설":0,
            "인프라총점":36.4,
            "초등학군":90.63,
            "중학군":51.58,
            "학군총점":59.39,
            "인구수":34.39,
            "인구증감":-14.6,
            "인구총점":19.693,
            "일자리":19.8,
            "소득수준":63.56,
            "일자리총점":32.928,
            "가치 총점":41.8325,
            "매매실거래년":20211124.0,
            "매매실거래가":49000.0,
            "전세실거래년":20211019.0,
            "전세실거래가":35000.0,
            "전세가율":71.43,
            "장기전세가율평균":78.75,
            "전세가율거품지수":7.32,
            "검색코드":24853,
            "세대수":257,
            "준공년월":"2007-02-14",
            "준공년차":16,
            "가까운역이름":"NA",
            "가까운역거리":"NA",
            "역세권여부":"NA",
            "30분이내주요거점역":"NA",
            "1시간이내주요거점역":"NA",
            "3km이내백화점수":0,
            "5km이내아울렛몰수":1,
            "1km이내대형먀트수":0,
            "500m이내은행수":0,
            "500m이내병원수":10,
            "5km이내대형병원수":7,
            "500m이내공원수":1,
            "3km이내혐오시설수":0,
            "초등학교학업성취도":90.63,
            "중학교학업성취도":85.5,
            "용적률":198,
            "건폐율":17,
            "Y":35.131329,
            "X":126.851089,
            "rank":148.0,
            "area_info":"36평(120.88)",
            "last_sales":"2021-11-24,49000.0,36평(120.88)"
        },
        {
            "index":46,
            "아파트명":"금호코아루",
            "투자타입":"일반",
            "전용면적(m2)":"167.24",
            "전용면적(평)":"50평",
            "법정동주소":"광주시 서구 금호동 447-9",
            "도로명주소":"광주시 서구 금호운천길 41",
            "세대수":0,
            "입주년차":40,
            "용적률점수":"--",
            "건폐율점수":"--",
            "세대당주차수":80,
            "난방방식":30,
            "공급면적":"--",
            "전용률":"--",
            "욕실수":100,
            "현관타입":100,
            "주거총점":43.0,
            "지역구공급총점":0.0,
            "역세권":"NA",
            "30분내 이동가능 거점":"NA",
            "1시간내 이동가능 거점":"NA",
            "교통총점":"NA",
            "백화점":0,
            "아울렛몰":80,
            "대형마트":0,
            "은행":0,
            "병원":30,
            "종합병원":100,
            "공원":100,
            "혐오시설":0,
            "인프라총점":34.0,
            "초등학군":86.79,
            "중학군":44.06,
            "학군총점":52.606,
            "인구수":34.39,
            "인구증감":-14.6,
            "인구총점":19.693,
            "일자리":19.8,
            "소득수준":63.56,
            "일자리총점":32.928,
            "가치 총점":41.8015,
            "매매실거래년":20211009.0,
            "매매실거래가":59000.0,
            "전세실거래년":20210226.0,
            "전세실거래가":45000.0,
            "전세가율":76.27,
            "장기전세가율평균":78.75,
            "전세가율거품지수":2.48,
            "검색코드":18848,
            "세대수":248,
            "준공년월":"2006-03-31",
            "준공년차":17,
            "가까운역이름":"NA",
            "가까운역거리":"NA",
            "역세권여부":"NA",
            "30분이내주요거점역":"NA",
            "1시간이내주요거점역":"NA",
            "3km이내백화점수":0,
            "5km이내아울렛몰수":1,
            "1km이내대형먀트수":0,
            "500m이내은행수":0,
            "500m이내병원수":7,
            "5km이내대형병원수":8,
            "500m이내공원수":10,
            "3km이내혐오시설수":0,
            "초등학교학업성취도":86.79,
            "중학교학업성취도":73.1,
            "용적률":216,
            "건폐율":19,
            "Y":35.138697,
            "X":126.856264,
            "rank":149.0,
            "area_info":"50평(167.24), 52평(173.57), 59평(195.88)",
            "last_sales":"2021-10-09,59000.0,50평(167.24)"
        },
        {
            "index":14,
            "아파트명":"금호2지구도개공1단지",
            "투자타입":"일반",
            "전용면적(m2)":"68.7",
            "전용면적(평)":"20평",
            "법정동주소":"광주시 서구 금호동 770",
            "도로명주소":"광주시 서구 금화로115번길 12",
            "세대수":50,
            "입주년차":0,
            "용적률점수":"--",
            "건폐율점수":"--",
            "세대당주차수":0,
            "난방방식":30,
            "공급면적":"--",
            "전용률":"--",
            "욕실수":50,
            "현관타입":100,
            "주거총점":35.5,
            "지역구공급총점":0.0,
            "역세권":"NA",
            "30분내 이동가능 거점":"NA",
            "1시간내 이동가능 거점":"NA",
            "교통총점":"NA",
            "백화점":0,
            "아울렛몰":80,
            "대형마트":0,
            "은행":0,
            "병원":80,
            "종합병원":100,
            "공원":100,
            "혐오시설":0,
            "인프라총점":39.0,
            "초등학군":87.77,
            "중학군":44.06,
            "학군총점":52.802,
            "인구수":34.39,
            "인구증감":-14.6,
            "인구총점":19.693,
            "일자리":19.8,
            "소득수준":63.56,
            "일자리총점":32.928,
            "가치 총점":41.2255,
            "매매실거래년":20211228.0,
            "매매실거래가":16000.0,
            "전세실거래년":20211209.0,
            "전세실거래가":12000.0,
            "전세가율":75.0,
            "장기전세가율평균":78.75,
            "전세가율거품지수":3.75,
            "검색코드":16041,
            "세대수":435,
            "준공년월":"1998-08-13",
            "준공년차":25,
            "가까운역이름":"NA",
            "가까운역거리":"NA",
            "역세권여부":"NA",
            "30분이내주요거점역":"NA",
            "1시간이내주요거점역":"NA",
            "3km이내백화점수":0,
            "5km이내아울렛몰수":1,
            "1km이내대형먀트수":0,
            "500m이내은행수":1,
            "500m이내병원수":41,
            "5km이내대형병원수":9,
            "500m이내공원수":8,
            "3km이내혐오시설수":0,
            "초등학교학업성취도":87.77,
            "중학교학업성취도":73.1,
            "용적률":215,
            "건폐율":20,
            "Y":35.133419,
            "X":126.861484,
            "rank":150.0,
            "area_info":"20평(68.7), 20평(68.66)",
            "last_sales":"2021-12-28,16000.0,20평(68.7)"
        },
        {
            "index":357,
            "아파트명":"삼능남양",
            "투자타입":"일반",
            "전용면적(m2)":"78.54",
            "전용면적(평)":"23평",
            "법정동주소":"광주시 서구 풍암동 1058",
            "도로명주소":"광주시 서구 풍암순환로 86",
            "세대수":50,
            "입주년차":20,
            "용적률점수":"--",
            "건폐율점수":"--",
            "세대당주차수":0,
            "난방방식":30,
            "공급면적":"--",
            "전용률":"--",
            "욕실수":50,
            "현관타입":100,
            "주거총점":39.5,
            "지역구공급총점":0.0,
            "역세권":"NA",
            "30분내 이동가능 거점":"NA",
            "1시간내 이동가능 거점":"NA",
            "교통총점":"NA",
            "백화점":0,
            "아울렛몰":80,
            "대형마트":0,
            "은행":0,
            "병원":10,
            "종합병원":100,
            "공원":100,
            "혐오시설":0,
            "인프라총점":32.0,
            "초등학군":88.8,
            "중학군":50.8,
            "학군총점":58.4,
            "인구수":34.39,
            "인구증감":-14.6,
            "인구총점":19.693,
            "일자리":19.8,
            "소득수준":63.56,
            "일자리총점":32.928,
            "가치 총점":41.225,
            "매매실거래년":20220107.0,
            "매매실거래가":17500.0,
            "전세실거래년":20211101.0,
            "전세실거래가":14000.0,
            "전세가율":80.0,
            "장기전세가율평균":78.75,
            "전세가율거품지수":-1.25,
            "검색코드":16704,
            "세대수":564,
            "준공년월":"2000-10-14",
            "준공년차":23,
            "가까운역이름":"NA",
            "가까운역거리":"NA",
            "역세권여부":"NA",
            "30분이내주요거점역":"NA",
            "1시간이내주요거점역":"NA",
            "3km이내백화점수":0,
            "5km이내아울렛몰수":1,
            "1km이내대형먀트수":0,
            "500m이내은행수":0,
            "500m이내병원수":3,
            "5km이내대형병원수":13,
            "500m이내공원수":9,
            "3km이내혐오시설수":0,
            "초등학교학업성취도":88.8,
            "중학교학업성취도":83.8,
            "용적률":223,
            "건폐율":26,
            "Y":35.120514,
            "X":126.880193,
            "rank":151.0,
            "area_info":"23평(78.54)",
            "last_sales":"2022-01-07,17500.0,23평(78.54)"
        },
        {
            "index":33,
            "아파트명":"금호시영1단지",
            "투자타입":"일반",
            "전용면적(m2)":"68.92",
            "전용면적(평)":"20평",
            "법정동주소":"광주시 서구 금호동 741-1",
            "도로명주소":"광주시 서구 운천로 41",
            "세대수":80,
            "입주년차":0,
            "용적률점수":"--",
            "건폐율점수":"--",
            "세대당주차수":0,
            "난방방식":30,
            "공급면적":"--",
            "전용률":"--",
            "욕실수":50,
            "현관타입":10,
            "주거총점":37.0,
            "지역구공급총점":0.0,
            "역세권":"NA",
            "30분내 이동가능 거점":"NA",
            "1시간내 이동가능 거점":"NA",
            "교통총점":"NA",
            "백화점":0,
            "아울렛몰":80,
            "대형마트":0,
            "은행":0,
            "병원":60,
            "종합병원":100,
            "공원":100,
            "혐오시설":0,
            "인프라총점":37.0,
            "초등학군":86.79,
            "중학군":44.06,
            "학군총점":52.606,
            "인구수":34.39,
            "인구증감":-14.6,
            "인구총점":19.693,
            "일자리":19.8,
            "소득수준":63.56,
            "일자리총점":32.928,
            "가치 총점":40.9015,
            "매매실거래년":20211210.0,
            "매매실거래가":14700.0,
            "전세실거래년":20201214.0,
            "전세실거래가":9500.0,
            "전세가율":64.63,
            "장기전세가율평균":78.75,
            "전세가율거품지수":14.12,
            "검색코드":5422,
            "세대수":810,
            "준공년월":"1993-12-10",
            "준공년차":30,
            "가까운역이름":"NA",
            "가까운역거리":"NA",
            "역세권여부":"NA",
            "30분이내주요거점역":"NA",
            "1시간이내주요거점역":"NA",
            "3km이내백화점수":0,
            "5km이내아울렛몰수":1,
            "1km이내대형먀트수":0,
            "500m이내은행수":0,
            "500m이내병원수":20,
            "5km이내대형병원수":8,
            "500m이내공원수":8,
            "3km이내혐오시설수":0,
            "초등학교학업성취도":86.79,
            "중학교학업성취도":73.1,
            "용적률":195,
            "건폐율":16,
            "Y":35.13711,
            "X":126.858107,
            "rank":152.0,
            "area_info":"20평(68.92)",
            "last_sales":"2021-12-10,14700.0,20평(68.92)"
        },
        {
            "index":376,
            "아파트명":"한신",
            "투자타입":"일반",
            "전용면적(m2)":"55.34",
            "전용면적(평)":"16평",
            "법정동주소":"광주시 서구 풍암동 1053",
            "도로명주소":"광주시 서구 풍암순환로 38",
            "세대수":50,
            "입주년차":20,
            "용적률점수":"--",
            "건폐율점수":"--",
            "세대당주차수":0,
            "난방방식":30,
            "공급면적":"--",
            "전용률":"--",
            "욕실수":50,
            "현관타입":10,
            "주거총점":30.5,
            "지역구공급총점":0.0,
            "역세권":"NA",
            "30분내 이동가능 거점":"NA",
            "1시간내 이동가능 거점":"NA",
            "교통총점":"NA",
            "백화점":0,
            "아울렛몰":80,
            "대형마트":0,
            "은행":20,
            "병원":60,
            "종합병원":100,
            "공원":100,
            "혐오시설":0,
            "인프라총점":39.0,
            "초등학군":87.89,
            "중학군":50.8,
            "학군총점":58.218,
            "인구수":34.39,
            "인구증감":-14.6,
            "인구총점":19.693,
            "일자리":19.8,
            "소득수준":63.56,
            "일자리총점":32.928,
            "가치 총점":40.8295,
            "매매실거래년":20220113.0,
            "매매실거래가":15400.0,
            "전세실거래년":20210903.0,
            "전세실거래가":8000.0,
            "전세가율":86.96,
            "장기전세가율평균":78.75,
            "전세가율거품지수":-8.21,
            "검색코드":10598,
            "세대수":585,
            "준공년월":"2000-06-07",
            "준공년차":23,
            "가까운역이름":"NA",
            "가까운역거리":"NA",
            "역세권여부":"NA",
            "30분이내주요거점역":"NA",
            "1시간이내주요거점역":"NA",
            "3km이내백화점수":0,
            "5km이내아울렛몰수":1,
            "1km이내대형먀트수":0,
            "500m이내은행수":2,
            "500m이내병원수":12,
            "5km이내대형병원수":13,
            "500m이내공원수":7,
            "3km이내혐오시설수":0,
            "초등학교학업성취도":87.89,
            "중학교학업성취도":83.8,
            "용적률":202,
            "건폐율":21,
            "Y":35.12261,
            "X":126.875841,
            "rank":153.0,
            "area_info":"16평(55.34), 20평(66.56), 24평(79.66)",
            "last_sales":"2022-01-13,15400.0,24평(79.66)"
        },
        {
            "index":367,
            "아파트명":"풍암대주파크빌3차",
            "투자타입":"일반",
            "전용면적(m2)":"107.51",
            "전용면적(평)":"32평",
            "법정동주소":"광주시 서구 풍암동 1063",
            "도로명주소":"광주시 서구",
            "세대수":30,
            "입주년차":20,
            "용적률점수":"--",
            "건폐율점수":"--",
            "세대당주차수":0,
            "난방방식":30,
            "공급면적":"--",
            "전용률":"--",
            "욕실수":100,
            "현관타입":100,
            "주거총점":37.5,
            "지역구공급총점":0.0,
            "역세권":"NA",
            "30분내 이동가능 거점":"NA",
            "1시간내 이동가능 거점":"NA",
            "교통총점":"NA",
            "백화점":0,
            "아울렛몰":80,
            "대형마트":0,
            "은행":0,
            "병원":10,
            "종합병원":100,
            "공원":100,
            "혐오시설":0,
            "인프라총점":32.0,
            "초등학군":88.8,
            "중학군":50.8,
            "학군총점":58.4,
            "인구수":34.39,
            "인구증감":-14.6,
            "인구총점":19.693,
            "일자리":19.8,
            "소득수준":63.56,
            "일자리총점":32.928,
            "가치 총점":40.525,
            "매매실거래년":20220103.0,
            "매매실거래가":31400.0,
            "전세실거래년":20210909.0,
            "전세실거래가":23500.0,
            "전세가율":74.84,
            "장기전세가율평균":78.75,
            "전세가율거품지수":3.91,
            "검색코드":16700,
            "세대수":300,
            "준공년월":"2003-03-28",
            "준공년차":20,
            "가까운역이름":"NA",
            "가까운역거리":"NA",
            "역세권여부":"NA",
            "30분이내주요거점역":"NA",
            "1시간이내주요거점역":"NA",
            "3km이내백화점수":0,
            "5km이내아울렛몰수":1,
            "1km이내대형먀트수":0,
            "500m이내은행수":0,
            "500m이내병원수":3,
            "5km이내대형병원수":13,
            "500m이내공원수":5,
            "3km이내혐오시설수":0,
            "초등학교학업성취도":88.8,
            "중학교학업성취도":83.8,
            "용적률":0,
            "건폐율":23,
            "Y":35.120633,
            "X":126.884261,
            "rank":154.0,
            "area_info":"32평(107.51)",
            "last_sales":"2022-01-03,31400.0,32평(107.51)"
        },
        {
            "index":368,
            "아파트명":"풍암대주파크빌4차",
            "투자타입":"일반",
            "전용면적(m2)":"112.39",
            "전용면적(평)":"33평",
            "법정동주소":"광주시 서구 풍암동 705-1",
            "도로명주소":"광주시 서구 송풍로 8",
            "세대수":0,
            "입주년차":40,
            "용적률점수":"--",
            "건폐율점수":"--",
            "세대당주차수":30,
            "난방방식":30,
            "공급면적":"--",
            "전용률":"--",
            "욕실수":100,
            "현관타입":100,
            "주거총점":35.5,
            "지역구공급총점":0.0,
            "역세권":"NA",
            "30분내 이동가능 거점":"NA",
            "1시간내 이동가능 거점":"NA",
            "교통총점":"NA",
            "백화점":0,
            "아울렛몰":80,
            "대형마트":0,
            "은행":0,
            "병원":10,
            "종합병원":100,
            "공원":100,
            "혐오시설":0,
            "인프라총점":32.0,
            "초등학군":89.18,
            "중학군":53.62,
            "학군총점":60.732,
            "인구수":34.39,
            "인구증감":-14.6,
            "인구총점":19.693,
            "일자리":19.8,
            "소득수준":63.56,
            "일자리총점":32.928,
            "가치 총점":40.408,
            "매매실거래년":20210911.0,
            "매매실거래가":35000.0,
            "전세실거래년":20210827.0,
            "전세실거래가":18000.0,
            "전세가율":51.43,
            "장기전세가율평균":78.75,
            "전세가율거품지수":27.32,
            "검색코드":17577,
            "세대수":172,
            "준공년월":"2005-11-29",
            "준공년차":18,
            "가까운역이름":"NA",
            "가까운역거리":"NA",
            "역세권여부":"NA",
            "30분이내주요거점역":"NA",
            "1시간이내주요거점역":"NA",
            "3km이내백화점수":0,
            "5km이내아울렛몰수":1,
            "1km이내대형먀트수":0,
            "500m이내은행수":0,
            "500m이내병원수":3,
            "5km이내대형병원수":8,
            "500m이내공원수":3,
            "3km이내혐오시설수":0,
            "초등학교학업성취도":89.18,
            "중학교학업성취도":88.7,
            "용적률":279,
            "건폐율":21,
            "Y":35.11776,
            "X":126.866002,
            "rank":155.0,
            "area_info":"33평(112.39)",
            "last_sales":"2021-09-11,35000.0,33평(112.39)"
        },
        {
            "index":142,
            "아파트명":"상무자이",
            "투자타입":"일반",
            "전용면적(m2)":"146.48",
            "전용면적(평)":"44평",
            "법정동주소":"광주시 서구 마륵동 1",
            "도로명주소":"광주시 서구 백석길 22-23",
            "세대수":0,
            "입주년차":40,
            "용적률점수":"--",
            "건폐율점수":"--",
            "세대당주차수":80,
            "난방방식":30,
            "공급면적":"--",
            "전용률":"--",
            "욕실수":100,
            "현관타입":100,
            "주거총점":43.0,
            "지역구공급총점":0.0,
            "역세권":"NA",
            "30분내 이동가능 거점":"NA",
            "1시간내 이동가능 거점":"NA",
            "교통총점":"NA",
            "백화점":0,
            "아울렛몰":80,
            "대형마트":0,
            "은행":0,
            "병원":10,
            "종합병원":100,
            "공원":100,
            "혐오시설":0,
            "인프라총점":32.0,
            "초등학군":86.79,
            "중학군":39.6,
            "학군총점":49.038,
            "인구수":34.39,
            "인구증감":-14.6,
            "인구총점":19.693,
            "일자리":19.8,
            "소득수준":63.56,
            "일자리총점":32.928,
            "가치 총점":40.1095,
            "매매실거래년":20211120.0,
            "매매실거래가":90000.0,
            "전세실거래년":20211023.0,
            "전세실거래가":38000.0,
            "전세가율":55.88,
            "장기전세가율평균":78.75,
            "전세가율거품지수":22.87,
            "검색코드":25533,
            "세대수":269,
            "준공년월":"2008-05-29",
            "준공년차":15,
            "가까운역이름":"NA",
            "가까운역거리":"NA",
            "역세권여부":"NA",
            "30분이내주요거점역":"NA",
            "1시간이내주요거점역":"NA",
            "3km이내백화점수":0,
            "5km이내아울렛몰수":1,
            "1km이내대형먀트수":0,
            "500m이내은행수":0,
            "500m이내병원수":2,
            "5km이내대형병원수":8,
            "500m이내공원수":2,
            "3km이내혐오시설수":0,
            "초등학교학업성취도":86.79,
            "중학교학업성취도":65.6,
            "용적률":185,
            "건폐율":19,
            "Y":35.141306,
            "X":126.852836,
            "rank":156.0,
            "area_info":"44평(146.48), 53평(175.86), 54평(179.56), 54평(180.0), 61평(202.73), 78평(259.34), 78평(260.23)",
            "last_sales":"2021-11-20,90000.0,54평(179.56)"
        },
        {
            "index":28,
            "아파트명":"금호명지",
            "투자타입":"일반",
            "전용면적(m2)":"103.83",
            "전용면적(평)":"31평",
            "법정동주소":"광주시 서구 금호동 738-1",
            "도로명주소":"광주시 서구 운천로 69",
            "세대수":0,
            "입주년차":0,
            "용적률점수":"--",
            "건폐율점수":"--",
            "세대당주차수":80,
            "난방방식":30,
            "공급면적":"--",
            "전용률":"--",
            "욕실수":100,
            "현관타입":100,
            "주거총점":35.0,
            "지역구공급총점":0.0,
            "역세권":"NA",
            "30분내 이동가능 거점":"NA",
            "1시간내 이동가능 거점":"NA",
            "교통총점":"NA",
            "백화점":0,
            "아울렛몰":80,
            "대형마트":0,
            "은행":0,
            "병원":30,
            "종합병원":100,
            "공원":100,
            "혐오시설":0,
            "인프라총점":34.0,
            "초등학군":86.79,
            "중학군":44.06,
            "학군총점":52.606,
            "인구수":34.39,
            "인구증감":-14.6,
            "인구총점":19.693,
            "일자리":19.8,
            "소득수준":63.56,
            "일자리총점":32.928,
            "가치 총점":39.0015,
            "매매실거래년":20211207.0,
            "매매실거래가":37700.0,
            "전세실거래년":20180816.0,
            "전세실거래가":14000.0,
            "전세가율":70.0,
            "장기전세가율평균":78.75,
            "전세가율거품지수":8.75,
            "검색코드":5414,
            "세대수":160,
            "준공년월":"1994-09-13",
            "준공년차":29,
            "가까운역이름":"NA",
            "가까운역거리":"NA",
            "역세권여부":"NA",
            "30분이내주요거점역":"NA",
            "1시간이내주요거점역":"NA",
            "3km이내백화점수":0,
            "5km이내아울렛몰수":1,
            "1km이내대형먀트수":0,
            "500m이내은행수":0,
            "500m이내병원수":8,
            "5km이내대형병원수":10,
            "500m이내공원수":10,
            "3km이내혐오시설수":0,
            "초등학교학업성취도":86.79,
            "중학교학업성취도":73.1,
            "용적률":282,
            "건폐율":21,
            "Y":35.139227,
            "X":126.857924,
            "rank":157.0,
            "area_info":"31평(103.83), 51평(171.24)",
            "last_sales":"2021-12-07,37700.0,51평(171.24)"
        },
        {
            "index":42,
            "아파트명":"금호일신",
            "투자타입":"일반",
            "전용면적(m2)":"103.95",
            "전용면적(평)":"31평",
            "법정동주소":"광주시 서구 금호동 738-1",
            "도로명주소":"광주시 서구 운천로 69",
            "세대수":0,
            "입주년차":0,
            "용적률점수":"--",
            "건폐율점수":"--",
            "세대당주차수":80,
            "난방방식":30,
            "공급면적":"--",
            "전용률":"--",
            "욕실수":100,
            "현관타입":100,
            "주거총점":35.0,
            "지역구공급총점":0.0,
            "역세권":"NA",
            "30분내 이동가능 거점":"NA",
            "1시간내 이동가능 거점":"NA",
            "교통총점":"NA",
            "백화점":0,
            "아울렛몰":80,
            "대형마트":0,
            "은행":0,
            "병원":30,
            "종합병원":100,
            "공원":100,
            "혐오시설":0,
            "인프라총점":34.0,
            "초등학군":86.79,
            "중학군":44.06,
            "학군총점":52.606,
            "인구수":34.39,
            "인구증감":-14.6,
            "인구총점":19.693,
            "일자리":19.8,
            "소득수준":63.56,
            "일자리총점":32.928,
            "가치 총점":39.0015,
            "매매실거래년":20211106.0,
            "매매실거래가":24800.0,
            "전세실거래년":20200822.0,
            "전세실거래가":15000.0,
            "전세가율":60.48,
            "장기전세가율평균":78.75,
            "전세가율거품지수":18.27,
            "검색코드":5435,
            "세대수":160,
            "준공년월":"1994-04-25",
            "준공년차":29,
            "가까운역이름":"NA",
            "가까운역거리":"NA",
            "역세권여부":"NA",
            "30분이내주요거점역":"NA",
            "1시간이내주요거점역":"NA",
            "3km이내백화점수":0,
            "5km이내아울렛몰수":1,
            "1km이내대형먀트수":0,
            "500m이내은행수":0,
            "500m이내병원수":8,
            "5km이내대형병원수":10,
            "500m이내공원수":10,
            "3km이내혐오시설수":0,
            "초등학교학업성취도":86.79,
            "중학교학업성취도":73.1,
            "용적률":282,
            "건폐율":21,
            "Y":35.139271,
            "X":126.857869,
            "rank":157.0,
            "area_info":"31평(103.95), 39평(131.62), 52평(172.3)",
            "last_sales":"2021-11-06,24800.0,31평(103.95)"
        },
        {
            "index":218,
            "아파트명":"그린파크",
            "투자타입":"일반",
            "전용면적(m2)":"82.84",
            "전용면적(평)":"25평",
            "법정동주소":"광주시 서구 양동 321-20",
            "도로명주소":"광주시 서구 상무대로1224번길 14",
            "세대수":0,
            "입주년차":0,
            "용적률점수":"--",
            "건폐율점수":"--",
            "세대당주차수":0,
            "난방방식":30,
            "공급면적":"--",
            "전용률":"--",
            "욕실수":50,
            "현관타입":10,
            "주거총점":9.0,
            "지역구공급총점":0.0,
            "역세권":"NA",
            "30분내 이동가능 거점":"NA",
            "1시간내 이동가능 거점":"NA",
            "교통총점":"NA",
            "백화점":100,
            "아울렛몰":80,
            "대형마트":0,
            "은행":0,
            "병원":60,
            "종합병원":100,
            "공원":100,
            "혐오시설":0,
            "인프라총점":67.0,
            "초등학군":83.15,
            "중학군":24.0,
            "학군총점":35.83,
            "인구수":34.39,
            "인구증감":-14.6,
            "인구총점":19.693,
            "일자리":19.8,
            "소득수준":63.56,
            "일자리총점":32.928,
            "가치 총점":38.9075,
            "매매실거래년":20211207.0,
            "매매실거래가":10200.0,
            "전세실거래년":20220106.0,
            "전세실거래가":8500.0,
            "전세가율":83.33,
            "장기전세가율평균":78.75,
            "전세가율거품지수":-4.58,
            "검색코드":5448,
            "세대수":261,
            "준공년월":"1996-07-30",
            "준공년차":27,
            "가까운역이름":"NA",
            "가까운역거리":"NA",
            "역세권여부":"NA",
            "30분이내주요거점역":"NA",
            "1시간이내주요거점역":"NA",
            "3km이내백화점수":2,
            "5km이내아울렛몰수":1,
            "1km이내대형먀트수":0,
            "500m이내은행수":0,
            "500m이내병원수":11,
            "5km이내대형병원수":15,
            "500m이내공원수":8,
            "3km이내혐오시설수":0,
            "초등학교학업성취도":83.15,
            "중학교학업성취도":40.0,
            "용적률":290,
            "건폐율":24,
            "Y":35.155487,
            "X":126.895771,
            "rank":158.0,
            "area_info":"25평(82.84)",
            "last_sales":"2021-12-07,10200.0,25평(82.84)"
        },
        {
            "index":77,
            "아파트명":"한국2단지",
            "투자타입":"일반",
            "전용면적(m2)":"79.04",
            "전용면적(평)":"23평",
            "법정동주소":"광주시 서구 금호동 771",
            "도로명주소":"광주시 서구 금화로115번길 9",
            "세대수":30,
            "입주년차":0,
            "용적률점수":"--",
            "건폐율점수":"--",
            "세대당주차수":0,
            "난방방식":30,
            "공급면적":"--",
            "전용률":"--",
            "욕실수":50,
            "현관타입":100,
            "주거총점":28.5,
            "지역구공급총점":0.0,
            "역세권":"NA",
            "30분내 이동가능 거점":"NA",
            "1시간내 이동가능 거점":"NA",
            "교통총점":"NA",
            "백화점":0,
            "아울렛몰":80,
            "대형마트":0,
            "은행":0,
            "병원":80,
            "종합병원":100,
            "공원":100,
            "혐오시설":0,
            "인프라총점":39.0,
            "초등학군":87.77,
            "중학군":44.06,
            "학군총점":52.802,
            "인구수":34.39,
            "인구증감":-14.6,
            "인구총점":19.693,
            "일자리":19.8,
            "소득수준":63.56,
            "일자리총점":32.928,
            "가치 총점":38.7755,
            "매매실거래년":20211230.0,
            "매매실거래가":23700.0,
            "전세실거래년":20211230.0,
            "전세실거래가":14500.0,
            "전세가율":61.18,
            "장기전세가율평균":78.75,
            "전세가율거품지수":17.57,
            "검색코드":16035,
            "세대수":325,
            "준공년월":"1998-09-11",
            "준공년차":25,
            "가까운역이름":"NA",
            "가까운역거리":"NA",
            "역세권여부":"NA",
            "30분이내주요거점역":"NA",
            "1시간이내주요거점역":"NA",
            "3km이내백화점수":0,
            "5km이내아울렛몰수":1,
            "1km이내대형먀트수":0,
            "500m이내은행수":1,
            "500m이내병원수":42,
            "5km이내대형병원수":8,
            "500m이내공원수":10,
            "3km이내혐오시설수":0,
            "초등학교학업성취도":87.77,
            "중학교학업성취도":73.1,
            "용적률":229,
            "건폐율":28,
            "Y":35.133772,
            "X":126.860667,
            "rank":159.0,
            "area_info":"23평(79.04)",
            "last_sales":"2021-12-30,23700.0,23평(79.04)"
        },
        {
            "index":225,
            "아파트명":"동산",
            "투자타입":"일반",
            "전용면적(m2)":"75.34",
            "전용면적(평)":"22평",
            "법정동주소":"광주시 서구 양동 420-5",
            "도로명주소":"광주시 서구 발산로25번길 6",
            "세대수":0,
            "입주년차":0,
            "용적률점수":"--",
            "건폐율점수":"--",
            "세대당주차수":0,
            "난방방식":80,
            "공급면적":"--",
            "전용률":"--",
            "욕실수":50,
            "현관타입":10,
            "주거총점":14.0,
            "지역구공급총점":0.0,
            "역세권":"NA",
            "30분내 이동가능 거점":"NA",
            "1시간내 이동가능 거점":"NA",
            "교통총점":"NA",
            "백화점":100,
            "아울렛몰":80,
            "대형마트":0,
            "은행":0,
            "병원":0,
            "종합병원":100,
            "공원":100,
            "혐오시설":0,
            "인프라총점":61.0,
            "초등학군":89.8,
            "중학군":24.0,
            "학군총점":37.16,
            "인구수":34.39,
            "인구증감":-14.6,
            "인구총점":19.693,
            "일자리":19.8,
            "소득수준":63.56,
            "일자리총점":32.928,
            "가치 총점":38.59,
            "매매실거래년":20211025.0,
            "매매실거래가":10800.0,
            "전세실거래년":20160512.0,
            "전세실거래가":7200.0,
            "전세가율":84.91,
            "장기전세가율평균":78.75,
            "전세가율거품지수":-6.16,
            "검색코드":5445,
            "세대수":144,
            "준공년월":"1994-03-31",
            "준공년차":29,
            "가까운역이름":"NA",
            "가까운역거리":"NA",
            "역세권여부":"NA",
            "30분이내주요거점역":"NA",
            "1시간이내주요거점역":"NA",
            "3km이내백화점수":2,
            "5km이내아울렛몰수":1,
            "1km이내대형먀트수":0,
            "500m이내은행수":0,
            "500m이내병원수":1,
            "5km이내대형병원수":15,
            "500m이내공원수":3,
            "3km이내혐오시설수":0,
            "초등학교학업성취도":89.8,
            "중학교학업성취도":40.0,
            "용적률":399,
            "건폐율":29,
            "Y":35.157863,
            "X":126.893434,
            "rank":160.0,
            "area_info":"22평(75.34), 24평(82.38)",
            "last_sales":"2021-10-25,10800.0,24평(82.38)"
        },
        {
            "index":39,
            "아파트명":"금호우미,호반",
            "투자타입":"일반",
            "전용면적(m2)":"102.97",
            "전용면적(평)":"31평",
            "법정동주소":"광주시 서구 금호동 738-2",
            "도로명주소":"광주시 서구 운천로 61",
            "세대수":30,
            "입주년차":0,
            "용적률점수":"--",
            "건폐율점수":"--",
            "세대당주차수":0,
            "난방방식":30,
            "공급면적":"--",
            "전용률":"--",
            "욕실수":100,
            "현관타입":100,
            "주거총점":33.5,
            "지역구공급총점":0.0,
            "역세권":"NA",
            "30분내 이동가능 거점":"NA",
            "1시간내 이동가능 거점":"NA",
            "교통총점":"NA",
            "백화점":0,
            "아울렛몰":80,
            "대형마트":0,
            "은행":0,
            "병원":30,
            "종합병원":100,
            "공원":100,
            "혐오시설":0,
            "인프라총점":34.0,
            "초등학군":86.79,
            "중학군":44.06,
            "학군총점":52.606,
            "인구수":34.39,
            "인구증감":-14.6,
            "인구총점":19.693,
            "일자리":19.8,
            "소득수준":63.56,
            "일자리총점":32.928,
            "가치 총점":38.4765,
            "매매실거래년":20211112.0,
            "매매실거래가":25800.0,
            "전세실거래년":20191123.0,
            "전세실거래가":17000.0,
            "전세가율":65.89,
            "장기전세가율평균":78.75,
            "전세가율거품지수":12.86,
            "검색코드":5434,
            "세대수":330,
            "준공년월":"1994-02-28",
            "준공년차":29,
            "가까운역이름":"NA",
            "가까운역거리":"NA",
            "역세권여부":"NA",
            "30분이내주요거점역":"NA",
            "1시간이내주요거점역":"NA",
            "3km이내백화점수":0,
            "5km이내아울렛몰수":1,
            "1km이내대형먀트수":0,
            "500m이내은행수":0,
            "500m이내병원수":8,
            "5km이내대형병원수":9,
            "500m이내공원수":10,
            "3km이내혐오시설수":0,
            "초등학교학업성취도":86.79,
            "중학교학업성취도":73.1,
            "용적률":247,
            "건폐율":21,
            "Y":35.138325,
            "X":126.85786,
            "rank":161.0,
            "area_info":"31평(102.97), 35평(116.49), 36평(122.1)",
            "last_sales":"2021-11-12,25800.0,31평(102.97)"
        },
        {
            "index":32,
            "아파트명":"금호삼능공간",
            "투자타입":"일반",
            "전용면적(m2)":"102.67",
            "전용면적(평)":"31평",
            "법정동주소":"광주시 서구 금호동 740-2",
            "도로명주소":"광주시 서구 운천로56번길 19",
            "세대수":30,
            "입주년차":0,
            "용적률점수":"--",
            "건폐율점수":"--",
            "세대당주차수":0,
            "난방방식":30,
            "공급면적":"--",
            "전용률":"--",
            "욕실수":100,
            "현관타입":100,
            "주거총점":33.5,
            "지역구공급총점":0.0,
            "역세권":"NA",
            "30분내 이동가능 거점":"NA",
            "1시간내 이동가능 거점":"NA",
            "교통총점":"NA",
            "백화점":0,
            "아울렛몰":80,
            "대형마트":0,
            "은행":0,
            "병원":30,
            "종합병원":100,
            "공원":100,
            "혐오시설":0,
            "인프라총점":34.0,
            "초등학군":83.76,
            "중학군":44.06,
            "학군총점":52.0,
            "인구수":34.39,
            "인구증감":-14.6,
            "인구총점":19.693,
            "일자리":19.8,
            "소득수준":63.56,
            "일자리총점":32.928,
            "가치 총점":38.325,
            "매매실거래년":20211013.0,
            "매매실거래가":24500.0,
            "전세실거래년":20210129.0,
            "전세실거래가":17000.0,
            "전세가율":69.39,
            "장기전세가율평균":78.75,
            "전세가율거품지수":9.36,
            "검색코드":5420,
            "세대수":300,
            "준공년월":"1994-02-28",
            "준공년차":29,
            "가까운역이름":"NA",
            "가까운역거리":"NA",
            "역세권여부":"NA",
            "30분이내주요거점역":"NA",
            "1시간이내주요거점역":"NA",
            "3km이내백화점수":0,
            "5km이내아울렛몰수":1,
            "1km이내대형먀트수":0,
            "500m이내은행수":0,
            "500m이내병원수":8,
            "5km이내대형병원수":10,
            "500m이내공원수":8,
            "3km이내혐오시설수":0,
            "초등학교학업성취도":83.76,
            "중학교학업성취도":73.1,
            "용적률":235,
            "건폐율":21,
            "Y":35.138378,
            "X":126.861645,
            "rank":162.0,
            "area_info":"31평(102.67)",
            "last_sales":"2021-10-13,24500.0,31평(102.67)"
        },
        {
            "index":37,
            "아파트명":"금호시영5단지",
            "투자타입":"일반",
            "전용면적(m2)":"55.38",
            "전용면적(평)":"16평",
            "법정동주소":"광주시 서구 금호동 742-2",
            "도로명주소":"광주시 서구 운천로32번길 7",
            "세대수":50,
            "입주년차":0,
            "용적률점수":"--",
            "건폐율점수":"--",
            "세대당주차수":0,
            "난방방식":30,
            "공급면적":"--",
            "전용률":"--",
            "욕실수":50,
            "현관타입":10,
            "주거총점":26.5,
            "지역구공급총점":0.0,
            "역세권":"NA",
            "30분내 이동가능 거점":"NA",
            "1시간내 이동가능 거점":"NA",
            "교통총점":"NA",
            "백화점":0,
            "아울렛몰":80,
            "대형마트":0,
            "은행":0,
            "병원":80,
            "종합병원":100,
            "공원":100,
            "혐오시설":0,
            "인프라총점":39.0,
            "초등학군":83.76,
            "중학군":44.06,
            "학군총점":52.0,
            "인구수":34.39,
            "인구증감":-14.6,
            "인구총점":19.693,
            "일자리":19.8,
            "소득수준":63.56,
            "일자리총점":32.928,
            "가치 총점":37.875,
            "매매실거래년":20220107.0,
            "매매실거래가":16850.0,
            "전세실거래년":20201016.0,
            "전세실거래가":8000.0,
            "전세가율":86.96,
            "장기전세가율평균":78.75,
            "전세가율거품지수":-8.21,
            "검색코드":5426,
            "세대수":571,
            "준공년월":"1994-02-18",
            "준공년차":29,
            "가까운역이름":"NA",
            "가까운역거리":"NA",
            "역세권여부":"NA",
            "30분이내주요거점역":"NA",
            "1시간이내주요거점역":"NA",
            "3km이내백화점수":0,
            "5km이내아울렛몰수":1,
            "1km이내대형먀트수":0,
            "500m이내은행수":1,
            "500m이내병원수":38,
            "5km이내대형병원수":9,
            "500m이내공원수":9,
            "3km이내혐오시설수":0,
            "초등학교학업성취도":83.76,
            "중학교학업성취도":73.1,
            "용적률":203,
            "건폐율":19,
            "Y":35.136082,
            "X":126.860009,
            "rank":163.0,
            "area_info":"16평(55.38), 25평(83.28)",
            "last_sales":"2022-01-07,16850.0,25평(83.28)"
        },
        {
            "index":11,
            "아파트명":"EG스위트밸리",
            "투자타입":"일반",
            "전용면적(m2)":"97.88",
            "전용면적(평)":"29평",
            "법정동주소":"광주시 서구 금호동 1077",
            "도로명주소":"광주시 서구 화개중앙로87번길 16-1",
            "세대수":0,
            "입주년차":20,
            "용적률점수":"--",
            "건폐율점수":"--",
            "세대당주차수":30,
            "난방방식":30,
            "공급면적":"--",
            "전용률":"--",
            "욕실수":50,
            "현관타입":100,
            "주거총점":26.5,
            "지역구공급총점":0.0,
            "역세권":"NA",
            "30분내 이동가능 거점":"NA",
            "1시간내 이동가능 거점":"NA",
            "교통총점":"NA",
            "백화점":0,
            "아울렛몰":80,
            "대형마트":0,
            "은행":0,
            "병원":30,
            "종합병원":100,
            "공원":80,
            "혐오시설":0,
            "인프라총점":33.4,
            "초등학군":90.99,
            "중학군":51.58,
            "학군총점":59.462,
            "인구수":34.39,
            "인구증감":-14.6,
            "인구총점":19.693,
            "일자리":19.8,
            "소득수준":63.56,
            "일자리총점":32.928,
            "가치 총점":37.5005,
            "매매실거래년":20211109.0,
            "매매실거래가":33800.0,
            "전세실거래년":null,
            "전세실거래가":null,
            "전세가율":null,
            "장기전세가율평균":78.75,
            "전세가율거품지수":null,
            "검색코드":19546,
            "세대수":270,
            "준공년월":"2003-11-08",
            "준공년차":20,
            "가까운역이름":"NA",
            "가까운역거리":"NA",
            "역세권여부":"NA",
            "30분이내주요거점역":"NA",
            "1시간이내주요거점역":"NA",
            "3km이내백화점수":0,
            "5km이내아울렛몰수":1,
            "1km이내대형먀트수":0,
            "500m이내은행수":0,
            "500m이내병원수":9,
            "5km이내대형병원수":7,
            "500m이내공원수":1,
            "3km이내혐오시설수":0,
            "초등학교학업성취도":90.99,
            "중학교학업성취도":85.5,
            "용적률":246,
            "건폐율":19,
            "Y":35.128074,
            "X":126.85097,
            "rank":164.0,
            "area_info":"29평(97.88), 35평(118.61)",
            "last_sales":"2021-11-09,33800.0,35평(118.61)"
        },
        {
            "index":316,
            "아파트명":"상무우미",
            "투자타입":"일반",
            "전용면적(m2)":"82.41",
            "전용면적(평)":"24평",
            "법정동주소":"광주시 서구 치평동 1159",
            "도로명주소":"광주시 서구 상무공원로 35",
            "세대수":50,
            "입주년차":0,
            "용적률점수":"--",
            "건폐율점수":"--",
            "세대당주차수":0,
            "난방방식":30,
            "공급면적":"--",
            "전용률":"--",
            "욕실수":50,
            "현관타입":10,
            "주거총점":26.5,
            "지역구공급총점":0.0,
            "역세권":"NA",
            "30분내 이동가능 거점":"NA",
            "1시간내 이동가능 거점":"NA",
            "교통총점":"NA",
            "백화점":0,
            "아울렛몰":80,
            "대형마트":0,
            "은행":0,
            "병원":30,
            "종합병원":100,
            "공원":100,
            "혐오시설":0,
            "인프라총점":34.0,
            "초등학군":93.36,
            "중학군":49.2,
            "학군총점":58.032,
            "인구수":34.39,
            "인구증감":-14.6,
            "인구총점":19.693,
            "일자리":19.8,
            "소득수준":63.56,
            "일자리총점":32.928,
            "가치 총점":37.383,
            "매매실거래년":20211129.0,
            "매매실거래가":26000.0,
            "전세실거래년":20220113.0,
            "전세실거래가":13650.0,
            "전세가율":53.53,
            "장기전세가율평균":78.75,
            "전세가율거품지수":25.22,
            "검색코드":16691,
            "세대수":642,
            "준공년월":"1998-02-23",
            "준공년차":25,
            "가까운역이름":"NA",
            "가까운역거리":"NA",
            "역세권여부":"NA",
            "30분이내주요거점역":"NA",
            "1시간이내주요거점역":"NA",
            "3km이내백화점수":0,
            "5km이내아울렛몰수":1,
            "1km이내대형먀트수":0,
            "500m이내은행수":1,
            "500m이내병원수":9,
            "5km이내대형병원수":8,
            "500m이내공원수":6,
            "3km이내혐오시설수":0,
            "초등학교학업성취도":93.36,
            "중학교학업성취도":81.4,
            "용적률":234,
            "건폐율":24,
            "Y":35.147168,
            "X":126.842317,
            "rank":165.0,
            "area_info":"24평(82.41), 24평(82.24)",
            "last_sales":"2021-11-29,26000.0,24평(82.24)"
        },
        {
            "index":364,
            "아파트명":"중흥3차",
            "투자타입":"일반",
            "전용면적(m2)":"106.46",
            "전용면적(평)":"32평",
            "법정동주소":"광주시 서구 풍암동 1063",
            "도로명주소":"광주시 서구 풍암순환로 112",
            "세대수":0,
            "입주년차":20,
            "용적률점수":"--",
            "건폐율점수":"--",
            "세대당주차수":0,
            "난방방식":30,
            "공급면적":"--",
            "전용률":"--",
            "욕실수":100,
            "현관타입":100,
            "주거총점":27.0,
            "지역구공급총점":0.0,
            "역세권":"NA",
            "30분내 이동가능 거점":"NA",
            "1시간내 이동가능 거점":"NA",
            "교통총점":"NA",
            "백화점":0,
            "아울렛몰":80,
            "대형마트":0,
            "은행":0,
            "병원":10,
            "종합병원":100,
            "공원":100,
            "혐오시설":0,
            "인프라총점":32.0,
            "초등학군":88.8,
            "중학군":50.8,
            "학군총점":58.4,
            "인구수":34.39,
            "인구증감":-14.6,
            "인구총점":19.693,
            "일자리":19.8,
            "소득수준":63.56,
            "일자리총점":32.928,
            "가치 총점":36.85,
            "매매실거래년":20200117.0,
            "매매실거래가":25400.0,
            "전세실거래년":20211221.0,
            "전세실거래가":25000.0,
            "전세가율":98.43,
            "장기전세가율평균":78.75,
            "전세가율거품지수":-19.68,
            "검색코드":5387,
            "세대수":292,
            "준공년월":"2000-05-10",
            "준공년차":23,
            "가까운역이름":"NA",
            "가까운역거리":"NA",
            "역세권여부":"NA",
            "30분이내주요거점역":"NA",
            "1시간이내주요거점역":"NA",
            "3km이내백화점수":0,
            "5km이내아울렛몰수":1,
            "1km이내대형먀트수":0,
            "500m이내은행수":0,
            "500m이내병원수":3,
            "5km이내대형병원수":13,
            "500m이내공원수":5,
            "3km이내혐오시설수":0,
            "초등학교학업성취도":88.8,
            "중학교학업성취도":83.8,
            "용적률":0,
            "건폐율":23,
            "Y":35.12056,
            "X":126.883198,
            "rank":166.0,
            "area_info":"32평(106.46)",
            "last_sales":"2020-01-17,25400.0,32평(106.46)"
        },
        {
            "index":150,
            "아파트명":"희망가",
            "투자타입":"일반",
            "전용면적(m2)":"108.44",
            "전용면적(평)":"32평",
            "법정동주소":"광주시 서구 마륵동 100",
            "도로명주소":"광주시 서구 백석길 19",
            "세대수":0,
            "입주년차":40,
            "용적률점수":"--",
            "건폐율점수":"--",
            "세대당주차수":30,
            "난방방식":30,
            "공급면적":"--",
            "전용률":"--",
            "욕실수":100,
            "현관타입":100,
            "주거총점":35.5,
            "지역구공급총점":0.0,
            "역세권":"NA",
            "30분내 이동가능 거점":"NA",
            "1시간내 이동가능 거점":"NA",
            "교통총점":"NA",
            "백화점":0,
            "아울렛몰":80,
            "대형마트":0,
            "은행":0,
            "병원":10,
            "종합병원":100,
            "공원":0,
            "혐오시설":0,
            "인프라총점":29.0,
            "초등학군":86.79,
            "중학군":39.6,
            "학군총점":49.038,
            "인구수":34.39,
            "인구증감":-14.6,
            "인구총점":19.693,
            "일자리":19.8,
            "소득수준":63.56,
            "일자리총점":32.928,
            "가치 총점":36.2845,
            "매매실거래년":20210910.0,
            "매매실거래가":32500.0,
            "전세실거래년":20210607.0,
            "전세실거래가":23000.0,
            "전세가율":70.77,
            "장기전세가율평균":78.75,
            "전세가율거품지수":7.98,
            "검색코드":100942,
            "세대수":130,
            "준공년월":"2007-02-16",
            "준공년차":16,
            "가까운역이름":"NA",
            "가까운역거리":"NA",
            "역세권여부":"NA",
            "30분이내주요거점역":"NA",
            "1시간이내주요거점역":"NA",
            "3km이내백화점수":0,
            "5km이내아울렛몰수":1,
            "1km이내대형먀트수":0,
            "500m이내은행수":1,
            "500m이내병원수":4,
            "5km이내대형병원수":8,
            "500m이내공원수":0,
            "3km이내혐오시설수":0,
            "초등학교학업성취도":86.79,
            "중학교학업성취도":65.6,
            "용적률":199,
            "건폐율":19,
            "Y":35.143214,
            "X":126.851548,
            "rank":167.0,
            "area_info":"32평(108.44)",
            "last_sales":"2021-09-10,32500.0,32평(108.44)"
        },
        {
            "index":78,
            "아파트명":"해광대덕무지개",
            "투자타입":"일반",
            "전용면적(m2)":"103.45",
            "전용면적(평)":"31평",
            "법정동주소":"광주시 서구 금호동 742-1",
            "도로명주소":"광주시 서구 운천로56번길 10",
            "세대수":0,
            "입주년차":0,
            "용적률점수":"--",
            "건폐율점수":"--",
            "세대당주차수":0,
            "난방방식":30,
            "공급면적":"--",
            "전용률":"--",
            "욕실수":100,
            "현관타입":100,
            "주거총점":23.0,
            "지역구공급총점":0.0,
            "역세권":"NA",
            "30분내 이동가능 거점":"NA",
            "1시간내 이동가능 거점":"NA",
            "교통총점":"NA",
            "백화점":0,
            "아울렛몰":80,
            "대형마트":0,
            "은행":0,
            "병원":60,
            "종합병원":100,
            "공원":100,
            "혐오시설":0,
            "인프라총점":37.0,
            "초등학군":83.76,
            "중학군":44.06,
            "학군총점":52.0,
            "인구수":34.39,
            "인구증감":-14.6,
            "인구총점":19.693,
            "일자리":19.8,
            "소득수준":63.56,
            "일자리총점":32.928,
            "가치 총점":35.85,
            "매매실거래년":20211020.0,
            "매매실거래가":17000.0,
            "전세실거래년":20200923.0,
            "전세실거래가":16000.0,
            "전세가율":94.12,
            "장기전세가율평균":78.75,
            "전세가율거품지수":-15.37,
            "검색코드":5437,
            "세대수":288,
            "준공년월":"1994-01-08",
            "준공년차":29,
            "가까운역이름":"NA",
            "가까운역거리":"NA",
            "역세권여부":"NA",
            "30분이내주요거점역":"NA",
            "1시간이내주요거점역":"NA",
            "3km이내백화점수":0,
            "5km이내아울렛몰수":1,
            "1km이내대형먀트수":0,
            "500m이내은행수":0,
            "500m이내병원수":18,
            "5km이내대형병원수":9,
            "500m이내공원수":11,
            "3km이내혐오시설수":0,
            "초등학교학업성취도":83.76,
            "중학교학업성취도":73.1,
            "용적률":241,
            "건폐율":25,
            "Y":35.137452,
            "X":126.859946,
            "rank":168.0,
            "area_info":"31평(103.45)",
            "last_sales":"2021-10-20,17000.0,31평(103.45)"
        },
        {
            "index":75,
            "아파트명":"한국1단지",
            "투자타입":"일반",
            "전용면적(m2)":"88.17",
            "전용면적(평)":"26평",
            "법정동주소":"광주시 서구 금호동 739-2",
            "도로명주소":"광주시 서구 운천로56번길 7",
            "세대수":0,
            "입주년차":0,
            "용적률점수":"--",
            "건폐율점수":"--",
            "세대당주차수":0,
            "난방방식":30,
            "공급면적":"--",
            "전용률":"--",
            "욕실수":50,
            "현관타입":100,
            "주거총점":18.0,
            "지역구공급총점":0.0,
            "역세권":"NA",
            "30분내 이동가능 거점":"NA",
            "1시간내 이동가능 거점":"NA",
            "교통총점":"NA",
            "백화점":0,
            "아울렛몰":80,
            "대형마트":0,
            "은행":0,
            "병원":60,
            "종합병원":100,
            "공원":100,
            "혐오시설":0,
            "인프라총점":37.0,
            "초등학군":83.76,
            "중학군":44.06,
            "학군총점":52.0,
            "인구수":34.39,
            "인구증감":-14.6,
            "인구총점":19.693,
            "일자리":19.8,
            "소득수준":63.56,
            "일자리총점":32.928,
            "가치 총점":34.1,
            "매매실거래년":20211213.0,
            "매매실거래가":22000.0,
            "전세실거래년":20211106.0,
            "전세실거래가":17000.0,
            "전세가율":100.0,
            "장기전세가율평균":78.75,
            "전세가율거품지수":-21.25,
            "검색코드":5436,
            "세대수":256,
            "준공년월":"1994-01-24",
            "준공년차":29,
            "가까운역이름":"NA",
            "가까운역거리":"NA",
            "역세권여부":"NA",
            "30분이내주요거점역":"NA",
            "1시간이내주요거점역":"NA",
            "3km이내백화점수":0,
            "5km이내아울렛몰수":1,
            "1km이내대형먀트수":0,
            "500m이내은행수":0,
            "500m이내병원수":11,
            "5km이내대형병원수":9,
            "500m이내공원수":10,
            "3km이내혐오시설수":0,
            "초등학교학업성취도":83.76,
            "중학교학업성취도":73.1,
            "용적률":222,
            "건폐율":24,
            "Y":35.13811,
            "X":126.859926,
            "rank":169.0,
            "area_info":"26평(88.17), 31평(104.91)",
            "last_sales":"2021-12-13,22000.0,31평(104.91)"
        }
    ]
}