{
    "schema":{
        "fields":[
            {
                "name":"index",
                "type":"integer"
            },
            {
                "name":"아파트명",
                "type":"string"
            },
            {
                "name":"투자타입",
                "type":"string"
            },
            {
                "name":"전용면적(m2)",
                "type":"string"
            },
            {
                "name":"전용면적(평)",
                "type":"string"
            },
            {
                "name":"법정동주소",
                "type":"string"
            },
            {
                "name":"도로명주소",
                "type":"string"
            },
            {
                "name":"세대수",
                "type":"integer"
            },
            {
                "name":"입주년차",
                "type":"string"
            },
            {
                "name":"용적률점수",
                "type":"string"
            },
            {
                "name":"건폐율점수",
                "type":"string"
            },
            {
                "name":"세대당주차수",
                "type":"string"
            },
            {
                "name":"난방방식",
                "type":"string"
            },
            {
                "name":"공급면적",
                "type":"string"
            },
            {
                "name":"전용률",
                "type":"string"
            },
            {
                "name":"욕실수",
                "type":"string"
            },
            {
                "name":"현관타입",
                "type":"string"
            },
            {
                "name":"주거총점",
                "type":"number"
            },
            {
                "name":"지역구공급총점",
                "type":"number"
            },
            {
                "name":"역세권",
                "type":"string"
            },
            {
                "name":"30분내 이동가능 거점",
                "type":"string"
            },
            {
                "name":"1시간내 이동가능 거점",
                "type":"string"
            },
            {
                "name":"교통총점",
                "type":"string"
            },
            {
                "name":"백화점",
                "type":"integer"
            },
            {
                "name":"아울렛몰",
                "type":"integer"
            },
            {
                "name":"대형마트",
                "type":"integer"
            },
            {
                "name":"은행",
                "type":"integer"
            },
            {
                "name":"병원",
                "type":"integer"
            },
            {
                "name":"종합병원",
                "type":"integer"
            },
            {
                "name":"공원",
                "type":"integer"
            },
            {
                "name":"혐오시설",
                "type":"integer"
            },
            {
                "name":"인프라총점",
                "type":"number"
            },
            {
                "name":"초등학군",
                "type":"number"
            },
            {
                "name":"중학군",
                "type":"number"
            },
            {
                "name":"학군총점",
                "type":"number"
            },
            {
                "name":"인구수",
                "type":"number"
            },
            {
                "name":"인구증감",
                "type":"number"
            },
            {
                "name":"인구총점",
                "type":"number"
            },
            {
                "name":"일자리",
                "type":"number"
            },
            {
                "name":"소득수준",
                "type":"number"
            },
            {
                "name":"일자리총점",
                "type":"number"
            },
            {
                "name":"가치 총점",
                "type":"number"
            },
            {
                "name":"매매실거래년",
                "type":"string"
            },
            {
                "name":"매매실거래가",
                "type":"number"
            },
            {
                "name":"전세실거래년",
                "type":"number"
            },
            {
                "name":"전세실거래가",
                "type":"number"
            },
            {
                "name":"전세가율",
                "type":"number"
            },
            {
                "name":"장기전세가율평균",
                "type":"number"
            },
            {
                "name":"전세가율거품지수",
                "type":"number"
            },
            {
                "name":"검색코드",
                "type":"integer"
            },
            {
                "name":"세대수",
                "type":"integer"
            },
            {
                "name":"준공년월",
                "type":"string"
            },
            {
                "name":"준공년차",
                "type":"integer"
            },
            {
                "name":"가까운역이름",
                "type":"string"
            },
            {
                "name":"가까운역거리",
                "type":"string"
            },
            {
                "name":"역세권여부",
                "type":"string"
            },
            {
                "name":"30분이내주요거점역",
                "type":"string"
            },
            {
                "name":"1시간이내주요거점역",
                "type":"string"
            },
            {
                "name":"3km이내백화점수",
                "type":"integer"
            },
            {
                "name":"5km이내아울렛몰수",
                "type":"integer"
            },
            {
                "name":"1km이내대형먀트수",
                "type":"integer"
            },
            {
                "name":"500m이내은행수",
                "type":"integer"
            },
            {
                "name":"500m이내병원수",
                "type":"integer"
            },
            {
                "name":"5km이내대형병원수",
                "type":"integer"
            },
            {
                "name":"500m이내공원수",
                "type":"integer"
            },
            {
                "name":"3km이내혐오시설수",
                "type":"integer"
            },
            {
                "name":"초등학교학업성취도",
                "type":"number"
            },
            {
                "name":"중학교학업성취도",
                "type":"number"
            },
            {
                "name":"용적률",
                "type":"integer"
            },
            {
                "name":"건폐율",
                "type":"integer"
            },
            {
                "name":"Y",
                "type":"number"
            },
            {
                "name":"X",
                "type":"number"
            },
            {
                "name":"rank",
                "type":"number"
            },
            {
                "name":"area_info",
                "type":"string"
            },
            {
                "name":"last_sales",
                "type":"string"
            }
        ],
        "primaryKey":[
            "index"
        ],
        "pandas_version":"1.4.0"
    },
    "data":[
        {
            "index":44,
            "아파트명":"방림휴먼시아",
            "투자타입":"일반",
            "전용면적(m2)":"71.61",
            "전용면적(평)":"21평",
            "법정동주소":"광주시 남구 방림동 562",
            "도로명주소":"광주시 남구 방림로 31",
            "세대수":90,
            "입주년차":60,
            "용적률점수":"--",
            "건폐율점수":"--",
            "세대당주차수":30,
            "난방방식":30,
            "공급면적":"--",
            "전용률":"--",
            "욕실수":50,
            "현관타입":100,
            "주거총점":66.0,
            "지역구공급총점":100.0,
            "역세권":"NA",
            "30분내 이동가능 거점":"NA",
            "1시간내 이동가능 거점":"NA",
            "교통총점":"NA",
            "백화점":100,
            "아울렛몰":80,
            "대형마트":80,
            "은행":0,
            "병원":60,
            "종합병원":100,
            "공원":100,
            "혐오시설":0,
            "인프라총점":79.0,
            "초등학군":85.05,
            "중학군":48.04,
            "학군총점":55.442,
            "인구수":23.61,
            "인구증감":-2.33,
            "인구총점":15.828,
            "일자리":8.1,
            "소득수준":50.26,
            "일자리총점":20.748,
            "가치 총점":68.5605,
            "매매실거래년":20211206.0,
            "매매실거래가":49000.0,
            "전세실거래년":20211103.0,
            "전세실거래가":22000.0,
            "전세가율":81.48,
            "장기전세가율평균":75.74,
            "전세가율거품지수":-5.74,
            "검색코드":112769,
            "세대수":1071,
            "준공년월":"2009-08-27",
            "준공년차":14,
            "가까운역이름":"NA",
            "가까운역거리":"NA",
            "역세권여부":"NA",
            "30분이내주요거점역":"NA",
            "1시간이내주요거점역":"NA",
            "3km이내백화점수":1,
            "5km이내아울렛몰수":1,
            "1km이내대형먀트수":1,
            "500m이내은행수":0,
            "500m이내병원수":13,
            "5km이내대형병원수":10,
            "500m이내공원수":2,
            "3km이내혐오시설수":0,
            "초등학교학업성취도":85.05,
            "중학교학업성취도":78.6,
            "용적률":220,
            "건폐율":13,
            "Y":35.135741,
            "X":126.920122,
            "rank":1.0,
            "area_info":"21평(71.61), 25평(84.44), 30평(101.44), 34평(112.74), 34평(112.63)",
            "last_sales":"2021-12-06,49000.0,34평(112.63)"
        },
        {
            "index":35,
            "아파트명":"모아2단지2차",
            "투자타입":"재건축",
            "전용면적(m2)":"74.33",
            "전용면적(평)":"22평",
            "법정동주소":"광주시 남구 방림동 556",
            "도로명주소":"광주시 남구 봉선1로 87",
            "세대수":90,
            "입주년차":"--",
            "용적률점수":20,
            "건폐율점수":100,
            "세대당주차수":"--",
            "난방방식":"--",
            "공급면적":50,
            "전용률":80,
            "욕실수":"--",
            "현관타입":"--",
            "주거총점":61.5,
            "지역구공급총점":100.0,
            "역세권":"NA",
            "30분내 이동가능 거점":"NA",
            "1시간내 이동가능 거점":"NA",
            "교통총점":"NA",
            "백화점":100,
            "아울렛몰":80,
            "대형마트":80,
            "은행":20,
            "병원":60,
            "종합병원":100,
            "공원":100,
            "혐오시설":0,
            "인프라총점":81.0,
            "초등학군":89.16,
            "중학군":49.12,
            "학군총점":57.128,
            "인구수":23.61,
            "인구증감":-2.33,
            "인구총점":15.828,
            "일자리":8.1,
            "소득수준":50.26,
            "일자리총점":20.748,
            "가치 총점":68.207,
            "매매실거래년":20211109.0,
            "매매실거래가":30900.0,
            "전세실거래년":20211116.0,
            "전세실거래가":13500.0,
            "전세가율":69.23,
            "장기전세가율평균":75.74,
            "전세가율거품지수":6.51,
            "검색코드":4425,
            "세대수":929,
            "준공년월":"1989-06-01",
            "준공년차":34,
            "가까운역이름":"NA",
            "가까운역거리":"NA",
            "역세권여부":"NA",
            "30분이내주요거점역":"NA",
            "1시간이내주요거점역":"NA",
            "3km이내백화점수":1,
            "5km이내아울렛몰수":1,
            "1km이내대형먀트수":1,
            "500m이내은행수":2,
            "500m이내병원수":26,
            "5km이내대형병원수":10,
            "500m이내공원수":10,
            "3km이내혐오시설수":0,
            "초등학교학업성취도":89.16,
            "중학교학업성취도":81.4,
            "용적률":203,
            "건폐율":19,
            "Y":35.128931,
            "X":126.915571,
            "rank":2.0,
            "area_info":"22평(74.33), 22평(74.39), 27평(92.01), 29평(97.74), 30평(100.58)",
            "last_sales":"2021-11-09,30900.0,30평(100.58)"
        },
        {
            "index":49,
            "아파트명":"삼일",
            "투자타입":"재건축",
            "전용면적(m2)":"86.35",
            "전용면적(평)":"26평",
            "법정동주소":"광주시 남구 방림동 436-12",
            "도로명주소":"광주시 남구 용대로171번길 7",
            "세대수":50,
            "입주년차":"--",
            "용적률점수":60,
            "건폐율점수":80,
            "세대당주차수":"--",
            "난방방식":"--",
            "공급면적":70,
            "전용률":80,
            "욕실수":"--",
            "현관타입":"--",
            "주거총점":62.5,
            "지역구공급총점":100.0,
            "역세권":"NA",
            "30분내 이동가능 거점":"NA",
            "1시간내 이동가능 거점":"NA",
            "교통총점":"NA",
            "백화점":100,
            "아울렛몰":80,
            "대형마트":80,
            "은행":0,
            "병원":60,
            "종합병원":100,
            "공원":100,
            "혐오시설":0,
            "인프라총점":79.0,
            "초등학군":85.05,
            "중학군":49.12,
            "학군총점":56.306,
            "인구수":23.61,
            "인구증감":-2.33,
            "인구총점":15.828,
            "일자리":8.1,
            "소득수준":50.26,
            "일자리총점":20.748,
            "가치 총점":67.5515,
            "매매실거래년":20211227.0,
            "매매실거래가":40000.0,
            "전세실거래년":20210608.0,
            "전세실거래가":8000.0,
            "전세가율":20.0,
            "장기전세가율평균":75.74,
            "전세가율거품지수":55.74,
            "검색코드":4428,
            "세대수":400,
            "준공년월":"1980-08-25",
            "준공년차":43,
            "가까운역이름":"NA",
            "가까운역거리":"NA",
            "역세권여부":"NA",
            "30분이내주요거점역":"NA",
            "1시간이내주요거점역":"NA",
            "3km이내백화점수":1,
            "5km이내아울렛몰수":1,
            "1km이내대형먀트수":1,
            "500m이내은행수":0,
            "500m이내병원수":13,
            "5km이내대형병원수":10,
            "500m이내공원수":10,
            "3km이내혐오시설수":0,
            "초등학교학업성취도":85.05,
            "중학교학업성취도":81.4,
            "용적률":198,
            "건폐율":20,
            "Y":35.131245,
            "X":126.91632,
            "rank":3.0,
            "area_info":"26평(86.35), 26평(88.33), 27평(89.35), 27평(89.56), 27평(91.06)",
            "last_sales":"2021-12-27,40000.0,26평(86.35)"
        },
        {
            "index":343,
            "아파트명":"양우내안애프레스티지",
            "투자타입":"일반",
            "전용면적(m2)":"102.11",
            "전용면적(평)":"30평",
            "법정동주소":"광주시 남구 주월동 1320",
            "도로명주소":"광주시 남구 대남대로223번길 10",
            "세대수":50,
            "입주년차":100,
            "용적률점수":"--",
            "건폐율점수":"--",
            "세대당주차수":60,
            "난방방식":30,
            "공급면적":"--",
            "전용률":"--",
            "욕실수":100,
            "현관타입":100,
            "주거총점":69.5,
            "지역구공급총점":100.0,
            "역세권":"NA",
            "30분내 이동가능 거점":"NA",
            "1시간내 이동가능 거점":"NA",
            "교통총점":"NA",
            "백화점":100,
            "아울렛몰":80,
            "대형마트":0,
            "은행":70,
            "병원":80,
            "종합병원":100,
            "공원":100,
            "혐오시설":0,
            "인프라총점":76.0,
            "초등학군":90.81,
            "중학군":35.94,
            "학군총점":46.914,
            "인구수":23.61,
            "인구증감":-2.33,
            "인구총점":15.828,
            "일자리":8.1,
            "소득수준":50.26,
            "일자리총점":20.748,
            "가치 총점":66.4535,
            "매매실거래년":20210422.0,
            "매매실거래가":31163.0,
            "전세실거래년":null,
            "전세실거래가":null,
            "전세가율":null,
            "장기전세가율평균":75.74,
            "전세가율거품지수":null,
            "검색코드":125372,
            "세대수":594,
            "준공년월":"2021-03-10",
            "준공년차":2,
            "가까운역이름":"NA",
            "가까운역거리":"NA",
            "역세권여부":"NA",
            "30분이내주요거점역":"NA",
            "1시간이내주요거점역":"NA",
            "3km이내백화점수":1,
            "5km이내아울렛몰수":1,
            "1km이내대형먀트수":0,
            "500m이내은행수":4,
            "500m이내병원수":32,
            "5km이내대형병원수":13,
            "500m이내공원수":3,
            "3km이내혐오시설수":0,
            "초등학교학업성취도":90.81,
            "중학교학업성취도":59.9,
            "용적률":498,
            "건폐율":39,
            "Y":35.13404,
            "X":126.8984,
            "rank":4.0,
            "area_info":"30평(102.11), 33평(110.53), 33평(111.18), 33평(112.12)",
            "last_sales":"2021-04-22,31163.0,33평(111.18)"
        },
        {
            "index":314,
            "아파트명":"남구주월골드클래스어반시티",
            "투자타입":"일반",
            "전용면적(m2)":"109.61",
            "전용면적(평)":"33평",
            "법정동주소":"광주시 남구 주월동 1328",
            "도로명주소":"광주시 남구 서문대로812번길 4-8",
            "세대수":50,
            "입주년차":100,
            "용적률점수":"--",
            "건폐율점수":"--",
            "세대당주차수":30,
            "난방방식":30,
            "공급면적":"--",
            "전용률":"--",
            "욕실수":100,
            "현관타입":100,
            "주거총점":65.0,
            "지역구공급총점":100.0,
            "역세권":"NA",
            "30분내 이동가능 거점":"NA",
            "1시간내 이동가능 거점":"NA",
            "교통총점":"NA",
            "백화점":100,
            "아울렛몰":80,
            "대형마트":0,
            "은행":20,
            "병원":60,
            "종합병원":100,
            "공원":100,
            "혐오시설":0,
            "인프라총점":69.0,
            "초등학군":90.81,
            "중학군":48.58,
            "학군총점":57.026,
            "인구수":23.61,
            "인구증감":-2.33,
            "인구총점":15.828,
            "일자리":8.1,
            "소득수준":50.26,
            "일자리총점":20.748,
            "가치 총점":64.6065,
            "매매실거래년":20210611.0,
            "매매실거래가":59440.0,
            "전세실거래년":null,
            "전세실거래가":null,
            "전세가율":null,
            "장기전세가율평균":75.74,
            "전세가율거품지수":null,
            "검색코드":119905,
            "세대수":426,
            "준공년월":"2021-04-01",
            "준공년차":2,
            "가까운역이름":"NA",
            "가까운역거리":"NA",
            "역세권여부":"NA",
            "30분이내주요거점역":"NA",
            "1시간이내주요거점역":"NA",
            "3km이내백화점수":1,
            "5km이내아울렛몰수":1,
            "1km이내대형먀트수":0,
            "500m이내은행수":2,
            "500m이내병원수":29,
            "5km이내대형병원수":13,
            "500m이내공원수":4,
            "3km이내혐오시설수":0,
            "초등학교학업성취도":90.81,
            "중학교학업성취도":80.1,
            "용적률":0,
            "건폐율":0,
            "Y":35.130195,
            "X":126.899961,
            "rank":5.0,
            "area_info":"33평(109.61), 33평(109.62), 33평(110.38)",
            "last_sales":"2021-06-11,59440.0,33평(109.61)"
        },
        {
            "index":261,
            "아파트명":"양림휴먼시아",
            "투자타입":"일반",
            "전용면적(m2)":"103.36",
            "전용면적(평)":"31평",
            "법정동주소":"광주시 남구 양림동 505",
            "도로명주소":"광주시 남구 제중로 11",
            "세대수":90,
            "입주년차":40,
            "용적률점수":"--",
            "건폐율점수":"--",
            "세대당주차수":30,
            "난방방식":30,
            "공급면적":"--",
            "전용률":"--",
            "욕실수":100,
            "현관타입":100,
            "주거총점":67.0,
            "지역구공급총점":100.0,
            "역세권":"NA",
            "30분내 이동가능 거점":"NA",
            "1시간내 이동가능 거점":"NA",
            "교통총점":"NA",
            "백화점":100,
            "아울렛몰":80,
            "대형마트":0,
            "은행":0,
            "병원":60,
            "종합병원":100,
            "공원":100,
            "혐오시설":0,
            "인프라총점":67.0,
            "초등학군":89.36,
            "중학군":46.58,
            "학군총점":55.136,
            "인구수":23.61,
            "인구증감":-2.33,
            "인구총점":15.828,
            "일자리":8.1,
            "소득수준":50.26,
            "일자리총점":20.748,
            "가치 총점":64.034,
            "매매실거래년":20220110.0,
            "매매실거래가":36700.0,
            "전세실거래년":20211027.0,
            "전세실거래가":30000.0,
            "전세가율":81.74,
            "장기전세가율평균":75.74,
            "전세가율거품지수":-6.0,
            "검색코드":105208,
            "세대수":987,
            "준공년월":"2008-09-04",
            "준공년차":15,
            "가까운역이름":"NA",
            "가까운역거리":"NA",
            "역세권여부":"NA",
            "30분이내주요거점역":"NA",
            "1시간이내주요거점역":"NA",
            "3km이내백화점수":1,
            "5km이내아울렛몰수":1,
            "1km이내대형먀트수":0,
            "500m이내은행수":1,
            "500m이내병원수":24,
            "5km이내대형병원수":11,
            "500m이내공원수":2,
            "3km이내혐오시설수":0,
            "초등학교학업성취도":89.36,
            "중학교학업성취도":76.7,
            "용적률":210,
            "건폐율":14,
            "Y":35.135336,
            "X":126.913127,
            "rank":6.0,
            "area_info":"31평(103.36), 33평(110.79), 33평(110.79), 33평(110.88), 44평(145.79), 44평(145.79)",
            "last_sales":"2022-01-10,36700.0,31평(103.36)"
        },
        {
            "index":267,
            "아파트명":"광주남구반도유보라",
            "투자타입":"일반",
            "전용면적(m2)":"76.94",
            "전용면적(평)":"23평",
            "법정동주소":"광주시 남구 월산동 363-1번지 일원",
            "도로명주소":"광주시 남구 구성로8번길 6",
            "세대수":80,
            "입주년차":100,
            "용적률점수":"--",
            "건폐율점수":"--",
            "세대당주차수":30,
            "난방방식":30,
            "공급면적":"--",
            "전용률":"--",
            "욕실수":100,
            "현관타입":100,
            "주거총점":75.5,
            "지역구공급총점":100.0,
            "역세권":"NA",
            "30분내 이동가능 거점":"NA",
            "1시간내 이동가능 거점":"NA",
            "교통총점":"NA",
            "백화점":100,
            "아울렛몰":80,
            "대형마트":0,
            "은행":0,
            "병원":30,
            "종합병원":100,
            "공원":0,
            "혐오시설":0,
            "인프라총점":61.0,
            "초등학군":88.97,
            "중학군":37.9,
            "학군총점":48.114,
            "인구수":23.61,
            "인구증감":-2.33,
            "인구총점":15.828,
            "일자리":8.1,
            "소득수준":50.26,
            "일자리총점":20.748,
            "가치 총점":62.8535,
            "매매실거래년":20211021.0,
            "매매실거래가":32500.0,
            "전세실거래년":null,
            "전세실거래가":null,
            "전세가율":null,
            "장기전세가율평균":75.74,
            "전세가율거품지수":null,
            "검색코드":125021,
            "세대수":889,
            "준공년월":"2021-09-01",
            "준공년차":2,
            "가까운역이름":"NA",
            "가까운역거리":"NA",
            "역세권여부":"NA",
            "30분이내주요거점역":"NA",
            "1시간이내주요거점역":"NA",
            "3km이내백화점수":2,
            "5km이내아울렛몰수":1,
            "1km이내대형먀트수":0,
            "500m이내은행수":0,
            "500m이내병원수":6,
            "5km이내대형병원수":15,
            "500m이내공원수":0,
            "3km이내혐오시설수":0,
            "초등학교학업성취도":88.97,
            "중학교학업성취도":62.7,
            "용적률":230,
            "건폐율":15,
            "Y":35.151557,
            "X":126.897174,
            "rank":7.0,
            "area_info":"23평(76.94), 29평(96.0), 32평(108.53), 32평(108.46), 32평(108.39)",
            "last_sales":"2021-10-21,32500.0,23평(76.94)"
        },
        {
            "index":105,
            "아파트명":"힐스테이트백운",
            "투자타입":"일반",
            "전용면적(m2)":"101.67",
            "전용면적(평)":"30평",
            "법정동주소":"광주시 남구 백운동 699",
            "도로명주소":"광주시 남구 회재로1293번길 7",
            "세대수":50,
            "입주년차":80,
            "용적률점수":"--",
            "건폐율점수":"--",
            "세대당주차수":30,
            "난방방식":30,
            "공급면적":"--",
            "전용률":"--",
            "욕실수":100,
            "현관타입":100,
            "주거총점":61.0,
            "지역구공급총점":100.0,
            "역세권":"NA",
            "30분내 이동가능 거점":"NA",
            "1시간내 이동가능 거점":"NA",
            "교통총점":"NA",
            "백화점":100,
            "아울렛몰":80,
            "대형마트":0,
            "은행":70,
            "병원":60,
            "종합병원":100,
            "공원":100,
            "혐오시설":0,
            "인프라총점":74.0,
            "초등학군":82.34,
            "중학군":35.94,
            "학군총점":45.22,
            "인구수":23.61,
            "인구증감":-2.33,
            "인구총점":15.828,
            "일자리":8.1,
            "소득수준":50.26,
            "일자리총점":20.748,
            "가치 총점":62.255,
            "매매실거래년":20211007.0,
            "매매실거래가":62500.0,
            "전세실거래년":20210430.0,
            "전세실거래가":30000.0,
            "전세가율":60.12,
            "장기전세가율평균":75.74,
            "전세가율거품지수":15.62,
            "검색코드":109402,
            "세대수":528,
            "준공년월":"2016-09-08",
            "준공년차":7,
            "가까운역이름":"NA",
            "가까운역거리":"NA",
            "역세권여부":"NA",
            "30분이내주요거점역":"NA",
            "1시간이내주요거점역":"NA",
            "3km이내백화점수":1,
            "5km이내아울렛몰수":1,
            "1km이내대형먀트수":0,
            "500m이내은행수":3,
            "500m이내병원수":27,
            "5km이내대형병원수":13,
            "500m이내공원수":3,
            "3km이내혐오시설수":0,
            "초등학교학업성취도":82.34,
            "중학교학업성취도":59.9,
            "용적률":221,
            "건폐율":19,
            "Y":35.13634,
            "X":126.900005,
            "rank":8.0,
            "area_info":"30평(101.67), 33평(111.22), 33평(111.02)",
            "last_sales":"2021-10-07,62500.0,33평(111.02)"
        },
        {
            "index":65,
            "아파트명":"루엔시티",
            "투자타입":"일반",
            "전용면적(m2)":"96.12",
            "전용면적(평)":"29평",
            "법정동주소":"광주시 남구 백운동 691",
            "도로명주소":"광주시 남구 독립로80번길 7",
            "세대수":80,
            "입주년차":60,
            "용적률점수":"--",
            "건폐율점수":"--",
            "세대당주차수":30,
            "난방방식":30,
            "공급면적":"--",
            "전용률":"--",
            "욕실수":100,
            "현관타입":100,
            "주거총점":67.5,
            "지역구공급총점":100.0,
            "역세권":"NA",
            "30분내 이동가능 거점":"NA",
            "1시간내 이동가능 거점":"NA",
            "교통총점":"NA",
            "백화점":100,
            "아울렛몰":80,
            "대형마트":0,
            "은행":0,
            "병원":60,
            "종합병원":100,
            "공원":100,
            "혐오시설":0,
            "인프라총점":67.0,
            "초등학군":80.97,
            "중학군":37.9,
            "학군총점":46.514,
            "인구수":23.61,
            "인구증감":-2.33,
            "인구총점":15.828,
            "일자리":8.1,
            "소득수준":50.26,
            "일자리총점":20.748,
            "가치 총점":62.0535,
            "매매실거래년":20211223.0,
            "매매실거래가":35900.0,
            "전세실거래년":20211219.0,
            "전세실거래가":26000.0,
            "전세가율":72.22,
            "장기전세가율평균":75.74,
            "전세가율거품지수":3.52,
            "검색코드":102527,
            "세대수":838,
            "준공년월":"2011-10-19",
            "준공년차":12,
            "가까운역이름":"NA",
            "가까운역거리":"NA",
            "역세권여부":"NA",
            "30분이내주요거점역":"NA",
            "1시간이내주요거점역":"NA",
            "3km이내백화점수":2,
            "5km이내아울렛몰수":1,
            "1km이내대형먀트수":0,
            "500m이내은행수":1,
            "500m이내병원수":13,
            "5km이내대형병원수":14,
            "500m이내공원수":2,
            "3km이내혐오시설수":0,
            "초등학교학업성취도":80.97,
            "중학교학업성취도":62.7,
            "용적률":205,
            "건폐율":15,
            "Y":35.142164,
            "X":126.904136,
            "rank":9.0,
            "area_info":"29평(96.12), 32평(108.61), 32평(108.56), 32평(108.87), 32평(108.77), 44평(148.59), 44평(148.61)",
            "last_sales":"2021-12-23,35900.0,32평(108.61)"
        },
        {
            "index":225,
            "아파트명":"장미",
            "투자타입":"재건축",
            "전용면적(m2)":"57.08",
            "전용면적(평)":"17평",
            "법정동주소":"광주시 남구 봉선동 1143-36",
            "도로명주소":"광주시 남구 대남대로171번길 23",
            "세대수":30,
            "입주년차":"--",
            "용적률점수":100,
            "건폐율점수":0,
            "세대당주차수":"--",
            "난방방식":"--",
            "공급면적":50,
            "전용률":80,
            "욕실수":"--",
            "현관타입":"--",
            "주거총점":55.5,
            "지역구공급총점":100.0,
            "역세권":"NA",
            "30분내 이동가능 거점":"NA",
            "1시간내 이동가능 거점":"NA",
            "교통총점":"NA",
            "백화점":100,
            "아울렛몰":80,
            "대형마트":0,
            "은행":20,
            "병원":80,
            "종합병원":100,
            "공원":100,
            "혐오시설":0,
            "인프라총점":71.0,
            "초등학군":88.97,
            "중학군":48.58,
            "학군총점":56.658,
            "인구수":23.61,
            "인구증감":-2.33,
            "인구총점":15.828,
            "일자리":8.1,
            "소득수준":50.26,
            "일자리총점":20.748,
            "가치 총점":61.9895,
            "매매실거래년":20210330.0,
            "매매실거래가":47000.0,
            "전세실거래년":20180402.0,
            "전세실거래가":3000.0,
            "전세가율":11.54,
            "장기전세가율평균":75.74,
            "전세가율거품지수":64.2,
            "검색코드":4723,
            "세대수":340,
            "준공년월":"1981-09-26",
            "준공년차":42,
            "가까운역이름":"NA",
            "가까운역거리":"NA",
            "역세권여부":"NA",
            "30분이내주요거점역":"NA",
            "1시간이내주요거점역":"NA",
            "3km이내백화점수":1,
            "5km이내아울렛몰수":1,
            "1km이내대형먀트수":0,
            "500m이내은행수":2,
            "500m이내병원수":34,
            "5km이내대형병원수":12,
            "500m이내공원수":9,
            "3km이내혐오시설수":0,
            "초등학교학업성취도":88.97,
            "중학교학업성취도":80.1,
            "용적률":147,
            "건폐율":0,
            "Y":35.131132,
            "X":126.906764,
            "rank":10.0,
            "area_info":"17평(57.08), 17평(58.74), 23평(77.76), 23평(78.06), 29평(96.0), 29평(96.65)",
            "last_sales":"2021-03-30,47000.0,29평(96.0)"
        },
        {
            "index":232,
            "아파트명":"포스코더샵",
            "투자타입":"일반",
            "전용면적(m2)":"86.31",
            "전용면적(평)":"26평",
            "법정동주소":"광주시 남구 봉선동 1076",
            "도로명주소":"광주시 남구 효사랑길 14",
            "세대수":90,
            "입주년차":40,
            "용적률점수":"--",
            "건폐율점수":"--",
            "세대당주차수":30,
            "난방방식":30,
            "공급면적":"--",
            "전용률":"--",
            "욕실수":100,
            "현관타입":100,
            "주거총점":67.0,
            "지역구공급총점":100.0,
            "역세권":"NA",
            "30분내 이동가능 거점":"NA",
            "1시간내 이동가능 거점":"NA",
            "교통총점":"NA",
            "백화점":0,
            "아울렛몰":80,
            "대형마트":80,
            "은행":100,
            "병원":30,
            "종합병원":100,
            "공원":100,
            "혐오시설":0,
            "인프라총점":56.0,
            "초등학군":87.06,
            "중학군":54.88,
            "학군총점":61.316,
            "인구수":23.61,
            "인구증감":-2.33,
            "인구총점":15.828,
            "일자리":8.1,
            "소득수준":50.26,
            "일자리총점":20.748,
            "가치 총점":61.179,
            "매매실거래년":20211224.0,
            "매매실거래가":101000.0,
            "전세실거래년":20220114.0,
            "전세실거래가":28000.0,
            "전세가율":58.09,
            "장기전세가율평균":75.74,
            "전세가율거품지수":17.65,
            "검색코드":10251,
            "세대수":1140,
            "준공년월":"2004-12-23",
            "준공년차":19,
            "가까운역이름":"NA",
            "가까운역거리":"NA",
            "역세권여부":"NA",
            "30분이내주요거점역":"NA",
            "1시간이내주요거점역":"NA",
            "3km이내백화점수":0,
            "5km이내아울렛몰수":1,
            "1km이내대형먀트수":1,
            "500m이내은행수":5,
            "500m이내병원수":8,
            "5km이내대형병원수":9,
            "500m이내공원수":10,
            "3km이내혐오시설수":0,
            "초등학교학업성취도":87.06,
            "중학교학업성취도":90.6,
            "용적률":247,
            "건폐율":17,
            "Y":35.120182,
            "X":126.915994,
            "rank":11.0,
            "area_info":"26평(86.31), 33평(111.87), 40평(134.92), 46평(154.08), 55평(182.54), 64평(213.94)",
            "last_sales":"2021-12-24,101000.0,40평(134.92)"
        },
        {
            "index":40,
            "아파트명":"방림광신프로그레스",
            "투자타입":"일반",
            "전용면적(m2)":"95.78",
            "전용면적(평)":"28평",
            "법정동주소":"광주시 남구 방림동 566",
            "도로명주소":"광주시 남구 용대로 186",
            "세대수":0,
            "입주년차":60,
            "용적률점수":"--",
            "건폐율점수":"--",
            "세대당주차수":60,
            "난방방식":30,
            "공급면적":"--",
            "전용률":"--",
            "욕실수":100,
            "현관타입":100,
            "주거총점":44.0,
            "지역구공급총점":100.0,
            "역세권":"NA",
            "30분내 이동가능 거점":"NA",
            "1시간내 이동가능 거점":"NA",
            "교통총점":"NA",
            "백화점":100,
            "아울렛몰":80,
            "대형마트":80,
            "은행":0,
            "병원":60,
            "종합병원":100,
            "공원":100,
            "혐오시설":0,
            "인프라총점":79.0,
            "초등학군":85.05,
            "중학군":48.04,
            "학군총점":55.442,
            "인구수":23.61,
            "인구증감":-2.33,
            "인구총점":15.828,
            "일자리":8.1,
            "소득수준":50.26,
            "일자리총점":20.748,
            "가치 총점":60.8605,
            "매매실거래년":20211230.0,
            "매매실거래가":45500.0,
            "전세실거래년":20200417.0,
            "전세실거래가":24000.0,
            "전세가율":52.75,
            "장기전세가율평균":75.74,
            "전세가율거품지수":22.99,
            "검색코드":104095,
            "세대수":258,
            "준공년월":"2013-04-23",
            "준공년차":10,
            "가까운역이름":"NA",
            "가까운역거리":"NA",
            "역세권여부":"NA",
            "30분이내주요거점역":"NA",
            "1시간이내주요거점역":"NA",
            "3km이내백화점수":1,
            "5km이내아울렛몰수":1,
            "1km이내대형먀트수":1,
            "500m이내은행수":0,
            "500m이내병원수":14,
            "5km이내대형병원수":10,
            "500m이내공원수":6,
            "3km이내혐오시설수":0,
            "초등학교학업성취도":85.05,
            "중학교학업성취도":78.6,
            "용적률":197,
            "건폐율":19,
            "Y":35.132996,
            "X":126.918568,
            "rank":12.0,
            "area_info":"28평(95.78), 32평(108.21), 32평(108.3)",
            "last_sales":"2021-12-30,45500.0,28평(95.78)"
        },
        {
            "index":34,
            "아파트명":"라인효친2차",
            "투자타입":"재건축",
            "전용면적(m2)":"107.68",
            "전용면적(평)":"32평",
            "법정동주소":"광주시 남구 방림동 556-1",
            "도로명주소":"광주시 남구 용대로 131",
            "세대수":50,
            "입주년차":"--",
            "용적률점수":0,
            "건폐율점수":100,
            "세대당주차수":"--",
            "난방방식":"--",
            "공급면적":90,
            "전용률":60,
            "욕실수":"--",
            "현관타입":"--",
            "주거총점":42.5,
            "지역구공급총점":100.0,
            "역세권":"NA",
            "30분내 이동가능 거점":"NA",
            "1시간내 이동가능 거점":"NA",
            "교통총점":"NA",
            "백화점":100,
            "아울렛몰":80,
            "대형마트":80,
            "은행":0,
            "병원":60,
            "종합병원":100,
            "공원":100,
            "혐오시설":0,
            "인프라총점":79.0,
            "초등학군":89.16,
            "중학군":49.12,
            "학군총점":57.128,
            "인구수":23.61,
            "인구증감":-2.33,
            "인구총점":15.828,
            "일자리":8.1,
            "소득수준":50.26,
            "일자리총점":20.748,
            "가치 총점":60.757,
            "매매실거래년":20211217.0,
            "매매실거래가":18500.0,
            "전세실거래년":20211206.0,
            "전세실거래가":14700.0,
            "전세가율":79.46,
            "장기전세가율평균":75.74,
            "전세가율거품지수":-3.72,
            "검색코드":4423,
            "세대수":494,
            "준공년월":"1989-08-30",
            "준공년차":34,
            "가까운역이름":"NA",
            "가까운역거리":"NA",
            "역세권여부":"NA",
            "30분이내주요거점역":"NA",
            "1시간이내주요거점역":"NA",
            "3km이내백화점수":1,
            "5km이내아울렛몰수":1,
            "1km이내대형먀트수":1,
            "500m이내은행수":1,
            "500m이내병원수":17,
            "5km이내대형병원수":10,
            "500m이내공원수":9,
            "3km이내혐오시설수":0,
            "초등학교학업성취도":89.16,
            "중학교학업성취도":81.4,
            "용적률":222,
            "건폐율":10,
            "Y":35.128305,
            "X":126.917214,
            "rank":13.0,
            "area_info":"32평(107.68)",
            "last_sales":"2021-12-17,18500.0,32평(107.68)"
        },
        {
            "index":332,
            "아파트명":"봉선로남해오네뜨",
            "투자타입":"일반",
            "전용면적(m2)":"99.66",
            "전용면적(평)":"30평",
            "법정동주소":"광주시 남구 주월동 1312",
            "도로명주소":"광주시 남구 봉선로 42",
            "세대수":30,
            "입주년차":80,
            "용적률점수":"--",
            "건폐율점수":"--",
            "세대당주차수":30,
            "난방방식":30,
            "공급면적":"--",
            "전용률":"--",
            "욕실수":100,
            "현관타입":100,
            "주거총점":54.0,
            "지역구공급총점":100.0,
            "역세권":"NA",
            "30분내 이동가능 거점":"NA",
            "1시간내 이동가능 거점":"NA",
            "교통총점":"NA",
            "백화점":100,
            "아울렛몰":80,
            "대형마트":0,
            "은행":20,
            "병원":60,
            "종합병원":100,
            "공원":100,
            "혐오시설":0,
            "인프라총점":69.0,
            "초등학군":88.97,
            "중학군":48.58,
            "학군총점":56.658,
            "인구수":23.61,
            "인구증감":-2.33,
            "인구총점":15.828,
            "일자리":8.1,
            "소득수준":50.26,
            "일자리총점":20.748,
            "가치 총점":60.6645,
            "매매실거래년":20211227.0,
            "매매실거래가":53800.0,
            "전세실거래년":20191104.0,
            "전세실거래가":23000.0,
            "전세가율":46.0,
            "장기전세가율평균":75.74,
            "전세가율거품지수":29.74,
            "검색코드":111860,
            "세대수":301,
            "준공년월":"2018-04-30",
            "준공년차":5,
            "가까운역이름":"NA",
            "가까운역거리":"NA",
            "역세권여부":"NA",
            "30분이내주요거점역":"NA",
            "1시간이내주요거점역":"NA",
            "3km이내백화점수":1,
            "5km이내아울렛몰수":1,
            "1km이내대형먀트수":0,
            "500m이내은행수":2,
            "500m이내병원수":24,
            "5km이내대형병원수":12,
            "500m이내공원수":4,
            "3km이내혐오시설수":0,
            "초등학교학업성취도":88.97,
            "중학교학업성취도":80.1,
            "용적률":265,
            "건폐율":24,
            "Y":35.129979,
            "X":126.902969,
            "rank":14.0,
            "area_info":"30평(99.66), 30평(99.38), 34평(113.89), 34평(113.2)",
            "last_sales":"2021-12-27,53800.0,30평(99.38)"
        },
        {
            "index":43,
            "아파트명":"방림명지로드힐",
            "투자타입":"일반",
            "전용면적(m2)":"112.34",
            "전용면적(평)":"33평",
            "법정동주소":"광주시 남구 방림동 569",
            "도로명주소":"광주시 남구 대남대로85번길 3",
            "세대수":0,
            "입주년차":80,
            "용적률점수":"--",
            "건폐율점수":"--",
            "세대당주차수":30,
            "난방방식":30,
            "공급면적":"--",
            "전용률":"--",
            "욕실수":100,
            "현관타입":100,
            "주거총점":43.5,
            "지역구공급총점":100.0,
            "역세권":"NA",
            "30분내 이동가능 거점":"NA",
            "1시간내 이동가능 거점":"NA",
            "교통총점":"NA",
            "백화점":100,
            "아울렛몰":80,
            "대형마트":80,
            "은행":0,
            "병원":60,
            "종합병원":100,
            "공원":100,
            "혐오시설":0,
            "인프라총점":79.0,
            "초등학군":85.05,
            "중학군":46.58,
            "학군총점":54.274,
            "인구수":23.61,
            "인구증감":-2.33,
            "인구총점":15.828,
            "일자리":8.1,
            "소득수준":50.26,
            "일자리총점":20.748,
            "가치 총점":60.3935,
            "매매실거래년":20211203.0,
            "매매실거래가":41800.0,
            "전세실거래년":20211218.0,
            "전세실거래가":28350.0,
            "전세가율":67.82,
            "장기전세가율평균":75.74,
            "전세가율거품지수":7.92,
            "검색코드":110457,
            "세대수":192,
            "준공년월":"2015-10-01",
            "준공년차":8,
            "가까운역이름":"NA",
            "가까운역거리":"NA",
            "역세권여부":"NA",
            "30분이내주요거점역":"NA",
            "1시간이내주요거점역":"NA",
            "3km이내백화점수":1,
            "5km이내아울렛몰수":1,
            "1km이내대형먀트수":1,
            "500m이내은행수":1,
            "500m이내병원수":19,
            "5km이내대형병원수":11,
            "500m이내공원수":4,
            "3km이내혐오시설수":0,
            "초등학교학업성취도":85.05,
            "중학교학업성취도":76.7,
            "용적률":270,
            "건폐율":16,
            "Y":35.134345,
            "X":126.91629,
            "rank":15.0,
            "area_info":"33평(112.34)",
            "last_sales":"2021-12-03,41800.0,33평(112.34)"
        },
        {
            "index":221,
            "아파트명":"쌍용스윗닷홈",
            "투자타입":"일반",
            "전용면적(m2)":"155.32",
            "전용면적(평)":"46평",
            "법정동주소":"광주시 남구 봉선동 107",
            "도로명주소":"광주시 남구 봉선중앙로 8",
            "세대수":50,
            "입주년차":40,
            "용적률점수":"--",
            "건폐율점수":"--",
            "세대당주차수":80,
            "난방방식":30,
            "공급면적":"--",
            "전용률":"--",
            "욕실수":100,
            "현관타입":100,
            "주거총점":60.5,
            "지역구공급총점":100.0,
            "역세권":"NA",
            "30분내 이동가능 거점":"NA",
            "1시간내 이동가능 거점":"NA",
            "교통총점":"NA",
            "백화점":0,
            "아울렛몰":80,
            "대형마트":80,
            "은행":100,
            "병원":60,
            "종합병원":100,
            "공원":100,
            "혐오시설":0,
            "인프라총점":59.0,
            "초등학군":87.06,
            "중학군":54.88,
            "학군총점":61.316,
            "인구수":23.61,
            "인구증감":-2.33,
            "인구총점":15.828,
            "일자리":8.1,
            "소득수준":50.26,
            "일자리총점":20.748,
            "가치 총점":60.104,
            "매매실거래년":20211212.0,
            "매매실거래가":136500.0,
            "전세실거래년":20211027.0,
            "전세실거래가":85000.0,
            "전세가율":62.27,
            "장기전세가율평균":75.74,
            "전세가율거품지수":13.47,
            "검색코드":11400,
            "세대수":425,
            "준공년월":"2005-06-08",
            "준공년차":18,
            "가까운역이름":"NA",
            "가까운역거리":"NA",
            "역세권여부":"NA",
            "30분이내주요거점역":"NA",
            "1시간이내주요거점역":"NA",
            "3km이내백화점수":0,
            "5km이내아울렛몰수":1,
            "1km이내대형먀트수":1,
            "500m이내은행수":5,
            "500m이내병원수":20,
            "5km이내대형병원수":9,
            "500m이내공원수":10,
            "3km이내혐오시설수":0,
            "초등학교학업성취도":87.06,
            "중학교학업성취도":90.6,
            "용적률":277,
            "건폐율":18,
            "Y":35.121964,
            "X":126.913733,
            "rank":16.0,
            "area_info":"46평(155.32), 52평(175.2), 58평(193.91), 64평(212.94)",
            "last_sales":"2021-12-12,136500.0,46평(155.32)"
        },
        {
            "index":195,
            "아파트명":"봉선로광명메이루즈",
            "투자타입":"일반",
            "전용면적(m2)":"113.15",
            "전용면적(평)":"34평",
            "법정동주소":"광주시 남구 봉선동 1135",
            "도로명주소":"광주시 남구 봉선로 37",
            "세대수":30,
            "입주년차":80,
            "용적률점수":"--",
            "건폐율점수":"--",
            "세대당주차수":30,
            "난방방식":30,
            "공급면적":"--",
            "전용률":"--",
            "욕실수":100,
            "현관타입":100,
            "주거총점":54.0,
            "지역구공급총점":100.0,
            "역세권":"NA",
            "30분내 이동가능 거점":"NA",
            "1시간내 이동가능 거점":"NA",
            "교통총점":"NA",
            "백화점":100,
            "아울렛몰":80,
            "대형마트":0,
            "은행":0,
            "병원":60,
            "종합병원":100,
            "공원":100,
            "혐오시설":0,
            "인프라총점":67.0,
            "초등학군":88.97,
            "중학군":48.58,
            "학군총점":56.658,
            "인구수":23.61,
            "인구증감":-2.33,
            "인구총점":15.828,
            "일자리":8.1,
            "소득수준":50.26,
            "일자리총점":20.748,
            "가치 총점":59.8645,
            "매매실거래년":20211111.0,
            "매매실거래가":61000.0,
            "전세실거래년":20210807.0,
            "전세실거래가":26000.0,
            "전세가율":42.62,
            "장기전세가율평균":75.74,
            "전세가율거품지수":33.12,
            "검색코드":104545,
            "세대수":343,
            "준공년월":"2014-07-25",
            "준공년차":9,
            "가까운역이름":"NA",
            "가까운역거리":"NA",
            "역세권여부":"NA",
            "30분이내주요거점역":"NA",
            "1시간이내주요거점역":"NA",
            "3km이내백화점수":1,
            "5km이내아울렛몰수":1,
            "1km이내대형먀트수":0,
            "500m이내은행수":1,
            "500m이내병원수":26,
            "5km이내대형병원수":12,
            "500m이내공원수":8,
            "3km이내혐오시설수":0,
            "초등학교학업성취도":88.97,
            "중학교학업성취도":80.1,
            "용적률":252,
            "건폐율":18,
            "Y":35.130161,
            "X":126.904599,
            "rank":17.0,
            "area_info":"34평(113.15), 34평(114.15)",
            "last_sales":"2021-11-11,61000.0,34평(113.15)"
        },
        {
            "index":197,
            "아파트명":"봉선제일풍경채엘리트파크",
            "투자타입":"일반",
            "전용면적(m2)":"114.71",
            "전용면적(평)":"34평",
            "법정동주소":"광주시 남구 봉선동 1092",
            "도로명주소":"광주시 남구 제석로80번길 5",
            "세대수":50,
            "입주년차":80,
            "용적률점수":"--",
            "건폐율점수":"--",
            "세대당주차수":60,
            "난방방식":30,
            "공급면적":"--",
            "전용률":"--",
            "욕실수":100,
            "현관타입":100,
            "주거총점":65.5,
            "지역구공급총점":100.0,
            "역세권":"NA",
            "30분내 이동가능 거점":"NA",
            "1시간내 이동가능 거점":"NA",
            "교통총점":"NA",
            "백화점":0,
            "아울렛몰":80,
            "대형마트":80,
            "은행":20,
            "병원":60,
            "종합병원":100,
            "공원":100,
            "혐오시설":0,
            "인프라총점":51.0,
            "초등학군":98.84,
            "중학군":54.78,
            "학군총점":63.592,
            "인구수":23.61,
            "인구증감":-2.33,
            "인구총점":15.828,
            "일자리":8.1,
            "소득수준":50.26,
            "일자리총점":20.748,
            "가치 총점":59.223,
            "매매실거래년":20211008.0,
            "매매실거래가":100500.0,
            "전세실거래년":20220111.0,
            "전세실거래가":52000.0,
            "전세가율":51.74,
            "장기전세가율평균":75.74,
            "전세가율거품지수":24.0,
            "검색코드":109380,
            "세대수":400,
            "준공년월":"2016-12-01",
            "준공년차":7,
            "가까운역이름":"NA",
            "가까운역거리":"NA",
            "역세권여부":"NA",
            "30분이내주요거점역":"NA",
            "1시간이내주요거점역":"NA",
            "3km이내백화점수":0,
            "5km이내아울렛몰수":1,
            "1km이내대형먀트수":1,
            "500m이내은행수":2,
            "500m이내병원수":22,
            "5km이내대형병원수":11,
            "500m이내공원수":6,
            "3km이내혐오시설수":0,
            "초등학교학업성취도":98.84,
            "중학교학업성취도":89.5,
            "용적률":215,
            "건폐율":20,
            "Y":35.122398,
            "X":126.907759,
            "rank":18.0,
            "area_info":"34평(114.71), 35평(116.46), 35평(118.63)",
            "last_sales":"2021-10-08,100500.0,34평(114.71)"
        },
        {
            "index":238,
            "아파트명":"한국아델리움1단지",
            "투자타입":"일반",
            "전용면적(m2)":"164.0",
            "전용면적(평)":"49평",
            "법정동주소":"광주시 남구 봉선동 70",
            "도로명주소":"광주시 남구 제석로80번안길 11",
            "세대수":50,
            "입주년차":40,
            "용적률점수":"--",
            "건폐율점수":"--",
            "세대당주차수":80,
            "난방방식":30,
            "공급면적":"--",
            "전용률":"--",
            "욕실수":100,
            "현관타입":100,
            "주거총점":60.5,
            "지역구공급총점":100.0,
            "역세권":"NA",
            "30분내 이동가능 거점":"NA",
            "1시간내 이동가능 거점":"NA",
            "교통총점":"NA",
            "백화점":0,
            "아울렛몰":80,
            "대형마트":80,
            "은행":100,
            "병원":30,
            "종합병원":100,
            "공원":100,
            "혐오시설":0,
            "인프라총점":56.0,
            "초등학군":87.06,
            "중학군":54.78,
            "학군총점":61.236,
            "인구수":23.61,
            "인구증감":-2.33,
            "인구총점":15.828,
            "일자리":8.1,
            "소득수준":50.26,
            "일자리총점":20.748,
            "가치 총점":58.884,
            "매매실거래년":20211220.0,
            "매매실거래가":149500.0,
            "전세실거래년":20211126.0,
            "전세실거래가":60000.0,
            "전세가율":40.13,
            "장기전세가율평균":75.74,
            "전세가율거품지수":35.61,
            "검색코드":19236,
            "세대수":410,
            "준공년월":"2006-10-30",
            "준공년차":17,
            "가까운역이름":"NA",
            "가까운역거리":"NA",
            "역세권여부":"NA",
            "30분이내주요거점역":"NA",
            "1시간이내주요거점역":"NA",
            "3km이내백화점수":0,
            "5km이내아울렛몰수":1,
            "1km이내대형먀트수":1,
            "500m이내은행수":5,
            "500m이내병원수":6,
            "5km이내대형병원수":9,
            "500m이내공원수":8,
            "3km이내혐오시설수":0,
            "초등학교학업성취도":87.06,
            "중학교학업성취도":89.5,
            "용적률":257,
            "건폐율":19,
            "Y":35.119544,
            "X":126.913161,
            "rank":19.0,
            "area_info":"49평(164.0), 56평(186.73), 67평(224.08)",
            "last_sales":"2021-12-20,149500.0,49평(164.0)"
        },
        {
            "index":153,
            "아파트명":"모아1단지1차",
            "투자타입":"재건축",
            "전용면적(m2)":"64.45",
            "전용면적(평)":"19평",
            "법정동주소":"광주시 남구 봉선동 984",
            "도로명주소":"광주시 남구 봉선중앙로 115",
            "세대수":0,
            "입주년차":"--",
            "용적률점수":60,
            "건폐율점수":80,
            "세대당주차수":"--",
            "난방방식":"--",
            "공급면적":50,
            "전용률":100,
            "욕실수":"--",
            "현관타입":"--",
            "주거총점":47.5,
            "지역구공급총점":100.0,
            "역세권":"NA",
            "30분내 이동가능 거점":"NA",
            "1시간내 이동가능 거점":"NA",
            "교통총점":"NA",
            "백화점":100,
            "아울렛몰":80,
            "대형마트":0,
            "은행":20,
            "병원":60,
            "종합병원":100,
            "공원":100,
            "혐오시설":0,
            "인프라총점":69.0,
            "초등학군":89.16,
            "중학군":49.12,
            "학군총점":57.128,
            "인구수":23.61,
            "인구증감":-2.33,
            "인구총점":15.828,
            "일자리":8.1,
            "소득수준":50.26,
            "일자리총점":20.748,
            "가치 총점":58.507,
            "매매실거래년":20211129.0,
            "매매실거래가":20000.0,
            "전세실거래년":20220110.0,
            "전세실거래가":13000.0,
            "전세가율":65.0,
            "장기전세가율평균":75.74,
            "전세가율거품지수":10.74,
            "검색코드":17255,
            "세대수":297,
            "준공년월":"1986-12-16",
            "준공년차":37,
            "가까운역이름":"NA",
            "가까운역거리":"NA",
            "역세권여부":"NA",
            "30분이내주요거점역":"NA",
            "1시간이내주요거점역":"NA",
            "3km이내백화점수":1,
            "5km이내아울렛몰수":1,
            "1km이내대형먀트수":0,
            "500m이내은행수":2,
            "500m이내병원수":25,
            "5km이내대형병원수":12,
            "500m이내공원수":10,
            "3km이내혐오시설수":0,
            "초등학교학업성취도":89.16,
            "중학교학업성취도":81.4,
            "용적률":197,
            "건폐율":27,
            "Y":35.130979,
            "X":126.909828,
            "rank":20.0,
            "area_info":"19평(64.45), 21평(71.91)",
            "last_sales":"2021-11-29,20000.0,19평(64.45)"
        },
        {
            "index":337,
            "아파트명":"스카이",
            "투자타입":"재건축",
            "전용면적(m2)":"70.51",
            "전용면적(평)":"21평",
            "법정동주소":"광주시 남구 주월동 383",
            "도로명주소":"광주시 남구 서문대로823번길 7-15",
            "세대수":30,
            "입주년차":"--",
            "용적률점수":20,
            "건폐율점수":80,
            "세대당주차수":"--",
            "난방방식":"--",
            "공급면적":50,
            "전용률":80,
            "욕실수":"--",
            "현관타입":"--",
            "주거총점":39.5,
            "지역구공급총점":100.0,
            "역세권":"NA",
            "30분내 이동가능 거점":"NA",
            "1시간내 이동가능 거점":"NA",
            "교통총점":"NA",
            "백화점":100,
            "아울렛몰":80,
            "대형마트":0,
            "은행":70,
            "병원":80,
            "종합병원":100,
            "공원":100,
            "혐오시설":0,
            "인프라총점":76.0,
            "초등학군":90.81,
            "중학군":48.58,
            "학군총점":57.026,
            "인구수":23.61,
            "인구증감":-2.33,
            "인구총점":15.828,
            "일자리":8.1,
            "소득수준":50.26,
            "일자리총점":20.748,
            "가치 총점":58.4815,
            "매매실거래년":20211130.0,
            "매매실거래가":17000.0,
            "전세실거래년":20210713.0,
            "전세실거래가":10000.0,
            "전세가율":60.24,
            "장기전세가율평균":75.74,
            "전세가율거품지수":15.5,
            "검색코드":4716,
            "세대수":314,
            "준공년월":"1987-01-22",
            "준공년차":36,
            "가까운역이름":"NA",
            "가까운역거리":"NA",
            "역세권여부":"NA",
            "30분이내주요거점역":"NA",
            "1시간이내주요거점역":"NA",
            "3km이내백화점수":1,
            "5km이내아울렛몰수":1,
            "1km이내대형먀트수":0,
            "500m이내은행수":3,
            "500m이내병원수":30,
            "5km이내대형병원수":13,
            "500m이내공원수":6,
            "3km이내혐오시설수":0,
            "초등학교학업성취도":90.81,
            "중학교학업성취도":80.1,
            "용적률":212,
            "건폐율":24,
            "Y":35.132308,
            "X":126.899233,
            "rank":21.0,
            "area_info":"21평(70.51), 21평(71.6)",
            "last_sales":"2021-11-30,17000.0,21평(71.6)"
        },
        {
            "index":306,
            "아파트명":"효천시티프라디움",
            "투자타입":"일반",
            "전용면적(m2)":"106.89",
            "전용면적(평)":"32평",
            "법정동주소":"광주시 남구 임암동 728",
            "도로명주소":"광주시 남구 효천2로 1",
            "세대수":90,
            "입주년차":100,
            "용적률점수":"--",
            "건폐율점수":"--",
            "세대당주차수":60,
            "난방방식":30,
            "공급면적":"--",
            "전용률":"--",
            "욕실수":100,
            "현관타입":100,
            "주거총점":83.5,
            "지역구공급총점":100.0,
            "역세권":"NA",
            "30분내 이동가능 거점":"NA",
            "1시간내 이동가능 거점":"NA",
            "교통총점":"NA",
            "백화점":0,
            "아울렛몰":80,
            "대형마트":0,
            "은행":0,
            "병원":30,
            "종합병원":100,
            "공원":100,
            "혐오시설":0,
            "인프라총점":34.0,
            "초등학군":96.06,
            "중학군":54.0,
            "학군총점":62.412,
            "인구수":23.61,
            "인구증감":-2.33,
            "인구총점":15.828,
            "일자리":8.1,
            "소득수준":50.26,
            "일자리총점":20.748,
            "가치 총점":58.428,
            "매매실거래년":20220105.0,
            "매매실거래가":58000.0,
            "전세실거래년":20211212.0,
            "전세실거래가":38000.0,
            "전세가율":65.52,
            "장기전세가율평균":75.74,
            "전세가율거품지수":10.22,
            "검색코드":116720,
            "세대수":1164,
            "준공년월":"2019-06-01",
            "준공년차":4,
            "가까운역이름":"NA",
            "가까운역거리":"NA",
            "역세권여부":"NA",
            "30분이내주요거점역":"NA",
            "1시간이내주요거점역":"NA",
            "3km이내백화점수":0,
            "5km이내아울렛몰수":1,
            "1km이내대형먀트수":0,
            "500m이내은행수":0,
            "500m이내병원수":6,
            "5km이내대형병원수":5,
            "500m이내공원수":6,
            "3km이내혐오시설수":0,
            "초등학교학업성취도":96.06,
            "중학교학업성취도":87.6,
            "용적률":0,
            "건폐율":0,
            "Y":35.101847,
            "X":126.871556,
            "rank":22.0,
            "area_info":"32평(106.89), 32평(107.3), 32평(107.18), 32평(107.14)",
            "last_sales":"2022-01-05,58000.0,32평(106.89)"
        },
        {
            "index":187,
            "아파트명":"봉선남양휴튼2차",
            "투자타입":"일반",
            "전용면적(m2)":"148.78",
            "전용면적(평)":"45평",
            "법정동주소":"광주시 남구 봉선동 1080",
            "도로명주소":"광주시 남구 봉선로 115",
            "세대수":30,
            "입주년차":60,
            "용적률점수":"--",
            "건폐율점수":"--",
            "세대당주차수":80,
            "난방방식":30,
            "공급면적":"--",
            "전용률":"--",
            "욕실수":100,
            "현관타입":100,
            "주거총점":57.5,
            "지역구공급총점":100.0,
            "역세권":"NA",
            "30분내 이동가능 거점":"NA",
            "1시간내 이동가능 거점":"NA",
            "교통총점":"NA",
            "백화점":0,
            "아울렛몰":80,
            "대형마트":80,
            "은행":70,
            "병원":80,
            "종합병원":100,
            "공원":100,
            "혐오시설":0,
            "인프라총점":58.0,
            "초등학군":98.84,
            "중학군":48.58,
            "학군총점":58.632,
            "인구수":23.61,
            "인구증감":-2.33,
            "인구총점":15.828,
            "일자리":8.1,
            "소득수준":50.26,
            "일자리총점":20.748,
            "가치 총점":57.983,
            "매매실거래년":20211118.0,
            "매매실거래가":116000.0,
            "전세실거래년":20211202.0,
            "전세실거래가":80000.0,
            "전세가율":68.97,
            "장기전세가율평균":75.74,
            "전세가율거품지수":6.77,
            "검색코드":109504,
            "세대수":315,
            "준공년월":"2011-01-31",
            "준공년차":12,
            "가까운역이름":"NA",
            "가까운역거리":"NA",
            "역세권여부":"NA",
            "30분이내주요거점역":"NA",
            "1시간이내주요거점역":"NA",
            "3km이내백화점수":0,
            "5km이내아울렛몰수":1,
            "1km이내대형먀트수":1,
            "500m이내은행수":4,
            "500m이내병원수":30,
            "5km이내대형병원수":11,
            "500m이내공원수":6,
            "3km이내혐오시설수":0,
            "초등학교학업성취도":98.84,
            "중학교학업성취도":80.1,
            "용적률":418,
            "건폐율":53,
            "Y":35.125027,
            "X":126.908448,
            "rank":23.0,
            "area_info":"45평(148.78), 48평(161.49), 48평(161.32), 55평(185.0), 65평(216.43), 71평(236.87), 85평(281.3), 91평(303.0)",
            "last_sales":"2021-11-18,116000.0,45평(148.78)"
        },
        {
            "index":139,
            "아파트명":"라인하이츠",
            "투자타입":"재건축",
            "전용면적(m2)":"43.64",
            "전용면적(평)":"13평",
            "법정동주소":"광주시 남구 봉선동 983",
            "도로명주소":"광주시 남구 대남대로159번길 31",
            "세대수":90,
            "입주년차":"--",
            "용적률점수":0,
            "건폐율점수":80,
            "세대당주차수":"--",
            "난방방식":"--",
            "공급면적":50,
            "전용률":60,
            "욕실수":"--",
            "현관타입":"--",
            "주거총점":48.5,
            "지역구공급총점":100.0,
            "역세권":"NA",
            "30분내 이동가능 거점":"NA",
            "1시간내 이동가능 거점":"NA",
            "교통총점":"NA",
            "백화점":100,
            "아울렛몰":80,
            "대형마트":0,
            "은행":0,
            "병원":60,
            "종합병원":100,
            "공원":100,
            "혐오시설":0,
            "인프라총점":67.0,
            "초등학군":88.97,
            "중학군":48.58,
            "학군총점":56.658,
            "인구수":23.61,
            "인구증감":-2.33,
            "인구총점":15.828,
            "일자리":8.1,
            "소득수준":50.26,
            "일자리총점":20.748,
            "가치 총점":57.9395,
            "매매실거래년":20211127.0,
            "매매실거래가":26500.0,
            "전세실거래년":20211223.0,
            "전세실거래가":8000.0,
            "전세가율":53.33,
            "장기전세가율평균":75.74,
            "전세가율거품지수":22.41,
            "검색코드":4599,
            "세대수":1134,
            "준공년월":"1987-09-25",
            "준공년차":36,
            "가까운역이름":"NA",
            "가까운역거리":"NA",
            "역세권여부":"NA",
            "30분이내주요거점역":"NA",
            "1시간이내주요거점역":"NA",
            "3km이내백화점수":1,
            "5km이내아울렛몰수":1,
            "1km이내대형먀트수":0,
            "500m이내은행수":1,
            "500m이내병원수":27,
            "5km이내대형병원수":12,
            "500m이내공원수":12,
            "3km이내혐오시설수":0,
            "초등학교학업성취도":88.97,
            "중학교학업성취도":80.1,
            "용적률":220,
            "건폐율":26,
            "Y":35.129971,
            "X":126.907921,
            "rank":24.0,
            "area_info":"13평(43.64), 13평(45.99), 15평(52.58), 20평(67.82), 20평(68.07), 22평(73.97), 23평(78.62), 30평(99.96), 31평(103.8), 32평(107.76), 60평(198.78), 60평(199.06)",
            "last_sales":"2021-11-27,26500.0,23평(78.62)"
        },
        {
            "index":241,
            "아파트명":"서동영무예다음",
            "투자타입":"일반",
            "전용면적(m2)":"113.13",
            "전용면적(평)":"34평",
            "법정동주소":"광주시 남구 서동 291",
            "도로명주소":"광주시 남구 제중로 111",
            "세대수":30,
            "입주년차":80,
            "용적률점수":"--",
            "건폐율점수":"--",
            "세대당주차수":30,
            "난방방식":30,
            "공급면적":"--",
            "전용률":"--",
            "욕실수":100,
            "현관타입":100,
            "주거총점":54.0,
            "지역구공급총점":100.0,
            "역세권":"NA",
            "30분내 이동가능 거점":"NA",
            "1시간내 이동가능 거점":"NA",
            "교통총점":"NA",
            "백화점":100,
            "아울렛몰":80,
            "대형마트":0,
            "은행":0,
            "병원":30,
            "종합병원":100,
            "공원":100,
            "혐오시설":0,
            "인프라총점":64.0,
            "초등학군":80.97,
            "중학군":46.58,
            "학군총점":53.458,
            "인구수":23.61,
            "인구증감":-2.33,
            "인구총점":15.828,
            "일자리":8.1,
            "소득수준":50.26,
            "일자리총점":20.748,
            "가치 총점":57.8645,
            "매매실거래년":20211031.0,
            "매매실거래가":49000.0,
            "전세실거래년":20211227.0,
            "전세실거래가":31000.0,
            "전세가율":74.34,
            "장기전세가율평균":75.74,
            "전세가율거품지수":1.4,
            "검색코드":109401,
            "세대수":310,
            "준공년월":"2016-12-01",
            "준공년차":7,
            "가까운역이름":"NA",
            "가까운역거리":"NA",
            "역세권여부":"NA",
            "30분이내주요거점역":"NA",
            "1시간이내주요거점역":"NA",
            "3km이내백화점수":1,
            "5km이내아울렛몰수":1,
            "1km이내대형먀트수":0,
            "500m이내은행수":0,
            "500m이내병원수":7,
            "5km이내대형병원수":12,
            "500m이내공원수":4,
            "3km이내혐오시설수":0,
            "초등학교학업성취도":80.97,
            "중학교학업성취도":76.7,
            "용적률":175,
            "건폐율":16,
            "Y":35.141211,
            "X":126.908945,
            "rank":25.0,
            "area_info":"34평(113.13), 34평(113.43)",
            "last_sales":"2021-10-31,49000.0,34평(113.43)"
        },
        {
            "index":297,
            "아파트명":"효천1중흥S-클래스에코시티",
            "투자타입":"일반",
            "전용면적(m2)":"109.36",
            "전용면적(평)":"33평",
            "법정동주소":"광주시 남구 임암동 881",
            "도로명주소":"광주시 남구 효천2로 12",
            "세대수":80,
            "입주년차":100,
            "용적률점수":"--",
            "건폐율점수":"--",
            "세대당주차수":60,
            "난방방식":30,
            "공급면적":"--",
            "전용률":"--",
            "욕실수":100,
            "현관타입":100,
            "주거총점":80.0,
            "지역구공급총점":100.0,
            "역세권":"NA",
            "30분내 이동가능 거점":"NA",
            "1시간내 이동가능 거점":"NA",
            "교통총점":"NA",
            "백화점":0,
            "아울렛몰":80,
            "대형마트":0,
            "은행":0,
            "병원":30,
            "종합병원":100,
            "공원":100,
            "혐오시설":0,
            "인프라총점":34.0,
            "초등학군":96.06,
            "중학군":54.0,
            "학군총점":62.412,
            "인구수":23.61,
            "인구증감":-2.33,
            "인구총점":15.828,
            "일자리":8.1,
            "소득수준":50.26,
            "일자리총점":20.748,
            "가치 총점":57.203,
            "매매실거래년":20220113.0,
            "매매실거래가":59000.0,
            "전세실거래년":20211229.0,
            "전세실거래가":35000.0,
            "전세가율":59.32,
            "장기전세가율평균":75.74,
            "전세가율거품지수":16.42,
            "검색코드":115532,
            "세대수":832,
            "준공년월":"2019-01-11",
            "준공년차":4,
            "가까운역이름":"NA",
            "가까운역거리":"NA",
            "역세권여부":"NA",
            "30분이내주요거점역":"NA",
            "1시간이내주요거점역":"NA",
            "3km이내백화점수":0,
            "5km이내아울렛몰수":1,
            "1km이내대형먀트수":0,
            "500m이내은행수":0,
            "500m이내병원수":6,
            "5km이내대형병원수":5,
            "500m이내공원수":6,
            "3km이내혐오시설수":0,
            "초등학교학업성취도":96.06,
            "중학교학업성취도":87.6,
            "용적률":174,
            "건폐율":18,
            "Y":35.100303,
            "X":126.874141,
            "rank":26.0,
            "area_info":"33평(109.36), 33평(111.82)",
            "last_sales":"2022-01-13,59000.0,33평(109.36)"
        },
        {
            "index":216,
            "아파트명":"삼익1차",
            "투자타입":"재건축",
            "전용면적(m2)":"103.23",
            "전용면적(평)":"31평",
            "법정동주소":"광주시 남구 봉선동 470",
            "도로명주소":"광주시 남구 봉선중앙로 46",
            "세대수":80,
            "입주년차":"--",
            "용적률점수":0,
            "건폐율점수":100,
            "세대당주차수":"--",
            "난방방식":"--",
            "공급면적":90,
            "전용률":80,
            "욕실수":"--",
            "현관타입":"--",
            "주거총점":52.5,
            "지역구공급총점":100.0,
            "역세권":"NA",
            "30분내 이동가능 거점":"NA",
            "1시간내 이동가능 거점":"NA",
            "교통총점":"NA",
            "백화점":0,
            "아울렛몰":80,
            "대형마트":80,
            "은행":100,
            "병원":80,
            "종합병원":100,
            "공원":100,
            "혐오시설":0,
            "인프라총점":61.0,
            "초등학군":90.9,
            "중학군":49.12,
            "학군총점":57.476,
            "인구수":23.61,
            "인구증감":-2.33,
            "인구총점":15.828,
            "일자리":8.1,
            "소득수준":50.26,
            "일자리총점":20.748,
            "가치 총점":57.144,
            "매매실거래년":20211212.0,
            "매매실거래가":60500.0,
            "전세실거래년":20211216.0,
            "전세실거래가":20000.0,
            "전세가율":33.06,
            "장기전세가율평균":75.74,
            "전세가율거품지수":42.68,
            "검색코드":4664,
            "세대수":756,
            "준공년월":"1990-12-24",
            "준공년차":33,
            "가까운역이름":"NA",
            "가까운역거리":"NA",
            "역세권여부":"NA",
            "30분이내주요거점역":"NA",
            "1시간이내주요거점역":"NA",
            "3km이내백화점수":0,
            "5km이내아울렛몰수":1,
            "1km이내대형먀트수":1,
            "500m이내은행수":7,
            "500m이내병원수":34,
            "5km이내대형병원수":10,
            "500m이내공원수":12,
            "3km이내혐오시설수":0,
            "초등학교학업성취도":90.9,
            "중학교학업성취도":81.4,
            "용적률":235,
            "건폐율":19,
            "Y":35.124841,
            "X":126.912883,
            "rank":27.0,
            "area_info":"31평(103.23), 46평(152.87)",
            "last_sales":"2021-12-12,60500.0,31평(103.23)"
        },
        {
            "index":89,
            "아파트명":"백운우방아이유쉘",
            "투자타입":"일반",
            "전용면적(m2)":"112.53",
            "전용면적(평)":"34평",
            "법정동주소":"광주시 남구 백운동 696",
            "도로명주소":"광주시 남구 독립로 70-1",
            "세대수":30,
            "입주년차":80,
            "용적률점수":"--",
            "건폐율점수":"--",
            "세대당주차수":30,
            "난방방식":30,
            "공급면적":"--",
            "전용률":"--",
            "욕실수":100,
            "현관타입":100,
            "주거총점":54.0,
            "지역구공급총점":100.0,
            "역세권":"NA",
            "30분내 이동가능 거점":"NA",
            "1시간내 이동가능 거점":"NA",
            "교통총점":"NA",
            "백화점":100,
            "아울렛몰":80,
            "대형마트":0,
            "은행":0,
            "병원":60,
            "종합병원":100,
            "공원":0,
            "혐오시설":0,
            "인프라총점":64.0,
            "초등학군":82.34,
            "중학군":35.94,
            "학군총점":45.22,
            "인구수":23.61,
            "인구증감":-2.33,
            "인구총점":15.828,
            "일자리":8.1,
            "소득수준":50.26,
            "일자리총점":20.748,
            "가치 총점":55.805,
            "매매실거래년":20211116.0,
            "매매실거래가":46000.0,
            "전세실거래년":20220103.0,
            "전세실거래가":29000.0,
            "전세가율":63.04,
            "장기전세가율평균":75.74,
            "전세가율거품지수":12.7,
            "검색코드":104981,
            "세대수":303,
            "준공년월":"2014-05-07",
            "준공년차":9,
            "가까운역이름":"NA",
            "가까운역거리":"NA",
            "역세권여부":"NA",
            "30분이내주요거점역":"NA",
            "1시간이내주요거점역":"NA",
            "3km이내백화점수":1,
            "5km이내아울렛몰수":1,
            "1km이내대형먀트수":0,
            "500m이내은행수":0,
            "500m이내병원수":14,
            "5km이내대형병원수":13,
            "500m이내공원수":0,
            "3km이내혐오시설수":0,
            "초등학교학업성취도":82.34,
            "중학교학업성취도":59.9,
            "용적률":163,
            "건폐율":20,
            "Y":35.139221,
            "X":126.903178,
            "rank":28.0,
            "area_info":"34평(112.53), 34평(113.49)",
            "last_sales":"2021-11-16,46000.0,34평(112.53)"
        },
        {
            "index":100,
            "아파트명":"코아루아팰리스힐",
            "투자타입":"일반",
            "전용면적(m2)":"96.68",
            "전용면적(평)":"29평",
            "법정동주소":"광주시 남구 백운동 705",
            "도로명주소":"광주시 남구 대남대로 284-16",
            "세대수":0,
            "입주년차":100,
            "용적률점수":"--",
            "건폐율점수":"--",
            "세대당주차수":30,
            "난방방식":30,
            "공급면적":"--",
            "전용률":"--",
            "욕실수":100,
            "현관타입":100,
            "주거총점":47.5,
            "지역구공급총점":100.0,
            "역세권":"NA",
            "30분내 이동가능 거점":"NA",
            "1시간내 이동가능 거점":"NA",
            "교통총점":"NA",
            "백화점":100,
            "아울렛몰":80,
            "대형마트":0,
            "은행":20,
            "병원":60,
            "종합병원":100,
            "공원":100,
            "혐오시설":0,
            "인프라총점":69.0,
            "초등학군":82.34,
            "중학군":35.94,
            "학군총점":45.22,
            "인구수":23.61,
            "인구증감":-2.33,
            "인구총점":15.828,
            "일자리":8.1,
            "소득수준":50.26,
            "일자리총점":20.748,
            "가치 총점":55.53,
            "매매실거래년":20210203.0,
            "매매실거래가":35600.0,
            "전세실거래년":null,
            "전세실거래가":null,
            "전세가율":null,
            "장기전세가율평균":75.74,
            "전세가율거품지수":null,
            "검색코드":122933,
            "세대수":197,
            "준공년월":"2020-11-27",
            "준공년차":3,
            "가까운역이름":"NA",
            "가까운역거리":"NA",
            "역세권여부":"NA",
            "30분이내주요거점역":"NA",
            "1시간이내주요거점역":"NA",
            "3km이내백화점수":2,
            "5km이내아울렛몰수":1,
            "1km이내대형먀트수":0,
            "500m이내은행수":2,
            "500m이내병원수":22,
            "5km이내대형병원수":13,
            "500m이내공원수":7,
            "3km이내혐오시설수":0,
            "초등학교학업성취도":82.34,
            "중학교학업성취도":59.9,
            "용적률":216,
            "건폐율":17,
            "Y":35.137521,
            "X":126.898045,
            "rank":29.0,
            "area_info":"29평(96.68), 29평(96.74), 29평(97.33)",
            "last_sales":"2021-02-03,35600.0,29평(96.74)"
        },
        {
            "index":281,
            "아파트명":"신우",
            "투자타입":"재건축",
            "전용면적(m2)":"89.17",
            "전용면적(평)":"26평",
            "법정동주소":"광주시 남구 월산동 110-5",
            "도로명주소":"광주시 남구 대남대로294번길 7",
            "세대수":30,
            "입주년차":"--",
            "용적률점수":60,
            "건폐율점수":40,
            "세대당주차수":"--",
            "난방방식":"--",
            "공급면적":70,
            "전용률":80,
            "욕실수":"--",
            "현관타입":"--",
            "주거총점":48.5,
            "지역구공급총점":100.0,
            "역세권":"NA",
            "30분내 이동가능 거점":"NA",
            "1시간내 이동가능 거점":"NA",
            "교통총점":"NA",
            "백화점":100,
            "아울렛몰":80,
            "대형마트":0,
            "은행":0,
            "병원":60,
            "종합병원":100,
            "공원":100,
            "혐오시설":0,
            "인프라총점":67.0,
            "초등학군":82.34,
            "중학군":37.9,
            "학군총점":46.788,
            "인구수":23.61,
            "인구증감":-2.33,
            "인구총점":15.828,
            "일자리":8.1,
            "소득수준":50.26,
            "일자리총점":20.748,
            "가치 총점":55.472,
            "매매실거래년":20211230.0,
            "매매실거래가":28000.0,
            "전세실거래년":20210515.0,
            "전세실거래가":7000.0,
            "전세가율":31.11,
            "장기전세가율평균":75.74,
            "전세가율거품지수":44.63,
            "검색코드":4415,
            "세대수":370,
            "준공년월":"1978-12-01",
            "준공년차":45,
            "가까운역이름":"NA",
            "가까운역거리":"NA",
            "역세권여부":"NA",
            "30분이내주요거점역":"NA",
            "1시간이내주요거점역":"NA",
            "3km이내백화점수":2,
            "5km이내아울렛몰수":1,
            "1km이내대형먀트수":0,
            "500m이내은행수":1,
            "500m이내병원수":21,
            "5km이내대형병원수":12,
            "500m이내공원수":7,
            "3km이내혐오시설수":0,
            "초등학교학업성취도":82.34,
            "중학교학업성취도":62.7,
            "용적률":197,
            "건폐율":36,
            "Y":35.139409,
            "X":126.897019,
            "rank":30.0,
            "area_info":"26평(89.17), 27평(91.34)",
            "last_sales":"2021-12-30,28000.0,27평(91.34)"
        },
        {
            "index":133,
            "아파트명":"라인광장2,3차",
            "투자타입":"재건축",
            "전용면적(m2)":"43.02",
            "전용면적(평)":"13평",
            "법정동주소":"광주시 남구 봉선동 985",
            "도로명주소":"광주시 남구 봉선중앙로 103",
            "세대수":50,
            "입주년차":"--",
            "용적률점수":0,
            "건폐율점수":80,
            "세대당주차수":"--",
            "난방방식":"--",
            "공급면적":50,
            "전용률":60,
            "욕실수":"--",
            "현관타입":"--",
            "주거총점":36.5,
            "지역구공급총점":100.0,
            "역세권":"NA",
            "30분내 이동가능 거점":"NA",
            "1시간내 이동가능 거점":"NA",
            "교통총점":"NA",
            "백화점":100,
            "아울렛몰":80,
            "대형마트":0,
            "은행":20,
            "병원":80,
            "종합병원":100,
            "공원":100,
            "혐오시설":0,
            "인프라총점":71.0,
            "초등학군":89.16,
            "중학군":49.12,
            "학군총점":57.128,
            "인구수":23.61,
            "인구증감":-2.33,
            "인구총점":15.828,
            "일자리":8.1,
            "소득수준":50.26,
            "일자리총점":20.748,
            "가치 총점":55.457,
            "매매실거래년":"18000101",
            "매매실거래가":null,
            "전세실거래년":null,
            "전세실거래가":null,
            "전세가율":null,
            "장기전세가율평균":75.74,
            "전세가율거품지수":null,
            "검색코드":4597,
            "세대수":411,
            "준공년월":"1987-11-20",
            "준공년차":36,
            "가까운역이름":"NA",
            "가까운역거리":"NA",
            "역세권여부":"NA",
            "30분이내주요거점역":"NA",
            "1시간이내주요거점역":"NA",
            "3km이내백화점수":1,
            "5km이내아울렛몰수":1,
            "1km이내대형먀트수":0,
            "500m이내은행수":2,
            "500m이내병원수":34,
            "5km이내대형병원수":12,
            "500m이내공원수":10,
            "3km이내혐오시설수":0,
            "초등학교학업성취도":89.16,
            "중학교학업성취도":81.4,
            "용적률":270,
            "건폐율":26,
            "Y":35.12962,
            "X":126.909988,
            "rank":31.0,
            "area_info":"13평(43.02), 17평(56.63), 24평(79.68), 24평(80.89), 24평(82.55), 24평(82.38)",
            "last_sales":"1800-01-01,nan,13평(43.02)"
        },
        {
            "index":108,
            "아파트명":"금호타운1차",
            "투자타입":"일반",
            "전용면적(m2)":"101.79",
            "전용면적(평)":"30평",
            "법정동주소":"광주시 남구 봉선동 469-5",
            "도로명주소":"광주시 남구 봉선로133번길 4",
            "세대수":50,
            "입주년차":0,
            "용적률점수":"--",
            "건폐율점수":"--",
            "세대당주차수":30,
            "난방방식":30,
            "공급면적":"--",
            "전용률":"--",
            "욕실수":100,
            "현관타입":100,
            "주거총점":45.0,
            "지역구공급총점":100.0,
            "역세권":"NA",
            "30분내 이동가능 거점":"NA",
            "1시간내 이동가능 거점":"NA",
            "교통총점":"NA",
            "백화점":0,
            "아울렛몰":80,
            "대형마트":80,
            "은행":100,
            "병원":80,
            "종합병원":100,
            "공원":100,
            "혐오시설":0,
            "인프라총점":61.0,
            "초등학군":98.84,
            "중학군":49.12,
            "학군총점":59.064,
            "인구수":23.61,
            "인구증감":-2.33,
            "인구총점":15.828,
            "일자리":8.1,
            "소득수준":50.26,
            "일자리총점":20.748,
            "가치 총점":54.916,
            "매매실거래년":20220113.0,
            "매매실거래가":51500.0,
            "전세실거래년":20220111.0,
            "전세실거래가":22000.0,
            "전세가율":40.74,
            "장기전세가율평균":75.74,
            "전세가율거품지수":35.0,
            "검색코드":4572,
            "세대수":570,
            "준공년월":"1993-10-29",
            "준공년차":30,
            "가까운역이름":"NA",
            "가까운역거리":"NA",
            "역세권여부":"NA",
            "30분이내주요거점역":"NA",
            "1시간이내주요거점역":"NA",
            "3km이내백화점수":0,
            "5km이내아울렛몰수":1,
            "1km이내대형먀트수":1,
            "500m이내은행수":7,
            "500m이내병원수":37,
            "5km이내대형병원수":10,
            "500m이내공원수":8,
            "3km이내혐오시설수":0,
            "초등학교학업성취도":98.84,
            "중학교학업성취도":81.4,
            "용적률":226,
            "건폐율":17,
            "Y":35.124186,
            "X":126.911147,
            "rank":32.0,
            "area_info":"30평(101.79), 30평(102.31), 43평(144.93), 51평(169.56), 58평(192.4)",
            "last_sales":"2022-01-13,51500.0,30평(102.31)"
        },
        {
            "index":155,
            "아파트명":"모아1단지2차",
            "투자타입":"재건축",
            "전용면적(m2)":"32.92",
            "전용면적(평)":"9평",
            "법정동주소":"광주시 남구 봉선동 984",
            "도로명주소":"광주시 남구 봉선중앙로 115",
            "세대수":30,
            "입주년차":"--",
            "용적률점수":20,
            "건폐율점수":80,
            "세대당주차수":"--",
            "난방방식":"--",
            "공급면적":50,
            "전용률":80,
            "욕실수":"--",
            "현관타입":"--",
            "주거총점":39.5,
            "지역구공급총점":100.0,
            "역세권":"NA",
            "30분내 이동가능 거점":"NA",
            "1시간내 이동가능 거점":"NA",
            "교통총점":"NA",
            "백화점":100,
            "아울렛몰":80,
            "대형마트":0,
            "은행":0,
            "병원":60,
            "종합병원":100,
            "공원":100,
            "혐오시설":0,
            "인프라총점":67.0,
            "초등학군":89.16,
            "중학군":49.12,
            "학군총점":57.128,
            "인구수":23.61,
            "인구증감":-2.33,
            "인구총점":15.828,
            "일자리":8.1,
            "소득수준":50.26,
            "일자리총점":20.748,
            "가치 총점":54.907,
            "매매실거래년":20211230.0,
            "매매실거래가":18500.0,
            "전세실거래년":20210808.0,
            "전세실거래가":5450.0,
            "전세가율":36.09,
            "장기전세가율평균":75.74,
            "전세가율거품지수":39.65,
            "검색코드":4608,
            "세대수":340,
            "준공년월":"1987-09-28",
            "준공년차":36,
            "가까운역이름":"NA",
            "가까운역거리":"NA",
            "역세권여부":"NA",
            "30분이내주요거점역":"NA",
            "1시간이내주요거점역":"NA",
            "3km이내백화점수":1,
            "5km이내아울렛몰수":1,
            "1km이내대형먀트수":0,
            "500m이내은행수":1,
            "500m이내병원수":25,
            "5km이내대형병원수":12,
            "500m이내공원수":10,
            "3km이내혐오시설수":0,
            "초등학교학업성취도":89.16,
            "중학교학업성취도":81.4,
            "용적률":203,
            "건폐율":27,
            "Y":35.131532,
            "X":126.910138,
            "rank":33.0,
            "area_info":"9평(32.92), 16평(56.18), 26평(87.0), 27평(91.58)",
            "last_sales":"2021-12-30,18500.0,16평(56.18)"
        },
        {
            "index":231,
            "아파트명":"주월EG더원3단지",
            "투자타입":"일반",
            "전용면적(m2)":"106.67",
            "전용면적(평)":"32평",
            "법정동주소":"광주시 남구 봉선동 1148",
            "도로명주소":"광주시 남구 봉선로51번길 12",
            "세대수":0,
            "입주년차":60,
            "용적률점수":"--",
            "건폐율점수":"--",
            "세대당주차수":30,
            "난방방식":30,
            "공급면적":"--",
            "전용률":"--",
            "욕실수":100,
            "현관타입":100,
            "주거총점":39.5,
            "지역구공급총점":100.0,
            "역세권":"NA",
            "30분내 이동가능 거점":"NA",
            "1시간내 이동가능 거점":"NA",
            "교통총점":"NA",
            "백화점":100,
            "아울렛몰":80,
            "대형마트":0,
            "은행":0,
            "병원":60,
            "종합병원":100,
            "공원":100,
            "혐오시설":0,
            "인프라총점":67.0,
            "초등학군":88.97,
            "중학군":48.58,
            "학군총점":56.658,
            "인구수":23.61,
            "인구증감":-2.33,
            "인구총점":15.828,
            "일자리":8.1,
            "소득수준":50.26,
            "일자리총점":20.748,
            "가치 총점":54.7895,
            "매매실거래년":20211103.0,
            "매매실거래가":53800.0,
            "전세실거래년":20200219.0,
            "전세실거래가":25000.0,
            "전세가율":46.47,
            "장기전세가율평균":75.74,
            "전세가율거품지수":29.27,
            "검색코드":103524,
            "세대수":115,
            "준공년월":"2012-11-30",
            "준공년차":11,
            "가까운역이름":"NA",
            "가까운역거리":"NA",
            "역세권여부":"NA",
            "30분이내주요거점역":"NA",
            "1시간이내주요거점역":"NA",
            "3km이내백화점수":1,
            "5km이내아울렛몰수":1,
            "1km이내대형먀트수":0,
            "500m이내은행수":1,
            "500m이내병원수":10,
            "5km이내대형병원수":12,
            "500m이내공원수":8,
            "3km이내혐오시설수":0,
            "초등학교학업성취도":88.97,
            "중학교학업성취도":80.1,
            "용적률":196,
            "건폐율":22,
            "Y":35.128451,
            "X":126.905363,
            "rank":34.0,
            "area_info":"32평(106.67)",
            "last_sales":"2021-11-03,53800.0,32평(106.67)"
        },
        {
            "index":200,
            "아파트명":"봉선지웰",
            "투자타입":"일반",
            "전용면적(m2)":"79.24",
            "전용면적(평)":"23평",
            "법정동주소":"광주시 남구 봉선동 1089",
            "도로명주소":"광주시 남구 봉선2로 51-1",
            "세대수":0,
            "입주년차":80,
            "용적률점수":"--",
            "건폐율점수":"--",
            "세대당주차수":30,
            "난방방식":30,
            "공급면적":"--",
            "전용률":"--",
            "욕실수":100,
            "현관타입":100,
            "주거총점":43.5,
            "지역구공급총점":100.0,
            "역세권":"NA",
            "30분내 이동가능 거점":"NA",
            "1시간내 이동가능 거점":"NA",
            "교통총점":"NA",
            "백화점":0,
            "아울렛몰":80,
            "대형마트":80,
            "은행":100,
            "병원":80,
            "종합병원":100,
            "공원":100,
            "혐오시설":0,
            "인프라총점":61.0,
            "초등학군":90.9,
            "중학군":49.12,
            "학군총점":57.476,
            "인구수":23.61,
            "인구증감":-2.33,
            "인구총점":15.828,
            "일자리":8.1,
            "소득수준":50.26,
            "일자리총점":20.748,
            "가치 총점":53.994,
            "매매실거래년":20210603.0,
            "매매실거래가":57500.0,
            "전세실거래년":20211202.0,
            "전세실거래가":25000.0,
            "전세가율":73.1,
            "장기전세가율평균":75.74,
            "전세가율거품지수":2.64,
            "검색코드":107741,
            "세대수":181,
            "준공년월":"2015-09-01",
            "준공년차":8,
            "가까운역이름":"NA",
            "가까운역거리":"NA",
            "역세권여부":"NA",
            "30분이내주요거점역":"NA",
            "1시간이내주요거점역":"NA",
            "3km이내백화점수":0,
            "5km이내아울렛몰수":1,
            "1km이내대형먀트수":1,
            "500m이내은행수":6,
            "500m이내병원수":31,
            "5km이내대형병원수":10,
            "500m이내공원수":8,
            "3km이내혐오시설수":0,
            "초등학교학업성취도":90.9,
            "중학교학업성취도":81.4,
            "용적률":219,
            "건폐율":29,
            "Y":35.126423,
            "X":126.912368,
            "rank":35.0,
            "area_info":"23평(79.24), 33평(110.86), 33평(110.91), 33평(111.71), 33평(111.71), 34평(112.49), 34평(114.49), 34평(114.34), 34평(114.34), 35평(115.84)",
            "last_sales":"2021-06-03,57500.0,35평(115.84)"
        },
        {
            "index":176,
            "아파트명":"무등프라자주월2차",
            "투자타입":"일반",
            "전용면적(m2)":"62.07",
            "전용면적(평)":"18평",
            "법정동주소":"광주시 남구 봉선동 1125-1",
            "도로명주소":"광주시 남구 봉선중앙로131번길 11",
            "세대수":0,
            "입주년차":100,
            "용적률점수":"--",
            "건폐율점수":"--",
            "세대당주차수":0,
            "난방방식":30,
            "공급면적":"--",
            "전용률":"--",
            "욕실수":50,
            "현관타입":100,
            "주거총점":38.0,
            "지역구공급총점":100.0,
            "역세권":"NA",
            "30분내 이동가능 거점":"NA",
            "1시간내 이동가능 거점":"NA",
            "교통총점":"NA",
            "백화점":100,
            "아울렛몰":80,
            "대형마트":0,
            "은행":0,
            "병원":60,
            "종합병원":100,
            "공원":100,
            "혐오시설":0,
            "인프라총점":67.0,
            "초등학군":89.16,
            "중학군":46.58,
            "학군총점":55.096,
            "인구수":23.61,
            "인구증감":-2.33,
            "인구총점":15.828,
            "일자리":8.1,
            "소득수준":50.26,
            "일자리총점":20.748,
            "가치 총점":53.874,
            "매매실거래년":20211127.0,
            "매매실거래가":23800.0,
            "전세실거래년":null,
            "전세실거래가":null,
            "전세가율":null,
            "장기전세가율평균":75.74,
            "전세가율거품지수":null,
            "검색코드":134653,
            "세대수":108,
            "준공년월":"2020-04-16",
            "준공년차":3,
            "가까운역이름":"NA",
            "가까운역거리":"NA",
            "역세권여부":"NA",
            "30분이내주요거점역":"NA",
            "1시간이내주요거점역":"NA",
            "3km이내백화점수":1,
            "5km이내아울렛몰수":1,
            "1km이내대형먀트수":0,
            "500m이내은행수":0,
            "500m이내병원수":22,
            "5km이내대형병원수":12,
            "500m이내공원수":4,
            "3km이내혐오시설수":0,
            "초등학교학업성취도":89.16,
            "중학교학업성취도":76.7,
            "용적률":397,
            "건폐율":56,
            "Y":35.132632,
            "X":126.909453,
            "rank":36.0,
            "area_info":"18평(62.07), 20평(68.03), 33평(109.68)",
            "last_sales":"2021-11-27,23800.0,33평(109.68)"
        },
        {
            "index":210,
            "아파트명":"봉선한국아델리움3차",
            "투자타입":"일반",
            "전용면적(m2)":"122.98",
            "전용면적(평)":"37평",
            "법정동주소":"광주시 남구 봉선동 1085",
            "도로명주소":"광주시 남구 제석로80번길 36",
            "세대수":0,
            "입주년차":80,
            "용적률점수":"--",
            "건폐율점수":"--",
            "세대당주차수":30,
            "난방방식":30,
            "공급면적":"--",
            "전용률":"--",
            "욕실수":100,
            "현관타입":100,
            "주거총점":43.5,
            "지역구공급총점":100.0,
            "역세권":"NA",
            "30분내 이동가능 거점":"NA",
            "1시간내 이동가능 거점":"NA",
            "교통총점":"NA",
            "백화점":0,
            "아울렛몰":80,
            "대형마트":80,
            "은행":70,
            "병원":60,
            "종합병원":100,
            "공원":100,
            "혐오시설":0,
            "인프라총점":56.0,
            "초등학군":98.84,
            "중학군":54.78,
            "학군총점":63.592,
            "인구수":23.61,
            "인구증감":-2.33,
            "인구총점":15.828,
            "일자리":8.1,
            "소득수준":50.26,
            "일자리총점":20.748,
            "가치 총점":53.523,
            "매매실거래년":20211216.0,
            "매매실거래가":94000.0,
            "전세실거래년":20220104.0,
            "전세실거래가":65000.0,
            "전세가율":69.15,
            "장기전세가율평균":75.74,
            "전세가율거품지수":6.59,
            "검색코드":105813,
            "세대수":279,
            "준공년월":"2014-11-19",
            "준공년차":9,
            "가까운역이름":"NA",
            "가까운역거리":"NA",
            "역세권여부":"NA",
            "30분이내주요거점역":"NA",
            "1시간이내주요거점역":"NA",
            "3km이내백화점수":0,
            "5km이내아울렛몰수":1,
            "1km이내대형먀트수":1,
            "500m이내은행수":4,
            "500m이내병원수":14,
            "5km이내대형병원수":9,
            "500m이내공원수":8,
            "3km이내혐오시설수":0,
            "초등학교학업성취도":98.84,
            "중학교학업성취도":89.5,
            "용적률":203,
            "건폐율":18,
            "Y":35.120244,
            "X":126.910903,
            "rank":37.0,
            "area_info":"37평(122.98), 37평(122.98), 37평(122.78), 37평(122.6), 37평(123.11), 37평(125.3)",
            "last_sales":"2021-12-16,94000.0,37평(122.98)"
        },
        {
            "index":283,
            "아파트명":"월산우방아이유쉘",
            "투자타입":"일반",
            "전용면적(m2)":"115.92",
            "전용면적(평)":"35평",
            "법정동주소":"광주시 남구 월산동 302-2",
            "도로명주소":"광주시 남구 월산로 118",
            "세대수":0,
            "입주년차":80,
            "용적률점수":"--",
            "건폐율점수":"--",
            "세대당주차수":60,
            "난방방식":30,
            "공급면적":"--",
            "전용률":"--",
            "욕실수":100,
            "현관타입":100,
            "주거총점":48.0,
            "지역구공급총점":100.0,
            "역세권":"NA",
            "30분내 이동가능 거점":"NA",
            "1시간내 이동가능 거점":"NA",
            "교통총점":"NA",
            "백화점":100,
            "아울렛몰":80,
            "대형마트":0,
            "은행":0,
            "병원":30,
            "종합병원":100,
            "공원":0,
            "혐오시설":0,
            "인프라총점":61.0,
            "초등학군":88.97,
            "중학군":37.9,
            "학군총점":48.114,
            "인구수":23.61,
            "인구증감":-2.33,
            "인구총점":15.828,
            "일자리":8.1,
            "소득수준":50.26,
            "일자리총점":20.748,
            "가치 총점":53.2285,
            "매매실거래년":20211009.0,
            "매매실거래가":59000.0,
            "전세실거래년":20210723.0,
            "전세실거래가":30000.0,
            "전세가율":63.29,
            "장기전세가율평균":75.74,
            "전세가율거품지수":12.45,
            "검색코드":104982,
            "세대수":281,
            "준공년월":"2014-02-28",
            "준공년차":9,
            "가까운역이름":"NA",
            "가까운역거리":"NA",
            "역세권여부":"NA",
            "30분이내주요거점역":"NA",
            "1시간이내주요거점역":"NA",
            "3km이내백화점수":2,
            "5km이내아울렛몰수":1,
            "1km이내대형먀트수":0,
            "500m이내은행수":0,
            "500m이내병원수":6,
            "5km이내대형병원수":15,
            "500m이내공원수":0,
            "3km이내혐오시설수":0,
            "초등학교학업성취도":88.97,
            "중학교학업성취도":62.7,
            "용적률":197,
            "건폐율":24,
            "Y":35.149113,
            "X":126.897656,
            "rank":38.0,
            "area_info":"35평(115.92), 43평(144.86), 46평(154.85), 67평(223.66)",
            "last_sales":"2021-10-09,59000.0,43평(144.86)"
        },
        {
            "index":484,
            "아파트명":"진월현대1차",
            "투자타입":"재건축",
            "전용면적(m2)":"100.88",
            "전용면적(평)":"30평",
            "법정동주소":"광주시 남구 진월동 481-4",
            "도로명주소":"광주시 남구 서문대로622번길 7",
            "세대수":50,
            "입주년차":"--",
            "용적률점수":60,
            "건폐율점수":100,
            "세대당주차수":"--",
            "난방방식":"--",
            "공급면적":90,
            "전용률":80,
            "욕실수":"--",
            "현관타입":"--",
            "주거총점":67.5,
            "지역구공급총점":100.0,
            "역세권":"NA",
            "30분내 이동가능 거점":"NA",
            "1시간내 이동가능 거점":"NA",
            "교통총점":"NA",
            "백화점":0,
            "아울렛몰":80,
            "대형마트":0,
            "은행":0,
            "병원":60,
            "종합병원":100,
            "공원":100,
            "혐오시설":0,
            "인프라총점":37.0,
            "초등학군":96.84,
            "중학군":49.5,
            "학군총점":58.968,
            "인구수":23.61,
            "인구증감":-2.33,
            "인구총점":15.828,
            "일자리":8.1,
            "소득수준":50.26,
            "일자리총점":20.748,
            "가치 총점":53.167,
            "매매실거래년":20211120.0,
            "매매실거래가":45000.0,
            "전세실거래년":20200222.0,
            "전세실거래가":15000.0,
            "전세가율":100.0,
            "장기전세가율평균":75.74,
            "전세가율거품지수":-24.26,
            "검색코드":4469,
            "세대수":450,
            "준공년월":"1990-07-18",
            "준공년차":33,
            "가까운역이름":"NA",
            "가까운역거리":"NA",
            "역세권여부":"NA",
            "30분이내주요거점역":"NA",
            "1시간이내주요거점역":"NA",
            "3km이내백화점수":0,
            "5km이내아울렛몰수":1,
            "1km이내대형먀트수":0,
            "500m이내은행수":1,
            "500m이내병원수":25,
            "5km이내대형병원수":10,
            "500m이내공원수":4,
            "3km이내혐오시설수":0,
            "초등학교학업성취도":96.84,
            "중학교학업성취도":82.5,
            "용적률":194,
            "건폐율":16,
            "Y":35.116052,
            "X":126.898815,
            "rank":39.0,
            "area_info":"30평(100.88), 30평(100.86), 30평(100.74), 38평(128.59), 45평(151.93)",
            "last_sales":"2021-11-20,45000.0,45평(151.93)"
        },
        {
            "index":299,
            "아파트명":"효천1지구중흥S-클래스에코파크",
            "투자타입":"일반",
            "전용면적(m2)":"109.45",
            "전용면적(평)":"33평",
            "법정동주소":"광주시 남구 임암동 855",
            "도로명주소":"광주시 남구 효천3로 110",
            "세대수":50,
            "입주년차":100,
            "용적률점수":"--",
            "건폐율점수":"--",
            "세대당주차수":60,
            "난방방식":30,
            "공급면적":"--",
            "전용률":"--",
            "욕실수":100,
            "현관타입":100,
            "주거총점":69.5,
            "지역구공급총점":100.0,
            "역세권":"NA",
            "30분내 이동가능 거점":"NA",
            "1시간내 이동가능 거점":"NA",
            "교통총점":"NA",
            "백화점":0,
            "아울렛몰":80,
            "대형마트":0,
            "은행":0,
            "병원":30,
            "종합병원":100,
            "공원":100,
            "혐오시설":-50,
            "인프라총점":33.0,
            "초등학군":96.06,
            "중학군":54.0,
            "학군총점":62.412,
            "인구수":23.61,
            "인구증감":-2.33,
            "인구총점":15.828,
            "일자리":8.1,
            "소득수준":50.26,
            "일자리총점":20.748,
            "가치 총점":53.128,
            "매매실거래년":20211122.0,
            "매매실거래가":63900.0,
            "전세실거래년":20211125.0,
            "전세실거래가":35000.0,
            "전세가율":59.32,
            "장기전세가율평균":75.74,
            "전세가율거품지수":16.42,
            "검색코드":115510,
            "세대수":695,
            "준공년월":"2019-01-01",
            "준공년차":4,
            "가까운역이름":"NA",
            "가까운역거리":"NA",
            "역세권여부":"NA",
            "30분이내주요거점역":"NA",
            "1시간이내주요거점역":"NA",
            "3km이내백화점수":0,
            "5km이내아울렛몰수":1,
            "1km이내대형먀트수":0,
            "500m이내은행수":0,
            "500m이내병원수":6,
            "5km이내대형병원수":6,
            "500m이내공원수":12,
            "3km이내혐오시설수":1,
            "초등학교학업성취도":96.06,
            "중학교학업성취도":87.6,
            "용적률":0,
            "건폐율":0,
            "Y":35.103711,
            "X":126.875158,
            "rank":40.0,
            "area_info":"33평(109.45), 33평(111.91)",
            "last_sales":"2021-11-22,63900.0,33평(111.91)"
        },
        {
            "index":130,
            "아파트명":"라인광장1차",
            "투자타입":"재건축",
            "전용면적(m2)":"36.76",
            "전용면적(평)":"11평",
            "법정동주소":"광주시 남구 봉선동 985",
            "도로명주소":"광주시 남구 봉선중앙로 103",
            "세대수":30,
            "입주년차":"--",
            "용적률점수":0,
            "건폐율점수":80,
            "세대당주차수":"--",
            "난방방식":"--",
            "공급면적":50,
            "전용률":80,
            "욕실수":"--",
            "현관타입":"--",
            "주거총점":31.5,
            "지역구공급총점":100.0,
            "역세권":"NA",
            "30분내 이동가능 거점":"NA",
            "1시간내 이동가능 거점":"NA",
            "교통총점":"NA",
            "백화점":100,
            "아울렛몰":80,
            "대형마트":0,
            "은행":20,
            "병원":60,
            "종합병원":100,
            "공원":100,
            "혐오시설":0,
            "인프라총점":69.0,
            "초등학군":89.16,
            "중학군":49.12,
            "학군총점":57.128,
            "인구수":23.61,
            "인구증감":-2.33,
            "인구총점":15.828,
            "일자리":8.1,
            "소득수준":50.26,
            "일자리총점":20.748,
            "가치 총점":52.907,
            "매매실거래년":20211210.0,
            "매매실거래가":21600.0,
            "전세실거래년":20220113.0,
            "전세실거래가":7000.0,
            "전세가율":52.24,
            "장기전세가율평균":75.74,
            "전세가율거품지수":23.5,
            "검색코드":4591,
            "세대수":385,
            "준공년월":"1987-01-28",
            "준공년차":36,
            "가까운역이름":"NA",
            "가까운역거리":"NA",
            "역세권여부":"NA",
            "30분이내주요거점역":"NA",
            "1시간이내주요거점역":"NA",
            "3km이내백화점수":1,
            "5km이내아울렛몰수":1,
            "1km이내대형먀트수":0,
            "500m이내은행수":2,
            "500m이내병원수":27,
            "5km이내대형병원수":12,
            "500m이내공원수":10,
            "3km이내혐오시설수":0,
            "초등학교학업성취도":89.16,
            "중학교학업성취도":81.4,
            "용적률":226,
            "건폐율":28,
            "Y":35.130196,
            "X":126.90997,
            "rank":41.0,
            "area_info":"11평(36.76), 21평(70.54), 21평(70.15)",
            "last_sales":"2021-12-10,21600.0,21평(70.15)"
        },
        {
            "index":113,
            "아파트명":"금호타운2차",
            "투자타입":"일반",
            "전용면적(m2)":"102.85",
            "전용면적(평)":"31평",
            "법정동주소":"광주시 남구 봉선동 490-1",
            "도로명주소":"광주시 남구 봉선로 134",
            "세대수":50,
            "입주년차":0,
            "용적률점수":"--",
            "건폐율점수":"--",
            "세대당주차수":0,
            "난방방식":30,
            "공급면적":"--",
            "전용률":"--",
            "욕실수":100,
            "현관타입":100,
            "주거총점":40.5,
            "지역구공급총점":100.0,
            "역세권":"NA",
            "30분내 이동가능 거점":"NA",
            "1시간내 이동가능 거점":"NA",
            "교통총점":"NA",
            "백화점":0,
            "아울렛몰":80,
            "대형마트":80,
            "은행":70,
            "병원":60,
            "종합병원":100,
            "공원":100,
            "혐오시설":0,
            "인프라총점":56.0,
            "초등학군":98.84,
            "중학군":54.78,
            "학군총점":63.592,
            "인구수":23.61,
            "인구증감":-2.33,
            "인구총점":15.828,
            "일자리":8.1,
            "소득수준":50.26,
            "일자리총점":20.748,
            "가치 총점":52.473,
            "매매실거래년":20211206.0,
            "매매실거래가":60000.0,
            "전세실거래년":20211228.0,
            "전세실거래가":24000.0,
            "전세가율":36.92,
            "장기전세가율평균":75.74,
            "전세가율거품지수":38.82,
            "검색코드":4673,
            "세대수":602,
            "준공년월":"1995-06-16",
            "준공년차":28,
            "가까운역이름":"NA",
            "가까운역거리":"NA",
            "역세권여부":"NA",
            "30분이내주요거점역":"NA",
            "1시간이내주요거점역":"NA",
            "3km이내백화점수":0,
            "5km이내아울렛몰수":1,
            "1km이내대형먀트수":1,
            "500m이내은행수":4,
            "500m이내병원수":26,
            "5km이내대형병원수":11,
            "500m이내공원수":6,
            "3km이내혐오시설수":0,
            "초등학교학업성취도":98.84,
            "중학교학업성취도":89.5,
            "용적률":211,
            "건폐율":17,
            "Y":35.122827,
            "X":126.909388,
            "rank":42.0,
            "area_info":"31평(102.85), 31평(103.47), 43평(142.28), 51평(170.46), 58평(192.27)",
            "last_sales":"2021-12-06,60000.0,31평(103.47)"
        },
        {
            "index":301,
            "아파트명":"효천1지구중흥에스클래스리버티(민간임대)",
            "투자타입":"일반",
            "전용면적(m2)":"81.3",
            "전용면적(평)":"24평",
            "법정동주소":"광주시 남구 임암동 730",
            "도로명주소":"광주시 남구 효천중앙로 21",
            "세대수":50,
            "입주년차":100,
            "용적률점수":"--",
            "건폐율점수":"--",
            "세대당주차수":30,
            "난방방식":30,
            "공급면적":"--",
            "전용률":"--",
            "욕실수":100,
            "현관타입":100,
            "주거총점":65.0,
            "지역구공급총점":100.0,
            "역세권":"NA",
            "30분내 이동가능 거점":"NA",
            "1시간내 이동가능 거점":"NA",
            "교통총점":"NA",
            "백화점":0,
            "아울렛몰":80,
            "대형마트":0,
            "은행":0,
            "병원":30,
            "종합병원":100,
            "공원":100,
            "혐오시설":0,
            "인프라총점":34.0,
            "초등학군":96.06,
            "중학군":54.0,
            "학군총점":62.412,
            "인구수":23.61,
            "인구증감":-2.33,
            "인구총점":15.828,
            "일자리":8.1,
            "소득수준":50.26,
            "일자리총점":20.748,
            "가치 총점":51.953,
            "매매실거래년":"18000101",
            "매매실거래가":null,
            "전세실거래년":20191021.0,
            "전세실거래가":5000.0,
            "전세가율":null,
            "장기전세가율평균":75.74,
            "전세가율거품지수":null,
            "검색코드":136712,
            "세대수":610,
            "준공년월":"2019-09-11",
            "준공년차":4,
            "가까운역이름":"NA",
            "가까운역거리":"NA",
            "역세권여부":"NA",
            "30분이내주요거점역":"NA",
            "1시간이내주요거점역":"NA",
            "3km이내백화점수":0,
            "5km이내아울렛몰수":1,
            "1km이내대형먀트수":0,
            "500m이내은행수":0,
            "500m이내병원수":6,
            "5km이내대형병원수":5,
            "500m이내공원수":6,
            "3km이내혐오시설수":0,
            "초등학교학업성취도":96.06,
            "중학교학업성취도":87.6,
            "용적률":179,
            "건폐율":17,
            "Y":35.10392,
            "X":126.871613,
            "rank":43.0,
            "area_info":"24평(81.3), 24평(81.73), 24평(81.8), 25평(82.97), 24평(82.47)",
            "last_sales":"1800-01-01,nan,24평(81.3)"
        },
        {
            "index":166,
            "아파트명":"무등파크맨션2차",
            "투자타입":"재건축",
            "전용면적(m2)":"103.82",
            "전용면적(평)":"31평",
            "법정동주소":"광주시 남구 봉선동 127-15",
            "도로명주소":"광주시 남구 봉선2로 96-14",
            "세대수":80,
            "입주년차":"--",
            "용적률점수":0,
            "건폐율점수":0,
            "세대당주차수":"--",
            "난방방식":"--",
            "공급면적":90,
            "전용률":80,
            "욕실수":"--",
            "현관타입":"--",
            "주거총점":32.5,
            "지역구공급총점":100.0,
            "역세권":"NA",
            "30분내 이동가능 거점":"NA",
            "1시간내 이동가능 거점":"NA",
            "교통총점":"NA",
            "백화점":0,
            "아울렛몰":80,
            "대형마트":80,
            "은행":100,
            "병원":80,
            "종합병원":100,
            "공원":100,
            "혐오시설":0,
            "인프라총점":61.0,
            "초등학군":90.9,
            "중학군":54.88,
            "학군총점":62.084,
            "인구수":23.61,
            "인구증감":-2.33,
            "인구총점":15.828,
            "일자리":8.1,
            "소득수준":50.26,
            "일자리총점":20.748,
            "가치 총점":51.296,
            "매매실거래년":20211229.0,
            "매매실거래가":42000.0,
            "전세실거래년":20211225.0,
            "전세실거래가":25000.0,
            "전세가율":59.52,
            "장기전세가율평균":75.74,
            "전세가율거품지수":16.22,
            "검색코드":4632,
            "세대수":803,
            "준공년월":"1992-05-09",
            "준공년차":31,
            "가까운역이름":"NA",
            "가까운역거리":"NA",
            "역세권여부":"NA",
            "30분이내주요거점역":"NA",
            "1시간이내주요거점역":"NA",
            "3km이내백화점수":0,
            "5km이내아울렛몰수":1,
            "1km이내대형먀트수":1,
            "500m이내은행수":6,
            "500m이내병원수":31,
            "5km이내대형병원수":10,
            "500m이내공원수":6,
            "3km이내혐오시설수":0,
            "초등학교학업성취도":90.9,
            "중학교학업성취도":90.6,
            "용적률":0,
            "건폐율":0,
            "Y":35.125051,
            "X":126.916193,
            "rank":44.0,
            "area_info":"31평(103.82), 31평(104.81), 50평(165.85)",
            "last_sales":"2021-12-29,42000.0,31평(103.82)"
        },
        {
            "index":94,
            "아파트명":"송촌파인힐",
            "투자타입":"일반",
            "전용면적(m2)":"105.92",
            "전용면적(평)":"32평",
            "법정동주소":"광주시 남구 백운동 32-1",
            "도로명주소":"광주시 남구 독립로80번길 10",
            "세대수":0,
            "입주년차":20,
            "용적률점수":"--",
            "건폐율점수":"--",
            "세대당주차수":60,
            "난방방식":80,
            "공급면적":"--",
            "전용률":"--",
            "욕실수":100,
            "현관타입":100,
            "주거총점":41.0,
            "지역구공급총점":100.0,
            "역세권":"NA",
            "30분내 이동가능 거점":"NA",
            "1시간내 이동가능 거점":"NA",
            "교통총점":"NA",
            "백화점":100,
            "아울렛몰":80,
            "대형마트":0,
            "은행":0,
            "병원":60,
            "종합병원":100,
            "공원":0,
            "혐오시설":0,
            "인프라총점":64.0,
            "초등학군":82.34,
            "중학군":35.94,
            "학군총점":45.22,
            "인구수":23.61,
            "인구증감":-2.33,
            "인구총점":15.828,
            "일자리":8.1,
            "소득수준":50.26,
            "일자리총점":20.748,
            "가치 총점":51.255,
            "매매실거래년":20210928.0,
            "매매실거래가":23500.0,
            "전세실거래년":20200204.0,
            "전세실거래가":14000.0,
            "전세가율":59.57,
            "장기전세가율평균":75.74,
            "전세가율거품지수":16.17,
            "검색코드":4551,
            "세대수":147,
            "준공년월":"1999-12-28",
            "준공년차":24,
            "가까운역이름":"NA",
            "가까운역거리":"NA",
            "역세권여부":"NA",
            "30분이내주요거점역":"NA",
            "1시간이내주요거점역":"NA",
            "3km이내백화점수":2,
            "5km이내아울렛몰수":1,
            "1km이내대형먀트수":0,
            "500m이내은행수":1,
            "500m이내병원수":15,
            "5km이내대형병원수":13,
            "500m이내공원수":0,
            "3km이내혐오시설수":0,
            "초등학교학업성취도":82.34,
            "중학교학업성취도":59.9,
            "용적률":0,
            "건폐율":0,
            "Y":35.140546,
            "X":126.904212,
            "rank":45.0,
            "area_info":"32평(105.92), 48평(161.46)",
            "last_sales":"2021-09-28,23500.0,32평(105.92)"
        },
        {
            "index":32,
            "아파트명":"라인효친1차",
            "투자타입":"재건축",
            "전용면적(m2)":"74.77",
            "전용면적(평)":"22평",
            "법정동주소":"광주시 남구 방림동 556-1",
            "도로명주소":"광주시 남구 용대로 131",
            "세대수":30,
            "입주년차":"--",
            "용적률점수":0,
            "건폐율점수":0,
            "세대당주차수":"--",
            "난방방식":"--",
            "공급면적":50,
            "전용률":80,
            "욕실수":"--",
            "현관타입":"--",
            "주거총점":15.5,
            "지역구공급총점":100.0,
            "역세권":"NA",
            "30분내 이동가능 거점":"NA",
            "1시간내 이동가능 거점":"NA",
            "교통총점":"NA",
            "백화점":100,
            "아울렛몰":80,
            "대형마트":80,
            "은행":0,
            "병원":60,
            "종합병원":100,
            "공원":100,
            "혐오시설":0,
            "인프라총점":79.0,
            "초등학군":89.16,
            "중학군":48.04,
            "학군총점":56.264,
            "인구수":23.61,
            "인구증감":-2.33,
            "인구총점":15.828,
            "일자리":8.1,
            "소득수준":50.26,
            "일자리총점":20.748,
            "가치 총점":51.091,
            "매매실거래년":20211210.0,
            "매매실거래가":17800.0,
            "전세실거래년":20210821.0,
            "전세실거래가":15000.0,
            "전세가율":111.11,
            "장기전세가율평균":75.74,
            "전세가율거품지수":-35.37,
            "검색코드":15613,
            "세대수":376,
            "준공년월":"1989-05-26",
            "준공년차":34,
            "가까운역이름":"NA",
            "가까운역거리":"NA",
            "역세권여부":"NA",
            "30분이내주요거점역":"NA",
            "1시간이내주요거점역":"NA",
            "3km이내백화점수":1,
            "5km이내아울렛몰수":1,
            "1km이내대형먀트수":1,
            "500m이내은행수":1,
            "500m이내병원수":17,
            "5km이내대형병원수":10,
            "500m이내공원수":8,
            "3km이내혐오시설수":0,
            "초등학교학업성취도":89.16,
            "중학교학업성취도":78.6,
            "용적률":0,
            "건폐율":0,
            "Y":35.128293,
            "X":126.917818,
            "rank":46.0,
            "area_info":"22평(74.77), 24평(81.8)",
            "last_sales":"2021-12-10,17800.0,24평(81.8)"
        },
        {
            "index":339,
            "아파트명":"신영루체빌",
            "투자타입":"일반",
            "전용면적(m2)":"60.7",
            "전용면적(평)":"18평",
            "법정동주소":"광주시 남구 주월동 1152",
            "도로명주소":"광주시 남구 옹정길 49",
            "세대수":0,
            "입주년차":40,
            "용적률점수":"--",
            "건폐율점수":"--",
            "세대당주차수":0,
            "난방방식":30,
            "공급면적":"--",
            "전용률":"--",
            "욕실수":50,
            "현관타입":100,
            "주거총점":26.0,
            "지역구공급총점":100.0,
            "역세권":"NA",
            "30분내 이동가능 거점":"NA",
            "1시간내 이동가능 거점":"NA",
            "교통총점":"NA",
            "백화점":100,
            "아울렛몰":80,
            "대형마트":0,
            "은행":20,
            "병원":60,
            "종합병원":100,
            "공원":100,
            "혐오시설":0,
            "인프라총점":69.0,
            "초등학군":88.97,
            "중학군":48.58,
            "학군총점":56.658,
            "인구수":23.61,
            "인구증감":-2.33,
            "인구총점":15.828,
            "일자리":8.1,
            "소득수준":50.26,
            "일자리총점":20.748,
            "가치 총점":50.8645,
            "매매실거래년":20211229.0,
            "매매실거래가":12350.0,
            "전세실거래년":20210608.0,
            "전세실거래가":9500.0,
            "전세가율":76.92,
            "장기전세가율평균":75.74,
            "전세가율거품지수":-1.18,
            "검색코드":25315,
            "세대수":168,
            "준공년월":"2004-10-08",
            "준공년차":19,
            "가까운역이름":"NA",
            "가까운역거리":"NA",
            "역세권여부":"NA",
            "30분이내주요거점역":"NA",
            "1시간이내주요거점역":"NA",
            "3km이내백화점수":1,
            "5km이내아울렛몰수":1,
            "1km이내대형먀트수":0,
            "500m이내은행수":2,
            "500m이내병원수":26,
            "5km이내대형병원수":12,
            "500m이내공원수":4,
            "3km이내혐오시설수":0,
            "초등학교학업성취도":88.97,
            "중학교학업성취도":80.1,
            "용적률":0,
            "건폐율":0,
            "Y":35.129728,
            "X":126.902043,
            "rank":47.0,
            "area_info":"18평(60.7), 19평(64.19), 35평(118.63)",
            "last_sales":"2021-12-29,12350.0,18평(60.7)"
        },
        {
            "index":347,
            "아파트명":"제석산호반힐하임",
            "투자타입":"일반",
            "전용면적(m2)":"110.41",
            "전용면적(평)":"33평",
            "법정동주소":"광주시 남구 주월동 1303",
            "도로명주소":"광주시 남구 서문대로 780",
            "세대수":50,
            "입주년차":80,
            "용적률점수":"--",
            "건폐율점수":"--",
            "세대당주차수":60,
            "난방방식":30,
            "공급면적":"--",
            "전용률":"--",
            "욕실수":100,
            "현관타입":100,
            "주거총점":65.5,
            "지역구공급총점":100.0,
            "역세권":"NA",
            "30분내 이동가능 거점":"NA",
            "1시간내 이동가능 거점":"NA",
            "교통총점":"NA",
            "백화점":0,
            "아울렛몰":80,
            "대형마트":0,
            "은행":0,
            "병원":60,
            "종합병원":100,
            "공원":0,
            "혐오시설":0,
            "인프라총점":34.0,
            "초등학군":90.81,
            "중학군":48.58,
            "학군총점":57.026,
            "인구수":23.61,
            "인구증감":-2.33,
            "인구총점":15.828,
            "일자리":8.1,
            "소득수준":50.26,
            "일자리총점":20.748,
            "가치 총점":50.7815,
            "매매실거래년":20220108.0,
            "매매실거래가":52000.0,
            "전세실거래년":20211230.0,
            "전세실거래가":35000.0,
            "전세가율":67.31,
            "장기전세가율평균":75.74,
            "전세가율거품지수":8.43,
            "검색코드":103661,
            "세대수":687,
            "준공년월":"2014-06-03",
            "준공년차":9,
            "가까운역이름":"NA",
            "가까운역거리":"NA",
            "역세권여부":"NA",
            "30분이내주요거점역":"NA",
            "1시간이내주요거점역":"NA",
            "3km이내백화점수":0,
            "5km이내아울렛몰수":1,
            "1km이내대형먀트수":0,
            "500m이내은행수":1,
            "500m이내병원수":14,
            "5km이내대형병원수":13,
            "500m이내공원수":0,
            "3km이내혐오시설수":0,
            "초등학교학업성취도":90.81,
            "중학교학업성취도":80.1,
            "용적률":177,
            "건폐율":15,
            "Y":35.128086,
            "X":126.899257,
            "rank":48.0,
            "area_info":"33평(110.41), 33평(110.54), 33평(110.44)",
            "last_sales":"2022-01-08,52000.0,33평(110.41)"
        },
        {
            "index":184,
            "아파트명":"봉선남양휴튼1차",
            "투자타입":"일반",
            "전용면적(m2)":"150.12",
            "전용면적(평)":"45평",
            "법정동주소":"광주시 남구 봉선동 606",
            "도로명주소":"광주시 남구 제석로 99",
            "세대수":0,
            "입주년차":60,
            "용적률점수":"--",
            "건폐율점수":"--",
            "세대당주차수":80,
            "난방방식":30,
            "공급면적":"--",
            "전용률":"--",
            "욕실수":100,
            "현관타입":100,
            "주거총점":47.0,
            "지역구공급총점":100.0,
            "역세권":"NA",
            "30분내 이동가능 거점":"NA",
            "1시간내 이동가능 거점":"NA",
            "교통총점":"NA",
            "백화점":0,
            "아울렛몰":80,
            "대형마트":80,
            "은행":0,
            "병원":60,
            "종합병원":100,
            "공원":100,
            "혐오시설":0,
            "인프라총점":49.0,
            "초등학군":98.84,
            "중학군":48.58,
            "학군총점":58.632,
            "인구수":23.61,
            "인구증감":-2.33,
            "인구총점":15.828,
            "일자리":8.1,
            "소득수준":50.26,
            "일자리총점":20.748,
            "가치 총점":50.708,
            "매매실거래년":20211202.0,
            "매매실거래가":129000.0,
            "전세실거래년":20210902.0,
            "전세실거래가":58000.0,
            "전세가율":46.4,
            "장기전세가율평균":75.74,
            "전세가율거품지수":29.34,
            "검색코드":104503,
            "세대수":200,
            "준공년월":"2009-02-24",
            "준공년차":14,
            "가까운역이름":"NA",
            "가까운역거리":"NA",
            "역세권여부":"NA",
            "30분이내주요거점역":"NA",
            "1시간이내주요거점역":"NA",
            "3km이내백화점수":0,
            "5km이내아울렛몰수":1,
            "1km이내대형먀트수":1,
            "500m이내은행수":0,
            "500m이내병원수":18,
            "5km이내대형병원수":12,
            "500m이내공원수":4,
            "3km이내혐오시설수":0,
            "초등학교학업성취도":98.84,
            "중학교학업성취도":80.1,
            "용적률":238,
            "건폐율":19,
            "Y":35.12401,
            "X":126.906618,
            "rank":49.0,
            "area_info":"45평(150.12), 45평(150.34), 55평(185.11)",
            "last_sales":"2021-12-02,129000.0,55평(185.11)"
        },
        {
            "index":501,
            "아파트명":"광주효천2지구중흥S클래스(S-1블럭)",
            "투자타입":"일반",
            "전용면적(m2)":"109.4",
            "전용면적(평)":"33평",
            "법정동주소":"광주시 남구 행암동 530",
            "도로명주소":"광주시 남구 효우로 332-11",
            "세대수":50,
            "입주년차":80,
            "용적률점수":"--",
            "건폐율점수":"--",
            "세대당주차수":60,
            "난방방식":30,
            "공급면적":"--",
            "전용률":"--",
            "욕실수":100,
            "현관타입":100,
            "주거총점":65.5,
            "지역구공급총점":100.0,
            "역세권":"NA",
            "30분내 이동가능 거점":"NA",
            "1시간내 이동가능 거점":"NA",
            "교통총점":"NA",
            "백화점":0,
            "아울렛몰":80,
            "대형마트":0,
            "은행":0,
            "병원":0,
            "종합병원":100,
            "공원":100,
            "혐오시설":0,
            "인프라총점":31.0,
            "초등학군":90.0,
            "중학군":54.0,
            "학군총점":61.2,
            "인구수":23.61,
            "인구증감":-2.33,
            "인구총점":15.828,
            "일자리":8.1,
            "소득수준":50.26,
            "일자리총점":20.748,
            "가치 총점":50.625,
            "매매실거래년":20211029.0,
            "매매실거래가":67000.0,
            "전세실거래년":20211210.0,
            "전세실거래가":34000.0,
            "전세가율":69.67,
            "장기전세가율평균":75.74,
            "전세가율거품지수":6.07,
            "검색코드":106555,
            "세대수":662,
            "준공년월":"2015-07-10",
            "준공년차":8,
            "가까운역이름":"NA",
            "가까운역거리":"NA",
            "역세권여부":"NA",
            "30분이내주요거점역":"NA",
            "1시간이내주요거점역":"NA",
            "3km이내백화점수":0,
            "5km이내아울렛몰수":1,
            "1km이내대형먀트수":0,
            "500m이내은행수":0,
            "500m이내병원수":0,
            "5km이내대형병원수":6,
            "500m이내공원수":8,
            "3km이내혐오시설수":0,
            "초등학교학업성취도":90.0,
            "중학교학업성취도":87.6,
            "용적률":198,
            "건폐율":17,
            "Y":35.099707,
            "X":126.880762,
            "rank":50.0,
            "area_info":"33평(109.4), 33평(110.01), 42평(139.62)",
            "last_sales":"2021-10-29,67000.0,42평(139.62)"
        },
        {
            "index":169,
            "아파트명":"무등파크맨션3차1단지",
            "투자타입":"재건축",
            "전용면적(m2)":"74.08",
            "전용면적(평)":"22평",
            "법정동주소":"광주시 남구 봉선동 23-3",
            "도로명주소":"광주시 남구 용대로 90-1",
            "세대수":50,
            "입주년차":"--",
            "용적률점수":0,
            "건폐율점수":100,
            "세대당주차수":"--",
            "난방방식":"--",
            "공급면적":50,
            "전용률":80,
            "욕실수":"--",
            "현관타입":"--",
            "주거총점":41.5,
            "지역구공급총점":100.0,
            "역세권":"NA",
            "30분내 이동가능 거점":"NA",
            "1시간내 이동가능 거점":"NA",
            "교통총점":"NA",
            "백화점":0,
            "아울렛몰":80,
            "대형마트":80,
            "은행":20,
            "병원":60,
            "종합병원":100,
            "공원":100,
            "혐오시설":0,
            "인프라총점":51.0,
            "초등학군":90.9,
            "중학군":54.88,
            "학군총점":62.084,
            "인구수":23.61,
            "인구증감":-2.33,
            "인구총점":15.828,
            "일자리":8.1,
            "소득수준":50.26,
            "일자리총점":20.748,
            "가치 총점":50.446,
            "매매실거래년":20211129.0,
            "매매실거래가":20000.0,
            "전세실거래년":20210728.0,
            "전세실거래가":12800.0,
            "전세가율":81.01,
            "장기전세가율평균":75.74,
            "전세가율거품지수":-5.27,
            "검색코드":15642,
            "세대수":556,
            "준공년월":"1992-12-04",
            "준공년차":31,
            "가까운역이름":"NA",
            "가까운역거리":"NA",
            "역세권여부":"NA",
            "30분이내주요거점역":"NA",
            "1시간이내주요거점역":"NA",
            "3km이내백화점수":0,
            "5km이내아울렛몰수":1,
            "1km이내대형먀트수":1,
            "500m이내은행수":2,
            "500m이내병원수":15,
            "5km이내대형병원수":9,
            "500m이내공원수":4,
            "3km이내혐오시설수":0,
            "초등학교학업성취도":90.9,
            "중학교학업성취도":90.6,
            "용적률":337,
            "건폐율":19,
            "Y":35.123806,
            "X":126.919051,
            "rank":51.0,
            "area_info":"22평(74.08), 22평(74.33), 31평(105.03)",
            "last_sales":"2021-11-29,20000.0,31평(105.03)"
        },
        {
            "index":412,
            "아파트명":"금광하늘연가",
            "투자타입":"일반",
            "전용면적(m2)":"161.72",
            "전용면적(평)":"48평",
            "법정동주소":"광주시 남구 진월동 392",
            "도로명주소":"광주시 남구 서문대로663번안길 12",
            "세대수":50,
            "입주년차":40,
            "용적률점수":"--",
            "건폐율점수":"--",
            "세대당주차수":80,
            "난방방식":30,
            "공급면적":"--",
            "전용률":"--",
            "욕실수":100,
            "현관타입":100,
            "주거총점":60.5,
            "지역구공급총점":100.0,
            "역세권":"NA",
            "30분내 이동가능 거점":"NA",
            "1시간내 이동가능 거점":"NA",
            "교통총점":"NA",
            "백화점":0,
            "아울렛몰":80,
            "대형마트":0,
            "은행":0,
            "병원":60,
            "종합병원":100,
            "공원":100,
            "혐오시설":0,
            "인프라총점":37.0,
            "초등학군":89.68,
            "중학군":49.5,
            "학군총점":57.536,
            "인구수":23.61,
            "인구증감":-2.33,
            "인구총점":15.828,
            "일자리":8.1,
            "소득수준":50.26,
            "일자리총점":20.748,
            "가치 총점":50.359,
            "매매실거래년":20211127.0,
            "매매실거래가":68700.0,
            "전세실거래년":20210902.0,
            "전세실거래가":48000.0,
            "전세가율":69.87,
            "장기전세가율평균":75.74,
            "전세가율거품지수":5.87,
            "검색코드":19755,
            "세대수":418,
            "준공년월":"2005-12-16",
            "준공년차":18,
            "가까운역이름":"NA",
            "가까운역거리":"NA",
            "역세권여부":"NA",
            "30분이내주요거점역":"NA",
            "1시간이내주요거점역":"NA",
            "3km이내백화점수":0,
            "5km이내아울렛몰수":1,
            "1km이내대형먀트수":0,
            "500m이내은행수":0,
            "500m이내병원수":18,
            "5km이내대형병원수":12,
            "500m이내공원수":4,
            "3km이내혐오시설수":0,
            "초등학교학업성취도":89.68,
            "중학교학업성취도":82.5,
            "용적률":246,
            "건폐율":20,
            "Y":35.116993,
            "X":126.894294,
            "rank":52.0,
            "area_info":"48평(161.72), 60평(200.69)",
            "last_sales":"2021-11-27,68700.0,48평(161.72)"
        },
        {
            "index":511,
            "아파트명":"제일풍경채에듀파크2단지",
            "투자타입":"일반",
            "전용면적(m2)":"94.64",
            "전용면적(평)":"28평",
            "법정동주소":"광주시 남구 행암동 562",
            "도로명주소":"광주시 남구 효우2로 46",
            "세대수":50,
            "입주년차":80,
            "용적률점수":"--",
            "건폐율점수":"--",
            "세대당주차수":30,
            "난방방식":30,
            "공급면적":"--",
            "전용률":"--",
            "욕실수":100,
            "현관타입":100,
            "주거총점":61.0,
            "지역구공급총점":100.0,
            "역세권":"NA",
            "30분내 이동가능 거점":"NA",
            "1시간내 이동가능 거점":"NA",
            "교통총점":"NA",
            "백화점":0,
            "아울렛몰":80,
            "대형마트":0,
            "은행":0,
            "병원":30,
            "종합병원":100,
            "공원":100,
            "혐오시설":0,
            "인프라총점":34.0,
            "초등학군":90.0,
            "중학군":54.0,
            "학군총점":61.2,
            "인구수":23.61,
            "인구증감":-2.33,
            "인구총점":15.828,
            "일자리":8.1,
            "소득수준":50.26,
            "일자리총점":20.748,
            "가치 총점":50.25,
            "매매실거래년":20211230.0,
            "매매실거래가":53200.0,
            "전세실거래년":20210831.0,
            "전세실거래가":28000.0,
            "전세가율":70.0,
            "장기전세가율평균":75.74,
            "전세가율거품지수":5.74,
            "검색코드":106160,
            "세대수":430,
            "준공년월":"2015-02-23",
            "준공년차":8,
            "가까운역이름":"NA",
            "가까운역거리":"NA",
            "역세권여부":"NA",
            "30분이내주요거점역":"NA",
            "1시간이내주요거점역":"NA",
            "3km이내백화점수":0,
            "5km이내아울렛몰수":1,
            "1km이내대형먀트수":0,
            "500m이내은행수":0,
            "500m이내병원수":5,
            "5km이내대형병원수":6,
            "500m이내공원수":6,
            "3km이내혐오시설수":0,
            "초등학교학업성취도":90.0,
            "중학교학업성취도":87.6,
            "용적률":199,
            "건폐율":18,
            "Y":35.101509,
            "X":126.88564,
            "rank":53.0,
            "area_info":"28평(94.64), 33평(109.12)",
            "last_sales":"2021-12-30,53200.0,33평(109.12)"
        },
        {
            "index":7,
            "아파트명":"송화마을휴먼시아6단지",
            "투자타입":"일반",
            "전용면적(m2)":"136.89",
            "전용면적(평)":"41평",
            "법정동주소":"광주시 남구 노대동 835",
            "도로명주소":"광주시 남구 노대실로 49",
            "세대수":50,
            "입주년차":60,
            "용적률점수":"--",
            "건폐율점수":"--",
            "세대당주차수":80,
            "난방방식":30,
            "공급면적":"--",
            "전용률":"--",
            "욕실수":100,
            "현관타입":100,
            "주거총점":64.5,
            "지역구공급총점":100.0,
            "역세권":"NA",
            "30분내 이동가능 거점":"NA",
            "1시간내 이동가능 거점":"NA",
            "교통총점":"NA",
            "백화점":0,
            "아울렛몰":80,
            "대형마트":0,
            "은행":0,
            "병원":30,
            "종합병원":100,
            "공원":100,
            "혐오시설":0,
            "인프라총점":34.0,
            "초등학군":82.7,
            "중학군":49.4,
            "학군총점":56.06,
            "인구수":23.61,
            "인구증감":-2.33,
            "인구총점":15.828,
            "일자리":8.1,
            "소득수준":50.26,
            "일자리총점":20.748,
            "가치 총점":50.19,
            "매매실거래년":20211130.0,
            "매매실거래가":72000.0,
            "전세실거래년":20210517.0,
            "전세실거래가":37000.0,
            "전세가율":62.29,
            "장기전세가율평균":75.74,
            "전세가율거품지수":13.45,
            "검색코드":102195,
            "세대수":404,
            "준공년월":"2010-06-03",
            "준공년차":13,
            "가까운역이름":"NA",
            "가까운역거리":"NA",
            "역세권여부":"NA",
            "30분이내주요거점역":"NA",
            "1시간이내주요거점역":"NA",
            "3km이내백화점수":0,
            "5km이내아울렛몰수":1,
            "1km이내대형먀트수":0,
            "500m이내은행수":1,
            "500m이내병원수":7,
            "5km이내대형병원수":8,
            "500m이내공원수":10,
            "3km이내혐오시설수":0,
            "초등학교학업성취도":82.7,
            "중학교학업성취도":82.0,
            "용적률":150,
            "건폐율":19,
            "Y":35.105351,
            "X":126.907602,
            "rank":54.0,
            "area_info":"41평(136.89), 41평(136.91), 41평(136.89), 41평(136.91), 41평(136.87), 41평(136.87), 41평(136.87), 52평(173.55), 52평(173.4), 52평(173.55), 52평(173.61)",
            "last_sales":"2021-11-30,72000.0,52평(173.55)"
        },
        {
            "index":468,
            "아파트명":"진월풍림",
            "투자타입":"일반",
            "전용면적(m2)":"85.65",
            "전용면적(평)":"25평",
            "법정동주소":"광주시 남구 진월동 499-68",
            "도로명주소":"광주시 남구 화산로31번안길 2",
            "세대수":80,
            "입주년차":20,
            "용적률점수":"--",
            "건폐율점수":"--",
            "세대당주차수":30,
            "난방방식":30,
            "공급면적":"--",
            "전용률":"--",
            "욕실수":100,
            "현관타입":100,
            "주거총점":59.5,
            "지역구공급총점":100.0,
            "역세권":"NA",
            "30분내 이동가능 거점":"NA",
            "1시간내 이동가능 거점":"NA",
            "교통총점":"NA",
            "백화점":0,
            "아울렛몰":80,
            "대형마트":0,
            "은행":0,
            "병원":30,
            "종합병원":100,
            "공원":100,
            "혐오시설":0,
            "인프라총점":34.0,
            "초등학군":96.84,
            "중학군":54.36,
            "학군총점":62.856,
            "인구수":23.61,
            "인구증감":-2.33,
            "인구총점":15.828,
            "일자리":8.1,
            "소득수준":50.26,
            "일자리총점":20.748,
            "가치 총점":50.139,
            "매매실거래년":20220108.0,
            "매매실거래가":16800.0,
            "전세실거래년":20211217.0,
            "전세실거래가":13000.0,
            "전세가율":77.38,
            "장기전세가율평균":75.74,
            "전세가율거품지수":-1.64,
            "검색코드":4519,
            "세대수":716,
            "준공년월":"2000-12-15",
            "준공년차":23,
            "가까운역이름":"NA",
            "가까운역거리":"NA",
            "역세권여부":"NA",
            "30분이내주요거점역":"NA",
            "1시간이내주요거점역":"NA",
            "3km이내백화점수":0,
            "5km이내아울렛몰수":1,
            "1km이내대형먀트수":0,
            "500m이내은행수":0,
            "500m이내병원수":9,
            "5km이내대형병원수":9,
            "500m이내공원수":6,
            "3km이내혐오시설수":0,
            "초등학교학업성취도":96.84,
            "중학교학업성취도":90.6,
            "용적률":259,
            "건폐율":20,
            "Y":35.113847,
            "X":126.899174,
            "rank":55.0,
            "area_info":"25평(85.65), 28평(93.83), 32평(106.02), 39평(132.1), 51평(169.37)",
            "last_sales":"2022-01-08,16800.0,25평(85.65)"
        },
        {
            "index":54,
            "아파트명":"송림",
            "투자타입":"재건축",
            "전용면적(m2)":"39.02",
            "전용면적(평)":"11평",
            "법정동주소":"광주시 남구 방림동 473-5",
            "도로명주소":"광주시 남구 용대로 163",
            "세대수":0,
            "입주년차":"--",
            "용적률점수":0,
            "건폐율점수":0,
            "세대당주차수":"--",
            "난방방식":"--",
            "공급면적":50,
            "전용률":100,
            "욕실수":"--",
            "현관타입":"--",
            "주거총점":7.5,
            "지역구공급총점":100.0,
            "역세권":"NA",
            "30분내 이동가능 거점":"NA",
            "1시간내 이동가능 거점":"NA",
            "교통총점":"NA",
            "백화점":100,
            "아울렛몰":80,
            "대형마트":100,
            "은행":0,
            "병원":60,
            "종합병원":100,
            "공원":100,
            "혐오시설":0,
            "인프라총점":82.0,
            "초등학군":85.05,
            "중학군":49.12,
            "학군총점":56.306,
            "인구수":23.61,
            "인구증감":-2.33,
            "인구총점":15.828,
            "일자리":8.1,
            "소득수준":50.26,
            "일자리총점":20.748,
            "가치 총점":49.5015,
            "매매실거래년":"18000101",
            "매매실거래가":null,
            "전세실거래년":null,
            "전세실거래가":null,
            "전세가율":null,
            "장기전세가율평균":75.74,
            "전세가율거품지수":null,
            "검색코드":15615,
            "세대수":114,
            "준공년월":"1981-09-15",
            "준공년차":42,
            "가까운역이름":"NA",
            "가까운역거리":"NA",
            "역세권여부":"NA",
            "30분이내주요거점역":"NA",
            "1시간이내주요거점역":"NA",
            "3km이내백화점수":1,
            "5km이내아울렛몰수":1,
            "1km이내대형먀트수":2,
            "500m이내은행수":0,
            "500m이내병원수":14,
            "5km이내대형병원수":10,
            "500m이내공원수":9,
            "3km이내혐오시설수":0,
            "초등학교학업성취도":85.05,
            "중학교학업성취도":81.4,
            "용적률":0,
            "건폐율":0,
            "Y":35.130526,
            "X":126.91743,
            "rank":56.0,
            "area_info":"11평(39.02), 13평(44.62), 13평(44.59), 15평(50.97), 16평(54.52), 17평(56.85), 19평(63.06), 20평(67.89), 22평(72.8)",
            "last_sales":"1800-01-01,nan,11평(39.02)"
        },
        {
            "index":504,
            "아파트명":"브라운스톤효천",
            "투자타입":"일반",
            "전용면적(m2)":"98.4",
            "전용면적(평)":"29평",
            "법정동주소":"광주시 남구 행암동 546",
            "도로명주소":"광주시 남구 효우2로 89",
            "세대수":50,
            "입주년차":80,
            "용적률점수":"--",
            "건폐율점수":"--",
            "세대당주차수":30,
            "난방방식":30,
            "공급면적":"--",
            "전용률":"--",
            "욕실수":100,
            "현관타입":100,
            "주거총점":61.0,
            "지역구공급총점":100.0,
            "역세권":"NA",
            "30분내 이동가능 거점":"NA",
            "1시간내 이동가능 거점":"NA",
            "교통총점":"NA",
            "백화점":0,
            "아울렛몰":80,
            "대형마트":0,
            "은행":0,
            "병원":10,
            "종합병원":100,
            "공원":100,
            "혐오시설":0,
            "인프라총점":32.0,
            "초등학군":90.0,
            "중학군":54.0,
            "학군총점":61.2,
            "인구수":23.61,
            "인구증감":-2.33,
            "인구총점":15.828,
            "일자리":8.1,
            "소득수준":50.26,
            "일자리총점":20.748,
            "가치 총점":49.45,
            "매매실거래년":20211215.0,
            "매매실거래가":35900.0,
            "전세실거래년":20211228.0,
            "전세실거래가":28000.0,
            "전세가율":77.99,
            "장기전세가율평균":75.74,
            "전세가율거품지수":-2.25,
            "검색코드":109505,
            "세대수":521,
            "준공년월":"2017-07-01",
            "준공년차":6,
            "가까운역이름":"NA",
            "가까운역거리":"NA",
            "역세권여부":"NA",
            "30분이내주요거점역":"NA",
            "1시간이내주요거점역":"NA",
            "3km이내백화점수":0,
            "5km이내아울렛몰수":1,
            "1km이내대형먀트수":0,
            "500m이내은행수":0,
            "500m이내병원수":3,
            "5km이내대형병원수":6,
            "500m이내공원수":6,
            "3km이내혐오시설수":0,
            "초등학교학업성취도":90.0,
            "중학교학업성취도":87.6,
            "용적률":181,
            "건폐율":18,
            "Y":35.098655,
            "X":126.884966,
            "rank":57.0,
            "area_info":"29평(98.4), 29평(98.4), 33평(111.52), 33평(111.53), 33평(111.52)",
            "last_sales":"2021-12-15,35900.0,29평(98.4)"
        },
        {
            "index":516,
            "아파트명":"효천LH천년나무3단지",
            "투자타입":"일반",
            "전용면적(m2)":"97.49",
            "전용면적(평)":"29평",
            "법정동주소":"광주시 남구 행암동 604",
            "도로명주소":"광주시 남구 효우2로 21",
            "세대수":50,
            "입주년차":80,
            "용적률점수":"--",
            "건폐율점수":"--",
            "세대당주차수":30,
            "난방방식":30,
            "공급면적":"--",
            "전용률":"--",
            "욕실수":100,
            "현관타입":100,
            "주거총점":61.0,
            "지역구공급총점":100.0,
            "역세권":"NA",
            "30분내 이동가능 거점":"NA",
            "1시간내 이동가능 거점":"NA",
            "교통총점":"NA",
            "백화점":0,
            "아울렛몰":80,
            "대형마트":0,
            "은행":0,
            "병원":30,
            "종합병원":100,
            "공원":100,
            "혐오시설":0,
            "인프라총점":34.0,
            "초등학군":90.0,
            "중학군":49.4,
            "학군총점":57.52,
            "인구수":23.61,
            "인구증감":-2.33,
            "인구총점":15.828,
            "일자리":8.1,
            "소득수준":50.26,
            "일자리총점":20.748,
            "가치 총점":49.33,
            "매매실거래년":20211026.0,
            "매매실거래가":32000.0,
            "전세실거래년":20211025.0,
            "전세실거래가":25500.0,
            "전세가율":79.69,
            "장기전세가율평균":75.74,
            "전세가율거품지수":-3.95,
            "검색코드":105339,
            "세대수":461,
            "준공년월":"2014-05-09",
            "준공년차":9,
            "가까운역이름":"NA",
            "가까운역거리":"NA",
            "역세권여부":"NA",
            "30분이내주요거점역":"NA",
            "1시간이내주요거점역":"NA",
            "3km이내백화점수":0,
            "5km이내아울렛몰수":1,
            "1km이내대형먀트수":0,
            "500m이내은행수":0,
            "500m이내병원수":6,
            "5km이내대형병원수":6,
            "500m이내공원수":5,
            "3km이내혐오시설수":0,
            "초등학교학업성취도":90.0,
            "중학교학업성취도":82.0,
            "용적률":194,
            "건폐율":18,
            "Y":35.101101,
            "X":126.890275,
            "rank":58.0,
            "area_info":"29평(97.49), 29평(97.5), 33평(110.47), 33평(110.51), 33평(110.3)",
            "last_sales":"2021-10-26,32000.0,29평(97.49)"
        },
        {
            "index":287,
            "아파트명":"월산이스토리",
            "투자타입":"일반",
            "전용면적(m2)":"72.73",
            "전용면적(평)":"22평",
            "법정동주소":"광주시 남구 월산동 1060",
            "도로명주소":"광주시 남구 월산로116번길 20",
            "세대수":0,
            "입주년차":80,
            "용적률점수":"--",
            "건폐율점수":"--",
            "세대당주차수":30,
            "난방방식":30,
            "공급면적":"--",
            "전용률":"--",
            "욕실수":50,
            "현관타입":100,
            "주거총점":38.5,
            "지역구공급총점":100.0,
            "역세권":"NA",
            "30분내 이동가능 거점":"NA",
            "1시간내 이동가능 거점":"NA",
            "교통총점":"NA",
            "백화점":100,
            "아울렛몰":80,
            "대형마트":0,
            "은행":0,
            "병원":10,
            "종합병원":100,
            "공원":0,
            "혐오시설":0,
            "인프라총점":59.0,
            "초등학군":88.97,
            "중학군":37.9,
            "학군총점":48.114,
            "인구수":23.61,
            "인구증감":-2.33,
            "인구총점":15.828,
            "일자리":8.1,
            "소득수준":50.26,
            "일자리총점":20.748,
            "가치 총점":49.1035,
            "매매실거래년":20160711.0,
            "매매실거래가":18210.0,
            "전세실거래년":null,
            "전세실거래가":null,
            "전세가율":null,
            "장기전세가율평균":75.74,
            "전세가율거품지수":null,
            "검색코드":113153,
            "세대수":149,
            "준공년월":"2016-06-23",
            "준공년차":7,
            "가까운역이름":"NA",
            "가까운역거리":"NA",
            "역세권여부":"NA",
            "30분이내주요거점역":"NA",
            "1시간이내주요거점역":"NA",
            "3km이내백화점수":2,
            "5km이내아울렛몰수":1,
            "1km이내대형먀트수":0,
            "500m이내은행수":0,
            "500m이내병원수":4,
            "5km이내대형병원수":15,
            "500m이내공원수":0,
            "3km이내혐오시설수":0,
            "초등학교학업성취도":88.97,
            "중학교학업성취도":62.7,
            "용적률":144,
            "건폐율":38,
            "Y":35.147966,
            "X":126.899329,
            "rank":59.0,
            "area_info":"22평(72.73), 24평(80.38), 24평(81.45), 24평(81.96), 24평(81.57), 24평(82.37), 24평(82.02), 25평(83.07)",
            "last_sales":"2016-07-11,18210.0,24평(80.38)"
        },
        {
            "index":28,
            "아파트명":"금호맨션",
            "투자타입":"일반",
            "전용면적(m2)":"75.67",
            "전용면적(평)":"22평",
            "법정동주소":"광주시 남구 방림동 62-27",
            "도로명주소":"광주시 남구 용대로 180-8",
            "세대수":0,
            "입주년차":0,
            "용적률점수":"--",
            "건폐율점수":"--",
            "세대당주차수":0,
            "난방방식":30,
            "공급면적":"--",
            "전용률":"--",
            "욕실수":50,
            "현관타입":10,
            "주거총점":9.0,
            "지역구공급총점":100.0,
            "역세권":"NA",
            "30분내 이동가능 거점":"NA",
            "1시간내 이동가능 거점":"NA",
            "교통총점":"NA",
            "백화점":100,
            "아울렛몰":80,
            "대형마트":80,
            "은행":0,
            "병원":60,
            "종합병원":100,
            "공원":100,
            "혐오시설":0,
            "인프라총점":79.0,
            "초등학군":85.05,
            "중학군":48.04,
            "학군총점":55.442,
            "인구수":23.61,
            "인구증감":-2.33,
            "인구총점":15.828,
            "일자리":8.1,
            "소득수준":50.26,
            "일자리총점":20.748,
            "가치 총점":48.6105,
            "매매실거래년":20211127.0,
            "매매실거래가":14000.0,
            "전세실거래년":20211117.0,
            "전세실거래가":12000.0,
            "전세가율":85.71,
            "장기전세가율평균":75.74,
            "전세가율거품지수":-9.97,
            "검색코드":4420,
            "세대수":237,
            "준공년월":"1994-07-15",
            "준공년차":29,
            "가까운역이름":"NA",
            "가까운역거리":"NA",
            "역세권여부":"NA",
            "30분이내주요거점역":"NA",
            "1시간이내주요거점역":"NA",
            "3km이내백화점수":1,
            "5km이내아울렛몰수":1,
            "1km이내대형먀트수":1,
            "500m이내은행수":0,
            "500m이내병원수":15,
            "5km이내대형병원수":10,
            "500m이내공원수":6,
            "3km이내혐오시설수":0,
            "초등학교학업성취도":85.05,
            "중학교학업성취도":78.6,
            "용적률":355,
            "건폐율":25,
            "Y":35.131727,
            "X":126.918881,
            "rank":60.0,
            "area_info":"22평(75.67), 32평(107.45), 32평(107.64), 47평(157.4)",
            "last_sales":"2021-11-27,14000.0,22평(75.67)"
        },
        {
            "index":495,
            "아파트명":"한국아델리움",
            "투자타입":"일반",
            "전용면적(m2)":"125.46",
            "전용면적(평)":"37평",
            "법정동주소":"광주시 남구 진월동 514-22",
            "도로명주소":"광주시 남구 서문대로627번길 19",
            "세대수":50,
            "입주년차":40,
            "용적률점수":"--",
            "건폐율점수":"--",
            "세대당주차수":60,
            "난방방식":30,
            "공급면적":"--",
            "전용률":"--",
            "욕실수":100,
            "현관타입":100,
            "주거총점":57.5,
            "지역구공급총점":100.0,
            "역세권":"NA",
            "30분내 이동가능 거점":"NA",
            "1시간내 이동가능 거점":"NA",
            "교통총점":"NA",
            "백화점":0,
            "아울렛몰":80,
            "대형마트":0,
            "은행":0,
            "병원":30,
            "종합병원":100,
            "공원":100,
            "혐오시설":0,
            "인프라총점":34.0,
            "초등학군":96.84,
            "중학군":49.5,
            "학군총점":58.968,
            "인구수":23.61,
            "인구증감":-2.33,
            "인구총점":15.828,
            "일자리":8.1,
            "소득수준":50.26,
            "일자리총점":20.748,
            "가치 총점":48.467,
            "매매실거래년":20211214.0,
            "매매실거래가":59000.0,
            "전세실거래년":20210807.0,
            "전세실거래가":29400.0,
            "전세가율":49.83,
            "장기전세가율평균":75.74,
            "전세가율거품지수":25.91,
            "검색코드":17324,
            "세대수":437,
            "준공년월":"2005-07-28",
            "준공년차":18,
            "가까운역이름":"NA",
            "가까운역거리":"NA",
            "역세권여부":"NA",
            "30분이내주요거점역":"NA",
            "1시간이내주요거점역":"NA",
            "3km이내백화점수":0,
            "5km이내아울렛몰수":1,
            "1km이내대형먀트수":0,
            "500m이내은행수":0,
            "500m이내병원수":6,
            "5km이내대형병원수":9,
            "500m이내공원수":4,
            "3km이내혐오시설수":0,
            "초등학교학업성취도":96.84,
            "중학교학업성취도":82.5,
            "용적률":269,
            "건폐율":18,
            "Y":35.114298,
            "X":126.895273,
            "rank":61.0,
            "area_info":"37평(125.46), 51평(171.59), 61평(204.09)",
            "last_sales":"2021-12-14,59000.0,37평(125.46)"
        },
        {
            "index":389,
            "아파트명":"해태2차",
            "투자타입":"일반",
            "전용면적(m2)":"76.63",
            "전용면적(평)":"23평",
            "법정동주소":"광주시 남구 주월동 29",
            "도로명주소":"광주시 남구 회재로 1201",
            "세대수":0,
            "입주년차":20,
            "용적률점수":"--",
            "건폐율점수":"--",
            "세대당주차수":30,
            "난방방식":30,
            "공급면적":"--",
            "전용률":"--",
            "욕실수":50,
            "현관타입":100,
            "주거총점":26.5,
            "지역구공급총점":100.0,
            "역세권":"NA",
            "30분내 이동가능 거점":"NA",
            "1시간내 이동가능 거점":"NA",
            "교통총점":"NA",
            "백화점":100,
            "아울렛몰":80,
            "대형마트":0,
            "은행":0,
            "병원":30,
            "종합병원":100,
            "공원":100,
            "혐오시설":0,
            "인프라총점":64.0,
            "초등학군":81.04,
            "중학군":47.44,
            "학군총점":54.16,
            "인구수":23.61,
            "인구증감":-2.33,
            "인구총점":15.828,
            "일자리":8.1,
            "소득수준":50.26,
            "일자리총점":20.748,
            "가치 총점":48.415,
            "매매실거래년":20210727.0,
            "매매실거래가":25500.0,
            "전세실거래년":20110714.0,
            "전세실거래가":9000.0,
            "전세가율":59.41,
            "장기전세가율평균":75.74,
            "전세가율거품지수":16.33,
            "검색코드":9916,
            "세대수":157,
            "준공년월":"1999-05-20",
            "준공년차":24,
            "가까운역이름":"NA",
            "가까운역거리":"NA",
            "역세권여부":"NA",
            "30분이내주요거점역":"NA",
            "1시간이내주요거점역":"NA",
            "3km이내백화점수":1,
            "5km이내아울렛몰수":1,
            "1km이내대형먀트수":0,
            "500m이내은행수":1,
            "500m이내병원수":5,
            "5km이내대형병원수":13,
            "500m이내공원수":5,
            "3km이내혐오시설수":0,
            "초등학교학업성취도":81.04,
            "중학교학업성취도":78.6,
            "용적률":257,
            "건폐율":23,
            "Y":35.133067,
            "X":126.892496,
            "rank":62.0,
            "area_info":"23평(76.63), 25평(83.83), 28평(93.68), 38평(128.35)",
            "last_sales":"2021-07-27,25500.0,38평(128.35)"
        },
        {
            "index":18,
            "아파트명":"송화마을휴먼시아7단지",
            "투자타입":"일반",
            "전용면적(m2)":"110.97",
            "전용면적(평)":"33평",
            "법정동주소":"광주시 남구 노대동 871",
            "도로명주소":"광주시 남구 노대실로 89",
            "세대수":50,
            "입주년차":60,
            "용적률점수":"--",
            "건폐율점수":"--",
            "세대당주차수":60,
            "난방방식":30,
            "공급면적":"--",
            "전용률":"--",
            "욕실수":100,
            "현관타입":100,
            "주거총점":61.5,
            "지역구공급총점":100.0,
            "역세권":"NA",
            "30분내 이동가능 거점":"NA",
            "1시간내 이동가능 거점":"NA",
            "교통총점":"NA",
            "백화점":0,
            "아울렛몰":80,
            "대형마트":0,
            "은행":0,
            "병원":10,
            "종합병원":100,
            "공원":100,
            "혐오시설":0,
            "인프라총점":32.0,
            "초등학군":82.7,
            "중학군":49.4,
            "학군총점":56.06,
            "인구수":23.61,
            "인구증감":-2.33,
            "인구총점":15.828,
            "일자리":8.1,
            "소득수준":50.26,
            "일자리총점":20.748,
            "가치 총점":48.34,
            "매매실거래년":20211221.0,
            "매매실거래가":34000.0,
            "전세실거래년":20200616.0,
            "전세실거래가":23000.0,
            "전세가율":60.69,
            "장기전세가율평균":75.74,
            "전세가율거품지수":15.05,
            "검색코드":101920,
            "세대수":530,
            "준공년월":"2010-04-30",
            "준공년차":13,
            "가까운역이름":"NA",
            "가까운역거리":"NA",
            "역세권여부":"NA",
            "30분이내주요거점역":"NA",
            "1시간이내주요거점역":"NA",
            "3km이내백화점수":0,
            "5km이내아울렛몰수":1,
            "1km이내대형먀트수":0,
            "500m이내은행수":1,
            "500m이내병원수":4,
            "5km이내대형병원수":8,
            "500m이내공원수":6,
            "3km이내혐오시설수":0,
            "초등학교학업성취도":82.7,
            "중학교학업성취도":82.0,
            "용적률":154,
            "건폐율":21,
            "Y":35.101731,
            "X":126.904075,
            "rank":63.0,
            "area_info":"33평(110.97), 33평(111.36), 33평(111.24), 33평(111.4), 33평(111.37)",
            "last_sales":"2021-12-21,34000.0,33평(111.24)"
        },
        {
            "index":124,
            "아파트명":"라인2,3차",
            "투자타입":"일반",
            "전용면적(m2)":"78.92",
            "전용면적(평)":"23평",
            "법정동주소":"광주시 남구 봉선동 518",
            "도로명주소":"광주시 남구 제석로80번길 22-10",
            "세대수":30,
            "입주년차":0,
            "용적률점수":"--",
            "건폐율점수":"--",
            "세대당주차수":0,
            "난방방식":30,
            "공급면적":"--",
            "전용률":"--",
            "욕실수":50,
            "현관타입":100,
            "주거총점":28.5,
            "지역구공급총점":100.0,
            "역세권":"NA",
            "30분내 이동가능 거점":"NA",
            "1시간내 이동가능 거점":"NA",
            "교통총점":"NA",
            "백화점":0,
            "아울렛몰":80,
            "대형마트":80,
            "은행":70,
            "병원":60,
            "종합병원":100,
            "공원":100,
            "혐오시설":0,
            "인프라총점":56.0,
            "초등학군":98.84,
            "중학군":54.78,
            "학군총점":63.592,
            "인구수":23.61,
            "인구증감":-2.33,
            "인구총점":15.828,
            "일자리":8.1,
            "소득수준":50.26,
            "일자리총점":20.748,
            "가치 총점":48.273,
            "매매실거래년":20211028.0,
            "매매실거래가":63000.0,
            "전세실거래년":20211206.0,
            "전세실거래가":14700.0,
            "전세가율":46.67,
            "장기전세가율평균":75.74,
            "전세가율거품지수":29.07,
            "검색코드":4587,
            "세대수":358,
            "준공년월":"1997-03-12",
            "준공년차":26,
            "가까운역이름":"NA",
            "가까운역거리":"NA",
            "역세권여부":"NA",
            "30분이내주요거점역":"NA",
            "1시간이내주요거점역":"NA",
            "3km이내백화점수":0,
            "5km이내아울렛몰수":1,
            "1km이내대형먀트수":1,
            "500m이내은행수":3,
            "500m이내병원수":18,
            "5km이내대형병원수":11,
            "500m이내공원수":6,
            "3km이내혐오시설수":0,
            "초등학교학업성취도":98.84,
            "중학교학업성취도":89.5,
            "용적률":0,
            "건폐율":0,
            "Y":35.121019,
            "X":126.908786,
            "rank":64.0,
            "area_info":"23평(78.92), 23평(78.28), 27평(91.89), 32평(107.23), 32평(108.42), 43평(143.96)",
            "last_sales":"2021-10-28,63000.0,43평(143.96)"
        },
        {
            "index":277,
            "아파트명":"덕림제일파크맨션",
            "투자타입":"재건축",
            "전용면적(m2)":"99.66",
            "전용면적(평)":"30평",
            "법정동주소":"광주시 남구 월산동 284",
            "도로명주소":"광주시 남구 월산로132번길 9",
            "세대수":30,
            "입주년차":"--",
            "용적률점수":0,
            "건폐율점수":80,
            "세대당주차수":"--",
            "난방방식":"--",
            "공급면적":90,
            "전용률":80,
            "욕실수":"--",
            "현관타입":"--",
            "주거총점":33.5,
            "지역구공급총점":100.0,
            "역세권":"NA",
            "30분내 이동가능 거점":"NA",
            "1시간내 이동가능 거점":"NA",
            "교통총점":"NA",
            "백화점":100,
            "아울렛몰":80,
            "대형마트":0,
            "은행":0,
            "병원":30,
            "종합병원":100,
            "공원":0,
            "혐오시설":0,
            "인프라총점":61.0,
            "초등학군":88.97,
            "중학군":37.9,
            "학군총점":48.114,
            "인구수":23.61,
            "인구증감":-2.33,
            "인구총점":15.828,
            "일자리":8.1,
            "소득수준":50.26,
            "일자리총점":20.748,
            "가치 총점":48.1535,
            "매매실거래년":20211229.0,
            "매매실거래가":19000.0,
            "전세실거래년":20211116.0,
            "전세실거래가":14000.0,
            "전세가율":83.33,
            "장기전세가율평균":75.74,
            "전세가율거품지수":-7.59,
            "검색코드":4412,
            "세대수":312,
            "준공년월":"1990-03-15",
            "준공년차":33,
            "가까운역이름":"NA",
            "가까운역거리":"NA",
            "역세권여부":"NA",
            "30분이내주요거점역":"NA",
            "1시간이내주요거점역":"NA",
            "3km이내백화점수":2,
            "5km이내아울렛몰수":1,
            "1km이내대형먀트수":0,
            "500m이내은행수":0,
            "500m이내병원수":6,
            "5km이내대형병원수":15,
            "500m이내공원수":0,
            "3km이내혐오시설수":0,
            "초등학교학업성취도":88.97,
            "중학교학업성취도":62.7,
            "용적률":253,
            "건폐율":23,
            "Y":35.15034,
            "X":126.897717,
            "rank":65.0,
            "area_info":"30평(99.66), 32평(105.96)",
            "last_sales":"2021-12-29,19000.0,32평(105.96)"
        },
        {
            "index":27,
            "아파트명":"금원",
            "투자타입":"재건축",
            "전용면적(m2)":"65.56",
            "전용면적(평)":"19평",
            "법정동주소":"광주시 남구 방림동 486-12",
            "도로명주소":"광주시 남구 용대로 149-13",
            "세대수":0,
            "입주년차":"--",
            "용적률점수":0,
            "건폐율점수":0,
            "세대당주차수":"--",
            "난방방식":"--",
            "공급면적":50,
            "전용률":80,
            "욕실수":"--",
            "현관타입":"--",
            "주거총점":6.5,
            "지역구공급총점":100.0,
            "역세권":"NA",
            "30분내 이동가능 거점":"NA",
            "1시간내 이동가능 거점":"NA",
            "교통총점":"NA",
            "백화점":100,
            "아울렛몰":80,
            "대형마트":80,
            "은행":0,
            "병원":60,
            "종합병원":100,
            "공원":100,
            "혐오시설":0,
            "인프라총점":79.0,
            "초등학군":85.05,
            "중학군":49.12,
            "학군총점":56.306,
            "인구수":23.61,
            "인구증감":-2.33,
            "인구총점":15.828,
            "일자리":8.1,
            "소득수준":50.26,
            "일자리총점":20.748,
            "가치 총점":47.9515,
            "매매실거래년":20210720.0,
            "매매실거래가":12500.0,
            "전세실거래년":20210603.0,
            "전세실거래가":4500.0,
            "전세가율":36.0,
            "장기전세가율평균":75.74,
            "전세가율거품지수":39.74,
            "검색코드":4432,
            "세대수":100,
            "준공년월":"1981-09-26",
            "준공년차":42,
            "가까운역이름":"NA",
            "가까운역거리":"NA",
            "역세권여부":"NA",
            "30분이내주요거점역":"NA",
            "1시간이내주요거점역":"NA",
            "3km이내백화점수":1,
            "5km이내아울렛몰수":1,
            "1km이내대형먀트수":1,
            "500m이내은행수":1,
            "500m이내병원수":16,
            "5km이내대형병원수":10,
            "500m이내공원수":9,
            "3km이내혐오시설수":0,
            "초등학교학업성취도":85.05,
            "중학교학업성취도":81.4,
            "용적률":0,
            "건폐율":0,
            "Y":35.12935,
            "X":126.917113,
            "rank":66.0,
            "area_info":"19평(65.56)",
            "last_sales":"2021-07-20,12500.0,19평(65.56)"
        },
        {
            "index":0,
            "아파트명":"송화마을휴먼시아5단지",
            "투자타입":"일반",
            "전용면적(m2)":"99.71",
            "전용면적(평)":"30평",
            "법정동주소":"광주시 남구 노대동 827",
            "도로명주소":"광주시 남구 노대실로 33",
            "세대수":50,
            "입주년차":40,
            "용적률점수":"--",
            "건폐율점수":"--",
            "세대당주차수":60,
            "난방방식":30,
            "공급면적":"--",
            "전용률":"--",
            "욕실수":100,
            "현관타입":100,
            "주거총점":57.5,
            "지역구공급총점":100.0,
            "역세권":"NA",
            "30분내 이동가능 거점":"NA",
            "1시간내 이동가능 거점":"NA",
            "교통총점":"NA",
            "백화점":0,
            "아울렛몰":80,
            "대형마트":0,
            "은행":0,
            "병원":30,
            "종합병원":100,
            "공원":100,
            "혐오시설":0,
            "인프라총점":34.0,
            "초등학군":82.7,
            "중학군":49.4,
            "학군총점":56.06,
            "인구수":23.61,
            "인구증감":-2.33,
            "인구총점":15.828,
            "일자리":8.1,
            "소득수준":50.26,
            "일자리총점":20.748,
            "가치 총점":47.74,
            "매매실거래년":20211209.0,
            "매매실거래가":34500.0,
            "전세실거래년":20211124.0,
            "전세실거래가":16512.0,
            "전세가율":52.09,
            "장기전세가율평균":75.74,
            "전세가율거품지수":23.65,
            "검색코드":100894,
            "세대수":576,
            "준공년월":"2007-12-21",
            "준공년차":16,
            "가까운역이름":"NA",
            "가까운역거리":"NA",
            "역세권여부":"NA",
            "30분이내주요거점역":"NA",
            "1시간이내주요거점역":"NA",
            "3km이내백화점수":0,
            "5km이내아울렛몰수":1,
            "1km이내대형먀트수":0,
            "500m이내은행수":1,
            "500m이내병원수":7,
            "5km이내대형병원수":8,
            "500m이내공원수":8,
            "3km이내혐오시설수":0,
            "초등학교학업성취도":82.7,
            "중학교학업성취도":82.0,
            "용적률":159,
            "건폐율":16,
            "Y":35.106978,
            "X":126.907153,
            "rank":67.0,
            "area_info":"30평(99.71), 30평(99.78), 33평(111.76), 33평(111.38), 33평(111.69), 33평(111.46), 33평(111.67)",
            "last_sales":"2021-12-09,34500.0,33평(111.76)"
        },
        {
            "index":161,
            "아파트명":"모아엘가",
            "투자타입":"일반",
            "전용면적(m2)":"109.36",
            "전용면적(평)":"33평",
            "법정동주소":"광주시 남구 봉선동 31",
            "도로명주소":"광주시 남구 용대로74번길 8",
            "세대수":0,
            "입주년차":40,
            "용적률점수":"--",
            "건폐율점수":"--",
            "세대당주차수":60,
            "난방방식":30,
            "공급면적":"--",
            "전용률":"--",
            "욕실수":100,
            "현관타입":100,
            "주거총점":40.0,
            "지역구공급총점":100.0,
            "역세권":"NA",
            "30분내 이동가능 거점":"NA",
            "1시간내 이동가능 거점":"NA",
            "교통총점":"NA",
            "백화점":0,
            "아울렛몰":80,
            "대형마트":80,
            "은행":0,
            "병원":30,
            "종합병원":100,
            "공원":100,
            "혐오시설":0,
            "인프라총점":46.0,
            "초등학군":87.06,
            "중학군":54.88,
            "학군총점":61.316,
            "인구수":23.61,
            "인구증감":-2.33,
            "인구총점":15.828,
            "일자리":8.1,
            "소득수준":50.26,
            "일자리총점":20.748,
            "가치 총점":47.729,
            "매매실거래년":20211214.0,
            "매매실거래가":74000.0,
            "전세실거래년":20210925.0,
            "전세실거래가":45000.0,
            "전세가율":60.81,
            "장기전세가율평균":75.74,
            "전세가율거품지수":14.93,
            "검색코드":27336,
            "세대수":128,
            "준공년월":"2008-11-14",
            "준공년차":15,
            "가까운역이름":"NA",
            "가까운역거리":"NA",
            "역세권여부":"NA",
            "30분이내주요거점역":"NA",
            "1시간이내주요거점역":"NA",
            "3km이내백화점수":0,
            "5km이내아울렛몰수":1,
            "1km이내대형먀트수":1,
            "500m이내은행수":1,
            "500m이내병원수":6,
            "5km이내대형병원수":9,
            "500m이내공원수":6,
            "3km이내혐오시설수":0,
            "초등학교학업성취도":87.06,
            "중학교학업성취도":90.6,
            "용적률":197,
            "건폐율":19,
            "Y":35.121955,
            "X":126.919712,
            "rank":68.0,
            "area_info":"33평(109.36), 45평(150.89)",
            "last_sales":"2021-12-14,74000.0,33평(109.36)"
        },
        {
            "index":423,
            "아파트명":"브라운스톤진월",
            "투자타입":"일반",
            "전용면적(m2)":"108.67",
            "전용면적(평)":"32평",
            "법정동주소":"광주시 남구 진월동 872",
            "도로명주소":"광주시 남구 서문대로678번길 18",
            "세대수":0,
            "입주년차":80,
            "용적률점수":"--",
            "건폐율점수":"--",
            "세대당주차수":30,
            "난방방식":30,
            "공급면적":"--",
            "전용률":"--",
            "욕실수":100,
            "현관타입":100,
            "주거총점":43.5,
            "지역구공급총점":100.0,
            "역세권":"NA",
            "30분내 이동가능 거점":"NA",
            "1시간내 이동가능 거점":"NA",
            "교통총점":"NA",
            "백화점":0,
            "아울렛몰":80,
            "대형마트":0,
            "은행":20,
            "병원":80,
            "종합병원":100,
            "공원":100,
            "혐오시설":0,
            "인프라총점":41.0,
            "초등학군":95.15,
            "중학군":54.78,
            "학군총점":62.854,
            "인구수":23.61,
            "인구증감":-2.33,
            "인구총점":15.828,
            "일자리":8.1,
            "소득수준":50.26,
            "일자리총점":20.748,
            "가치 총점":47.3385,
            "매매실거래년":20211218.0,
            "매매실거래가":42700.0,
            "전세실거래년":20211014.0,
            "전세실거래가":28350.0,
            "전세가율":66.39,
            "장기전세가율평균":75.74,
            "전세가율거품지수":9.35,
            "검색코드":104902,
            "세대수":201,
            "준공년월":"2014-09-03",
            "준공년차":9,
            "가까운역이름":"NA",
            "가까운역거리":"NA",
            "역세권여부":"NA",
            "30분이내주요거점역":"NA",
            "1시간이내주요거점역":"NA",
            "3km이내백화점수":0,
            "5km이내아울렛몰수":1,
            "1km이내대형먀트수":0,
            "500m이내은행수":2,
            "500m이내병원수":35,
            "5km이내대형병원수":11,
            "500m이내공원수":4,
            "3km이내혐오시설수":0,
            "초등학교학업성취도":95.15,
            "중학교학업성취도":89.5,
            "용적률":249,
            "건폐율":20,
            "Y":35.118284,
            "X":126.901418,
            "rank":69.0,
            "area_info":"32평(108.67)",
            "last_sales":"2021-12-18,42700.0,32평(108.67)"
        },
        {
            "index":25,
            "아파트명":"광명그린",
            "투자타입":"재건축",
            "전용면적(m2)":"60.1",
            "전용면적(평)":"18평",
            "법정동주소":"광주시 남구 방림동 558",
            "도로명주소":"광주시 남구 용대로 155",
            "세대수":0,
            "입주년차":"--",
            "용적률점수":0,
            "건폐율점수":0,
            "세대당주차수":"--",
            "난방방식":"--",
            "공급면적":50,
            "전용률":40,
            "욕실수":"--",
            "현관타입":"--",
            "주거총점":4.5,
            "지역구공급총점":100.0,
            "역세권":"NA",
            "30분내 이동가능 거점":"NA",
            "1시간내 이동가능 거점":"NA",
            "교통총점":"NA",
            "백화점":100,
            "아울렛몰":80,
            "대형마트":80,
            "은행":0,
            "병원":60,
            "종합병원":100,
            "공원":100,
            "혐오시설":0,
            "인프라총점":79.0,
            "초등학군":85.05,
            "중학군":49.12,
            "학군총점":56.306,
            "인구수":23.61,
            "인구증감":-2.33,
            "인구총점":15.828,
            "일자리":8.1,
            "소득수준":50.26,
            "일자리총점":20.748,
            "가치 총점":47.2515,
            "매매실거래년":20211206.0,
            "매매실거래가":14900.0,
            "전세실거래년":20210817.0,
            "전세실거래가":8000.0,
            "전세가율":90.91,
            "장기전세가율평균":75.74,
            "전세가율거품지수":-15.17,
            "검색코드":4430,
            "세대수":192,
            "준공년월":"1988-10-26",
            "준공년차":35,
            "가까운역이름":"NA",
            "가까운역거리":"NA",
            "역세권여부":"NA",
            "30분이내주요거점역":"NA",
            "1시간이내주요거점역":"NA",
            "3km이내백화점수":1,
            "5km이내아울렛몰수":1,
            "1km이내대형먀트수":1,
            "500m이내은행수":0,
            "500m이내병원수":15,
            "5km이내대형병원수":10,
            "500m이내공원수":9,
            "3km이내혐오시설수":0,
            "초등학교학업성취도":85.05,
            "중학교학업성취도":81.4,
            "용적률":0,
            "건폐율":0,
            "Y":35.129967,
            "X":126.917543,
            "rank":70.0,
            "area_info":"18평(60.1), 24평(79.35)",
            "last_sales":"2021-12-06,14900.0,24평(79.35)"
        },
        {
            "index":387,
            "아파트명":"해태1차",
            "투자타입":"일반",
            "전용면적(m2)":"75.31",
            "전용면적(평)":"22평",
            "법정동주소":"광주시 남구 주월동 81-2",
            "도로명주소":"광주시 남구 회재로1173번길 40",
            "세대수":0,
            "입주년차":0,
            "용적률점수":"--",
            "건폐율점수":"--",
            "세대당주차수":30,
            "난방방식":30,
            "공급면적":"--",
            "전용률":"--",
            "욕실수":50,
            "현관타입":100,
            "주거총점":22.5,
            "지역구공급총점":100.0,
            "역세권":"NA",
            "30분내 이동가능 거점":"NA",
            "1시간내 이동가능 거점":"NA",
            "교통총점":"NA",
            "백화점":100,
            "아울렛몰":80,
            "대형마트":0,
            "은행":0,
            "병원":30,
            "종합병원":100,
            "공원":100,
            "혐오시설":0,
            "인프라총점":64.0,
            "초등학군":81.04,
            "중학군":47.44,
            "학군총점":54.16,
            "인구수":23.61,
            "인구증감":-2.33,
            "인구총점":15.828,
            "일자리":8.1,
            "소득수준":50.26,
            "일자리총점":20.748,
            "가치 총점":47.015,
            "매매실거래년":20211215.0,
            "매매실거래가":16900.0,
            "전세실거래년":20191118.0,
            "전세실거래가":13000.0,
            "전세가율":76.92,
            "장기전세가율평균":75.74,
            "전세가율거품지수":-1.18,
            "검색코드":101145,
            "세대수":264,
            "준공년월":"1998-12-28",
            "준공년차":25,
            "가까운역이름":"NA",
            "가까운역거리":"NA",
            "역세권여부":"NA",
            "30분이내주요거점역":"NA",
            "1시간이내주요거점역":"NA",
            "3km이내백화점수":1,
            "5km이내아울렛몰수":1,
            "1km이내대형먀트수":0,
            "500m이내은행수":0,
            "500m이내병원수":7,
            "5km이내대형병원수":13,
            "500m이내공원수":5,
            "3km이내혐오시설수":0,
            "초등학교학업성취도":81.04,
            "중학교학업성취도":78.6,
            "용적률":256,
            "건폐율":24,
            "Y":35.134098,
            "X":126.89189,
            "rank":71.0,
            "area_info":"22평(75.31), 32평(107.6)",
            "last_sales":"2021-12-15,16900.0,22평(75.31)"
        },
        {
            "index":122,
            "아파트명":"라인1차",
            "투자타입":"재건축",
            "전용면적(m2)":"102.82",
            "전용면적(평)":"31평",
            "법정동주소":"광주시 남구 봉선동 502",
            "도로명주소":"광주시 남구 봉선로 91",
            "세대수":30,
            "입주년차":"--",
            "용적률점수":0,
            "건폐율점수":100,
            "세대당주차수":"--",
            "난방방식":"--",
            "공급면적":90,
            "전용률":80,
            "욕실수":"--",
            "현관타입":"--",
            "주거총점":37.5,
            "지역구공급총점":100.0,
            "역세권":"NA",
            "30분내 이동가능 거점":"NA",
            "1시간내 이동가능 거점":"NA",
            "교통총점":"NA",
            "백화점":0,
            "아울렛몰":80,
            "대형마트":80,
            "은행":0,
            "병원":60,
            "종합병원":100,
            "공원":100,
            "혐오시설":0,
            "인프라총점":49.0,
            "초등학군":88.97,
            "중학군":48.58,
            "학군총점":56.658,
            "인구수":23.61,
            "인구증감":-2.33,
            "인구총점":15.828,
            "일자리":8.1,
            "소득수준":50.26,
            "일자리총점":20.748,
            "가치 총점":46.8895,
            "매매실거래년":20211211.0,
            "매매실거래가":36000.0,
            "전세실거래년":20211229.0,
            "전세실거래가":20000.0,
            "전세가율":55.56,
            "장기전세가율평균":75.74,
            "전세가율거품지수":20.18,
            "검색코드":4582,
            "세대수":318,
            "준공년월":"1992-08-22",
            "준공년차":31,
            "가까운역이름":"NA",
            "가까운역거리":"NA",
            "역세권여부":"NA",
            "30분이내주요거점역":"NA",
            "1시간이내주요거점역":"NA",
            "3km이내백화점수":0,
            "5km이내아울렛몰수":1,
            "1km이내대형먀트수":1,
            "500m이내은행수":1,
            "500m이내병원수":29,
            "5km이내대형병원수":12,
            "500m이내공원수":6,
            "3km이내혐오시설수":0,
            "초등학교학업성취도":88.97,
            "중학교학업성취도":80.1,
            "용적률":297,
            "건폐율":18,
            "Y":35.126098,
            "X":126.907325,
            "rank":72.0,
            "area_info":"31평(102.82), 48평(160.85)",
            "last_sales":"2021-12-11,36000.0,31평(102.82)"
        },
        {
            "index":243,
            "아파트명":"아남프라자",
            "투자타입":"일반",
            "전용면적(m2)":"109.94",
            "전용면적(평)":"33평",
            "법정동주소":"광주시 남구 서동 285",
            "도로명주소":"광주시 남구 제중로 93",
            "세대수":0,
            "입주년차":0,
            "용적률점수":"--",
            "건폐율점수":"--",
            "세대당주차수":0,
            "난방방식":30,
            "공급면적":"--",
            "전용률":"--",
            "욕실수":100,
            "현관타입":100,
            "주거총점":23.0,
            "지역구공급총점":100.0,
            "역세권":"NA",
            "30분내 이동가능 거점":"NA",
            "1시간내 이동가능 거점":"NA",
            "교통총점":"NA",
            "백화점":100,
            "아울렛몰":80,
            "대형마트":0,
            "은행":0,
            "병원":30,
            "종합병원":100,
            "공원":80,
            "혐오시설":0,
            "인프라총점":63.4,
            "초등학군":80.97,
            "중학군":46.58,
            "학군총점":53.458,
            "인구수":23.61,
            "인구증감":-2.33,
            "인구총점":15.828,
            "일자리":8.1,
            "소득수준":50.26,
            "일자리총점":20.748,
            "가치 총점":46.7745,
            "매매실거래년":20211127.0,
            "매매실거래가":16000.0,
            "전세실거래년":20180402.0,
            "전세실거래가":10000.0,
            "전세가율":69.93,
            "장기전세가율평균":75.74,
            "전세가율거품지수":5.81,
            "검색코드":11277,
            "세대수":193,
            "준공년월":"1996-05-01",
            "준공년차":27,
            "가까운역이름":"NA",
            "가까운역거리":"NA",
            "역세권여부":"NA",
            "30분이내주요거점역":"NA",
            "1시간이내주요거점역":"NA",
            "3km이내백화점수":1,
            "5km이내아울렛몰수":1,
            "1km이내대형먀트수":0,
            "500m이내은행수":1,
            "500m이내병원수":6,
            "5km이내대형병원수":11,
            "500m이내공원수":1,
            "3km이내혐오시설수":0,
            "초등학교학업성취도":80.97,
            "중학교학업성취도":76.7,
            "용적률":348,
            "건폐율":26,
            "Y":35.1407,
            "X":126.90999,
            "rank":73.0,
            "area_info":"33평(109.94), 33평(111.88), 34평(112.58), 34평(112.89), 53평(176.3)",
            "last_sales":"2021-11-27,16000.0,34평(112.89)"
        },
        {
            "index":356,
            "아파트명":"주월영무예다음1차",
            "투자타입":"일반",
            "전용면적(m2)":"61.25",
            "전용면적(평)":"18평",
            "법정동주소":"광주시 남구 주월동 716-11",
            "도로명주소":"광주시 남구 금화로376번길 21",
            "세대수":0,
            "입주년차":40,
            "용적률점수":"--",
            "건폐율점수":"--",
            "세대당주차수":30,
            "난방방식":30,
            "공급면적":"--",
            "전용률":"--",
            "욕실수":50,
            "현관타입":100,
            "주거총점":30.5,
            "지역구공급총점":100.0,
            "역세권":"NA",
            "30분내 이동가능 거점":"NA",
            "1시간내 이동가능 거점":"NA",
            "교통총점":"NA",
            "백화점":100,
            "아울렛몰":80,
            "대형마트":0,
            "은행":0,
            "병원":30,
            "종합병원":100,
            "공원":0,
            "혐오시설":0,
            "인프라총점":61.0,
            "초등학군":81.04,
            "중학군":37.54,
            "학군총점":46.24,
            "인구수":23.61,
            "인구증감":-2.33,
            "인구총점":15.828,
            "일자리":8.1,
            "소득수준":50.26,
            "일자리총점":20.748,
            "가치 총점":46.635,
            "매매실거래년":20210120.0,
            "매매실거래가":24500.0,
            "전세실거래년":null,
            "전세실거래가":null,
            "전세가율":null,
            "장기전세가율평균":75.74,
            "전세가율거품지수":null,
            "검색코드":101146,
            "세대수":114,
            "준공년월":"2004-06-22",
            "준공년차":19,
            "가까운역이름":"NA",
            "가까운역거리":"NA",
            "역세권여부":"NA",
            "30분이내주요거점역":"NA",
            "1시간이내주요거점역":"NA",
            "3km이내백화점수":2,
            "5km이내아울렛몰수":1,
            "1km이내대형먀트수":0,
            "500m이내은행수":1,
            "500m이내병원수":5,
            "5km이내대형병원수":12,
            "500m이내공원수":0,
            "3km이내혐오시설수":0,
            "초등학교학업성취도":81.04,
            "중학교학업성취도":62.1,
            "용적률":268,
            "건폐율":26,
            "Y":35.140427,
            "X":126.888139,
            "rank":74.0,
            "area_info":"18평(61.25), 19평(63.26), 24평(80.29), 26평(86.75), 32평(106.88), 34평(115.0), 36평(122.19), 38평(128.31), 39평(129.5), 40평(133.81)",
            "last_sales":"2021-01-20,24500.0,40평(133.81)"
        },
        {
            "index":415,
            "아파트명":"대주1차",
            "투자타입":"재건축",
            "전용면적(m2)":"101.35",
            "전용면적(평)":"30평",
            "법정동주소":"광주시 남구 진월동 249",
            "도로명주소":"광주시 남구 서문대로678번길 7",
            "세대수":50,
            "입주년차":"--",
            "용적률점수":0,
            "건폐율점수":80,
            "세대당주차수":"--",
            "난방방식":"--",
            "공급면적":90,
            "전용률":80,
            "욕실수":"--",
            "현관타입":"--",
            "주거총점":39.5,
            "지역구공급총점":100.0,
            "역세권":"NA",
            "30분내 이동가능 거점":"NA",
            "1시간내 이동가능 거점":"NA",
            "교통총점":"NA",
            "백화점":0,
            "아울렛몰":80,
            "대형마트":0,
            "은행":20,
            "병원":80,
            "종합병원":100,
            "공원":100,
            "혐오시설":0,
            "인프라총점":41.0,
            "초등학군":96.84,
            "중학군":54.78,
            "학군총점":63.192,
            "인구수":23.61,
            "인구증감":-2.33,
            "인구총점":15.828,
            "일자리":8.1,
            "소득수준":50.26,
            "일자리총점":20.748,
            "가치 총점":46.023,
            "매매실거래년":20211120.0,
            "매매실거래가":20000.0,
            "전세실거래년":20220108.0,
            "전세실거래가":17500.0,
            "전세가율":77.09,
            "장기전세가율평균":75.74,
            "전세가율거품지수":-1.35,
            "검색코드":4434,
            "세대수":546,
            "준공년월":"1990-06-05",
            "준공년차":33,
            "가까운역이름":"NA",
            "가까운역거리":"NA",
            "역세권여부":"NA",
            "30분이내주요거점역":"NA",
            "1시간이내주요거점역":"NA",
            "3km이내백화점수":0,
            "5km이내아울렛몰수":1,
            "1km이내대형먀트수":0,
            "500m이내은행수":2,
            "500m이내병원수":46,
            "5km이내대형병원수":12,
            "500m이내공원수":2,
            "3km이내혐오시설수":0,
            "초등학교학업성취도":96.84,
            "중학교학업성취도":89.5,
            "용적률":236,
            "건폐율":20,
            "Y":35.12033,
            "X":126.90019,
            "rank":75.0,
            "area_info":"30평(101.35), 31평(103.97), 41평(137.46), 49평(163.95)",
            "last_sales":"2021-11-20,20000.0,31평(103.97)"
        },
        {
            "index":172,
            "아파트명":"무등파크맨션3차2단지",
            "투자타입":"일반",
            "전용면적(m2)":"78.93",
            "전용면적(평)":"23평",
            "법정동주소":"광주시 남구 봉선동 21",
            "도로명주소":"광주시 남구 용대로 92-1",
            "세대수":30,
            "입주년차":0,
            "용적률점수":"--",
            "건폐율점수":"--",
            "세대당주차수":0,
            "난방방식":30,
            "공급면적":"--",
            "전용률":"--",
            "욕실수":50,
            "현관타입":100,
            "주거총점":28.5,
            "지역구공급총점":100.0,
            "역세권":"NA",
            "30분내 이동가능 거점":"NA",
            "1시간내 이동가능 거점":"NA",
            "교통총점":"NA",
            "백화점":0,
            "아울렛몰":80,
            "대형마트":80,
            "은행":20,
            "병원":60,
            "종합병원":100,
            "공원":100,
            "혐오시설":0,
            "인프라총점":51.0,
            "초등학군":90.9,
            "중학군":54.88,
            "학군총점":62.084,
            "인구수":23.61,
            "인구증감":-2.33,
            "인구총점":15.828,
            "일자리":8.1,
            "소득수준":50.26,
            "일자리총점":20.748,
            "가치 총점":45.896,
            "매매실거래년":20210914.0,
            "매매실거래가":39500.0,
            "전세실거래년":20220113.0,
            "전세실거래가":12300.0,
            "전세가율":65.78,
            "장기전세가율평균":75.74,
            "전세가율거품지수":9.96,
            "검색코드":4628,
            "세대수":309,
            "준공년월":"1993-07-21",
            "준공년차":30,
            "가까운역이름":"NA",
            "가까운역거리":"NA",
            "역세권여부":"NA",
            "30분이내주요거점역":"NA",
            "1시간이내주요거점역":"NA",
            "3km이내백화점수":0,
            "5km이내아울렛몰수":1,
            "1km이내대형먀트수":1,
            "500m이내은행수":2,
            "500m이내병원수":17,
            "5km이내대형병원수":9,
            "500m이내공원수":4,
            "3km이내혐오시설수":0,
            "초등학교학업성취도":90.9,
            "중학교학업성취도":90.6,
            "용적률":300,
            "건폐율":21,
            "Y":35.124842,
            "X":126.919005,
            "rank":76.0,
            "area_info":"23평(78.93), 23평(79.21), 32평(107.11), 52평(172.05)",
            "last_sales":"2021-09-14,39500.0,52평(172.05)"
        },
        {
            "index":478,
            "아파트명":"진월한신1차",
            "투자타입":"일반",
            "전용면적(m2)":"80.0",
            "전용면적(평)":"24평",
            "법정동주소":"광주시 남구 진월동 267",
            "도로명주소":"광주시 남구 광복마을4길 9-1",
            "세대수":50,
            "입주년차":0,
            "용적률점수":"--",
            "건폐율점수":"--",
            "세대당주차수":30,
            "난방방식":30,
            "공급면적":"--",
            "전용률":"--",
            "욕실수":50,
            "현관타입":100,
            "주거총점":40.0,
            "지역구공급총점":100.0,
            "역세권":"NA",
            "30분내 이동가능 거점":"NA",
            "1시간내 이동가능 거점":"NA",
            "교통총점":"NA",
            "백화점":0,
            "아울렛몰":80,
            "대형마트":0,
            "은행":20,
            "병원":80,
            "종합병원":100,
            "공원":100,
            "혐오시설":0,
            "인프라총점":41.0,
            "초등학군":89.68,
            "중학군":55.0,
            "학군총점":61.936,
            "인구수":23.61,
            "인구증감":-2.33,
            "인구총점":15.828,
            "일자리":8.1,
            "소득수준":50.26,
            "일자리총점":20.748,
            "가치 총점":45.884,
            "매매실거래년":20211227.0,
            "매매실거래가":27800.0,
            "전세실거래년":20211218.0,
            "전세실거래가":13650.0,
            "전세가율":88.64,
            "장기전세가율평균":75.74,
            "전세가율거품지수":-12.9,
            "검색코드":4464,
            "세대수":410,
            "준공년월":"1996-11-06",
            "준공년차":27,
            "가까운역이름":"NA",
            "가까운역거리":"NA",
            "역세권여부":"NA",
            "30분이내주요거점역":"NA",
            "1시간이내주요거점역":"NA",
            "3km이내백화점수":0,
            "5km이내아울렛몰수":1,
            "1km이내대형먀트수":0,
            "500m이내은행수":2,
            "500m이내병원수":44,
            "5km이내대형병원수":12,
            "500m이내공원수":2,
            "3km이내혐오시설수":0,
            "초등학교학업성취도":89.68,
            "중학교학업성취도":91.4,
            "용적률":355,
            "건폐율":25,
            "Y":35.120356,
            "X":126.897309,
            "rank":77.0,
            "area_info":"24평(80.0), 32평(107.03), 32평(107.02)",
            "last_sales":"2021-12-27,27800.0,32평(107.03)"
        },
        {
            "index":75,
            "아파트명":"백운대흥스카이1차",
            "투자타입":"일반",
            "전용면적(m2)":"48.48",
            "전용면적(평)":"14평",
            "법정동주소":"광주시 남구 백운동 419",
            "도로명주소":"광주시 남구 백운로82번길 10",
            "세대수":30,
            "입주년차":0,
            "용적률점수":"--",
            "건폐율점수":"--",
            "세대당주차수":0,
            "난방방식":30,
            "공급면적":"--",
            "전용률":"--",
            "욕실수":50,
            "현관타입":10,
            "주거총점":19.5,
            "지역구공급총점":100.0,
            "역세권":"NA",
            "30분내 이동가능 거점":"NA",
            "1시간내 이동가능 거점":"NA",
            "교통총점":"NA",
            "백화점":100,
            "아울렛몰":80,
            "대형마트":0,
            "은행":0,
            "병원":30,
            "종합병원":100,
            "공원":80,
            "혐오시설":0,
            "인프라총점":63.4,
            "초등학군":80.97,
            "중학군":46.58,
            "학군총점":53.458,
            "인구수":23.61,
            "인구증감":-2.33,
            "인구총점":15.828,
            "일자리":8.1,
            "소득수준":50.26,
            "일자리총점":20.748,
            "가치 총점":45.5495,
            "매매실거래년":20211201.0,
            "매매실거래가":21000.0,
            "전세실거래년":null,
            "전세실거래가":null,
            "전세가율":null,
            "장기전세가율평균":75.74,
            "전세가율거품지수":null,
            "검색코드":15619,
            "세대수":333,
            "준공년월":"1995-02-28",
            "준공년차":28,
            "가까운역이름":"NA",
            "가까운역거리":"NA",
            "역세권여부":"NA",
            "30분이내주요거점역":"NA",
            "1시간이내주요거점역":"NA",
            "3km이내백화점수":1,
            "5km이내아울렛몰수":1,
            "1km이내대형먀트수":0,
            "500m이내은행수":0,
            "500m이내병원수":8,
            "5km이내대형병원수":12,
            "500m이내공원수":1,
            "3km이내혐오시설수":0,
            "초등학교학업성취도":80.97,
            "중학교학업성취도":76.7,
            "용적률":352,
            "건폐율":24,
            "Y":35.140793,
            "X":126.908545,
            "rank":78.0,
            "area_info":"14평(48.48), 15평(50.17), 24평(80.19), 25평(83.51), 26평(86.01), 32평(108.05), 50평(165.4), 53평(177.75)",
            "last_sales":"2021-12-01,21000.0,53평(177.75)"
        },
        {
            "index":259,
            "아파트명":"효천코오롱하늘채",
            "투자타입":"일반",
            "전용면적(m2)":"108.75",
            "전용면적(평)":"32평",
            "법정동주소":"광주시 남구 송하동 594",
            "도로명주소":"광주시 남구 원효천2길 13",
            "세대수":0,
            "입주년차":100,
            "용적률점수":"--",
            "건폐율점수":"--",
            "세대당주차수":60,
            "난방방식":30,
            "공급면적":"--",
            "전용률":"--",
            "욕실수":100,
            "현관타입":100,
            "주거총점":52.0,
            "지역구공급총점":100.0,
            "역세권":"NA",
            "30분내 이동가능 거점":"NA",
            "1시간내 이동가능 거점":"NA",
            "교통총점":"NA",
            "백화점":0,
            "아울렛몰":80,
            "대형마트":0,
            "은행":0,
            "병원":0,
            "종합병원":100,
            "공원":100,
            "혐오시설":-50,
            "인프라총점":30.0,
            "초등학군":90.0,
            "중학군":54.0,
            "학군총점":61.2,
            "인구수":23.61,
            "인구증감":-2.33,
            "인구총점":15.828,
            "일자리":8.1,
            "소득수준":50.26,
            "일자리총점":20.748,
            "가치 총점":45.5,
            "매매실거래년":"18000101",
            "매매실거래가":null,
            "전세실거래년":null,
            "전세실거래가":null,
            "전세가율":null,
            "장기전세가율평균":75.74,
            "전세가율거품지수":null,
            "검색코드":135351,
            "세대수":264,
            "준공년월":"2020-11-23",
            "준공년차":3,
            "가까운역이름":"NA",
            "가까운역거리":"NA",
            "역세권여부":"NA",
            "30분이내주요거점역":"NA",
            "1시간이내주요거점역":"NA",
            "3km이내백화점수":0,
            "5km이내아울렛몰수":1,
            "1km이내대형먀트수":0,
            "500m이내은행수":0,
            "500m이내병원수":0,
            "5km이내대형병원수":6,
            "500m이내공원수":9,
            "3km이내혐오시설수":1,
            "초등학교학업성취도":90.0,
            "중학교학업성취도":87.6,
            "용적률":183,
            "건폐율":15,
            "Y":35.103918,
            "X":126.881793,
            "rank":79.0,
            "area_info":"32평(108.75), 32평(109.02)",
            "last_sales":"1800-01-01,nan,32평(108.75)"
        },
        {
            "index":500,
            "아파트명":"호반리젠시빌스위트",
            "투자타입":"일반",
            "전용면적(m2)":"118.54",
            "전용면적(평)":"35평",
            "법정동주소":"광주시 남구 진월동 294-18",
            "도로명주소":"광주시 남구 서문대로704번길 10",
            "세대수":0,
            "입주년차":40,
            "용적률점수":"--",
            "건폐율점수":"--",
            "세대당주차수":30,
            "난방방식":30,
            "공급면적":"--",
            "전용률":"--",
            "욕실수":100,
            "현관타입":100,
            "주거총점":35.5,
            "지역구공급총점":100.0,
            "역세권":"NA",
            "30분내 이동가능 거점":"NA",
            "1시간내 이동가능 거점":"NA",
            "교통총점":"NA",
            "백화점":0,
            "아울렛몰":80,
            "대형마트":0,
            "은행":70,
            "병원":80,
            "종합병원":100,
            "공원":0,
            "혐오시설":0,
            "인프라총점":43.0,
            "초등학군":96.84,
            "중학군":54.78,
            "학군총점":63.192,
            "인구수":23.61,
            "인구증감":-2.33,
            "인구총점":15.828,
            "일자리":8.1,
            "소득수준":50.26,
            "일자리총점":20.748,
            "가치 총점":45.423,
            "매매실거래년":20211119.0,
            "매매실거래가":45000.0,
            "전세실거래년":20210406.0,
            "전세실거래가":30000.0,
            "전세가율":66.67,
            "장기전세가율평균":75.74,
            "전세가율거품지수":9.07,
            "검색코드":19756,
            "세대수":178,
            "준공년월":"2005-05-16",
            "준공년차":18,
            "가까운역이름":"NA",
            "가까운역거리":"NA",
            "역세권여부":"NA",
            "30분이내주요거점역":"NA",
            "1시간이내주요거점역":"NA",
            "3km이내백화점수":0,
            "5km이내아울렛몰수":1,
            "1km이내대형먀트수":0,
            "500m이내은행수":3,
            "500m이내병원수":38,
            "5km이내대형병원수":12,
            "500m이내공원수":0,
            "3km이내혐오시설수":0,
            "초등학교학업성취도":96.84,
            "중학교학업성취도":89.5,
            "용적률":235,
            "건폐율":17,
            "Y":35.122896,
            "X":126.900039,
            "rank":80.0,
            "area_info":"35평(118.54)",
            "last_sales":"2021-11-19,45000.0,35평(118.54)"
        },
        {
            "index":218,
            "아파트명":"삼익2차",
            "투자타입":"재건축",
            "전용면적(m2)":"102.44",
            "전용면적(평)":"30평",
            "법정동주소":"광주시 남구 봉선동 128",
            "도로명주소":"광주시 남구 봉선로175번길 6",
            "세대수":30,
            "입주년차":"--",
            "용적률점수":0,
            "건폐율점수":0,
            "세대당주차수":"--",
            "난방방식":"--",
            "공급면적":90,
            "전용률":80,
            "욕실수":"--",
            "현관타입":"--",
            "주거총점":17.5,
            "지역구공급총점":100.0,
            "역세권":"NA",
            "30분내 이동가능 거점":"NA",
            "1시간내 이동가능 거점":"NA",
            "교통총점":"NA",
            "백화점":0,
            "아울렛몰":80,
            "대형마트":80,
            "은행":100,
            "병원":60,
            "종합병원":100,
            "공원":100,
            "혐오시설":0,
            "인프라총점":59.0,
            "초등학군":90.9,
            "중학군":54.88,
            "학군총점":62.084,
            "인구수":23.61,
            "인구증감":-2.33,
            "인구총점":15.828,
            "일자리":8.1,
            "소득수준":50.26,
            "일자리총점":20.748,
            "가치 총점":45.246,
            "매매실거래년":20211018.0,
            "매매실거래가":50400.0,
            "전세실거래년":20211129.0,
            "전세실거래가":25000.0,
            "전세가율":49.6,
            "장기전세가율평균":75.74,
            "전세가율거품지수":26.14,
            "검색코드":4670,
            "세대수":390,
            "준공년월":"1991-11-27",
            "준공년차":32,
            "가까운역이름":"NA",
            "가까운역거리":"NA",
            "역세권여부":"NA",
            "30분이내주요거점역":"NA",
            "1시간이내주요거점역":"NA",
            "3km이내백화점수":0,
            "5km이내아울렛몰수":1,
            "1km이내대형먀트수":1,
            "500m이내은행수":6,
            "500m이내병원수":29,
            "5km이내대형병원수":10,
            "500m이내공원수":6,
            "3km이내혐오시설수":0,
            "초등학교학업성취도":90.9,
            "중학교학업성취도":90.6,
            "용적률":0,
            "건폐율":0,
            "Y":35.123798,
            "X":126.915124,
            "rank":81.0,
            "area_info":"30평(102.44), 45평(151.74)",
            "last_sales":"2021-10-18,50400.0,30평(102.44)"
        },
        {
            "index":326,
            "아파트명":"명지",
            "투자타입":"일반",
            "전용면적(m2)":"76.19",
            "전용면적(평)":"23평",
            "법정동주소":"광주시 남구 주월동 700",
            "도로명주소":"광주시 남구 금화로376번길 34",
            "세대수":30,
            "입주년차":0,
            "용적률점수":"--",
            "건폐율점수":"--",
            "세대당주차수":0,
            "난방방식":30,
            "공급면적":"--",
            "전용률":"--",
            "욕실수":50,
            "현관타입":100,
            "주거총점":28.5,
            "지역구공급총점":100.0,
            "역세권":"NA",
            "30분내 이동가능 거점":"NA",
            "1시간내 이동가능 거점":"NA",
            "교통총점":"NA",
            "백화점":100,
            "아울렛몰":80,
            "대형마트":0,
            "은행":0,
            "병원":10,
            "종합병원":100,
            "공원":0,
            "혐오시설":0,
            "인프라총점":59.0,
            "초등학군":81.04,
            "중학군":37.54,
            "학군총점":46.24,
            "인구수":23.61,
            "인구증감":-2.33,
            "인구총점":15.828,
            "일자리":8.1,
            "소득수준":50.26,
            "일자리총점":20.748,
            "가치 총점":45.135,
            "매매실거래년":20211108.0,
            "매매실거래가":13200.0,
            "전세실거래년":20210726.0,
            "전세실거래가":1000.0,
            "전세가율":7.58,
            "장기전세가율평균":75.74,
            "전세가율거품지수":68.16,
            "검색코드":4501,
            "세대수":334,
            "준공년월":"1995-02-27",
            "준공년차":28,
            "가까운역이름":"NA",
            "가까운역거리":"NA",
            "역세권여부":"NA",
            "30분이내주요거점역":"NA",
            "1시간이내주요거점역":"NA",
            "3km이내백화점수":2,
            "5km이내아울렛몰수":1,
            "1km이내대형먀트수":0,
            "500m이내은행수":0,
            "500m이내병원수":3,
            "5km이내대형병원수":12,
            "500m이내공원수":0,
            "3km이내혐오시설수":0,
            "초등학교학업성취도":81.04,
            "중학교학업성취도":62.1,
            "용적률":210,
            "건폐율":23,
            "Y":35.138931,
            "X":126.888192,
            "rank":82.0,
            "area_info":"23평(76.19), 31평(103.76), 41평(138.52), 44평(147.33)",
            "last_sales":"2021-11-08,13200.0,23평(76.19)"
        },
        {
            "index":103,
            "아파트명":"현대",
            "투자타입":"재건축",
            "전용면적(m2)":"95.59",
            "전용면적(평)":"28평",
            "법정동주소":"광주시 남구 백운동 46-1",
            "도로명주소":"광주시 남구 독립로54번길 29",
            "세대수":0,
            "입주년차":"--",
            "용적률점수":0,
            "건폐율점수":80,
            "세대당주차수":"--",
            "난방방식":"--",
            "공급면적":70,
            "전용률":80,
            "욕실수":"--",
            "현관타입":"--",
            "주거총점":23.5,
            "지역구공급총점":100.0,
            "역세권":"NA",
            "30분내 이동가능 거점":"NA",
            "1시간내 이동가능 거점":"NA",
            "교통총점":"NA",
            "백화점":100,
            "아울렛몰":80,
            "대형마트":0,
            "은행":0,
            "병원":60,
            "종합병원":100,
            "공원":0,
            "혐오시설":0,
            "인프라총점":64.0,
            "초등학군":82.34,
            "중학군":35.94,
            "학군총점":45.22,
            "인구수":23.61,
            "인구증감":-2.33,
            "인구총점":15.828,
            "일자리":8.1,
            "소득수준":50.26,
            "일자리총점":20.748,
            "가치 총점":45.13,
            "매매실거래년":20211009.0,
            "매매실거래가":18000.0,
            "전세실거래년":20190816.0,
            "전세실거래가":13500.0,
            "전세가율":75.0,
            "장기전세가율평균":75.74,
            "전세가율거품지수":0.74,
            "검색코드":4550,
            "세대수":253,
            "준공년월":"1989-10-07",
            "준공년차":34,
            "가까운역이름":"NA",
            "가까운역거리":"NA",
            "역세권여부":"NA",
            "30분이내주요거점역":"NA",
            "1시간이내주요거점역":"NA",
            "3km이내백화점수":1,
            "5km이내아울렛몰수":1,
            "1km이내대형먀트수":0,
            "500m이내은행수":0,
            "500m이내병원수":13,
            "5km이내대형병원수":13,
            "500m이내공원수":0,
            "3km이내혐오시설수":0,
            "초등학교학업성취도":82.34,
            "중학교학업성취도":59.9,
            "용적률":252,
            "건폐율":25,
            "Y":35.139022,
            "X":126.905046,
            "rank":83.0,
            "area_info":"28평(95.59), 41평(135.86)",
            "last_sales":"2021-10-09,18000.0,28평(95.59)"
        },
        {
            "index":481,
            "아파트명":"진월한신2차",
            "투자타입":"일반",
            "전용면적(m2)":"77.97",
            "전용면적(평)":"23평",
            "법정동주소":"광주시 남구 진월동 277",
            "도로명주소":"광주시 남구 서문대로701번길 21",
            "세대수":50,
            "입주년차":0,
            "용적률점수":"--",
            "건폐율점수":"--",
            "세대당주차수":0,
            "난방방식":30,
            "공급면적":"--",
            "전용률":"--",
            "욕실수":50,
            "현관타입":100,
            "주거총점":35.5,
            "지역구공급총점":100.0,
            "역세권":"NA",
            "30분내 이동가능 거점":"NA",
            "1시간내 이동가능 거점":"NA",
            "교통총점":"NA",
            "백화점":0,
            "아울렛몰":80,
            "대형마트":0,
            "은행":70,
            "병원":80,
            "종합병원":100,
            "공원":0,
            "혐오시설":0,
            "인프라총점":43.0,
            "초등학군":89.68,
            "중학군":55.0,
            "학군총점":61.936,
            "인구수":23.61,
            "인구증감":-2.33,
            "인구총점":15.828,
            "일자리":8.1,
            "소득수준":50.26,
            "일자리총점":20.748,
            "가치 총점":45.109,
            "매매실거래년":20211127.0,
            "매매실거래가":17500.0,
            "전세실거래년":20211209.0,
            "전세실거래가":14500.0,
            "전세가율":82.86,
            "장기전세가율평균":75.74,
            "전세가율거품지수":-7.12,
            "검색코드":4466,
            "세대수":538,
            "준공년월":"1997-03-22",
            "준공년차":26,
            "가까운역이름":"NA",
            "가까운역거리":"NA",
            "역세권여부":"NA",
            "30분이내주요거점역":"NA",
            "1시간이내주요거점역":"NA",
            "3km이내백화점수":0,
            "5km이내아울렛몰수":1,
            "1km이내대형먀트수":0,
            "500m이내은행수":3,
            "500m이내병원수":45,
            "5km이내대형병원수":12,
            "500m이내공원수":0,
            "3km이내혐오시설수":0,
            "초등학교학업성취도":89.68,
            "중학교학업성취도":91.4,
            "용적률":298,
            "건폐율":20,
            "Y":35.121341,
            "X":126.896627,
            "rank":84.0,
            "area_info":"23평(77.97), 23평(77.91), 31평(104.51)",
            "last_sales":"2021-11-27,17500.0,23평(77.97)"
        },
        {
            "index":163,
            "아파트명":"무등파크맨션1차",
            "투자타입":"재건축",
            "전용면적(m2)":"102.32",
            "전용면적(평)":"30평",
            "법정동주소":"광주시 남구 봉선동 172",
            "도로명주소":"광주시 남구 용대로 115",
            "세대수":0,
            "입주년차":"--",
            "용적률점수":0,
            "건폐율점수":60,
            "세대당주차수":"--",
            "난방방식":"--",
            "공급면적":90,
            "전용률":80,
            "욕실수":"--",
            "현관타입":"--",
            "주거총점":20.5,
            "지역구공급총점":100.0,
            "역세권":"NA",
            "30분내 이동가능 거점":"NA",
            "1시간내 이동가능 거점":"NA",
            "교통총점":"NA",
            "백화점":0,
            "아울렛몰":80,
            "대형마트":80,
            "은행":70,
            "병원":60,
            "종합병원":100,
            "공원":100,
            "혐오시설":0,
            "인프라총점":56.0,
            "초등학군":90.9,
            "중학군":54.88,
            "학군총점":62.084,
            "인구수":23.61,
            "인구증감":-2.33,
            "인구총점":15.828,
            "일자리":8.1,
            "소득수준":50.26,
            "일자리총점":20.748,
            "가치 총점":45.096,
            "매매실거래년":20210709.0,
            "매매실거래가":44000.0,
            "전세실거래년":20211218.0,
            "전세실거래가":20000.0,
            "전세가율":85.11,
            "장기전세가율평균":75.74,
            "전세가율거품지수":-9.37,
            "검색코드":4642,
            "세대수":299,
            "준공년월":"1992-03-21",
            "준공년차":31,
            "가까운역이름":"NA",
            "가까운역거리":"NA",
            "역세권여부":"NA",
            "30분이내주요거점역":"NA",
            "1시간이내주요거점역":"NA",
            "3km이내백화점수":0,
            "5km이내아울렛몰수":1,
            "1km이내대형먀트수":1,
            "500m이내은행수":3,
            "500m이내병원수":21,
            "5km이내대형병원수":10,
            "500m이내공원수":4,
            "3km이내혐오시설수":0,
            "초등학교학업성취도":90.9,
            "중학교학업성취도":90.6,
            "용적률":282,
            "건폐율":30,
            "Y":35.126432,
            "X":126.91736,
            "rank":85.0,
            "area_info":"30평(102.32), 31평(103.01), 43평(144.38)",
            "last_sales":"2021-07-09,44000.0,43평(144.38)"
        },
        {
            "index":279,
            "아파트명":"라인",
            "투자타입":"일반",
            "전용면적(m2)":"82.96",
            "전용면적(평)":"25평",
            "법정동주소":"광주시 남구 월산동 606-3",
            "도로명주소":"광주시 남구 수박등로48번길 7",
            "세대수":0,
            "입주년차":0,
            "용적률점수":"--",
            "건폐율점수":"--",
            "세대당주차수":0,
            "난방방식":30,
            "공급면적":"--",
            "전용률":"--",
            "욕실수":50,
            "현관타입":100,
            "주거총점":18.0,
            "지역구공급총점":100.0,
            "역세권":"NA",
            "30분내 이동가능 거점":"NA",
            "1시간내 이동가능 거점":"NA",
            "교통총점":"NA",
            "백화점":100,
            "아울렛몰":80,
            "대형마트":0,
            "은행":0,
            "병원":60,
            "종합병원":100,
            "공원":100,
            "혐오시설":0,
            "인프라총점":67.0,
            "초등학군":87.51,
            "중학군":37.9,
            "학군총점":47.822,
            "인구수":23.61,
            "인구증감":-2.33,
            "인구총점":15.828,
            "일자리":8.1,
            "소득수준":50.26,
            "일자리총점":20.748,
            "가치 총점":45.0555,
            "매매실거래년":20220103.0,
            "매매실거래가":15700.0,
            "전세실거래년":20191214.0,
            "전세실거래가":8000.0,
            "전세가율":71.43,
            "장기전세가율평균":75.74,
            "전세가율거품지수":4.31,
            "검색코드":4413,
            "세대수":240,
            "준공년월":"1994-02-05",
            "준공년차":29,
            "가까운역이름":"NA",
            "가까운역거리":"NA",
            "역세권여부":"NA",
            "30분이내주요거점역":"NA",
            "1시간이내주요거점역":"NA",
            "3km이내백화점수":2,
            "5km이내아울렛몰수":1,
            "1km이내대형먀트수":0,
            "500m이내은행수":1,
            "500m이내병원수":12,
            "5km이내대형병원수":14,
            "500m이내공원수":2,
            "3km이내혐오시설수":0,
            "초등학교학업성취도":87.51,
            "중학교학업성취도":62.7,
            "용적률":398,
            "건폐율":25,
            "Y":35.1428,
            "X":126.89641,
            "rank":86.0,
            "area_info":"25평(82.96), 31평(104.2)",
            "last_sales":"2022-01-03,15700.0,31평(104.2)"
        },
        {
            "index":159,
            "아파트명":"모아2단지1차",
            "투자타입":"재건축",
            "전용면적(m2)":"63.85",
            "전용면적(평)":"19평",
            "법정동주소":"광주시 남구 봉선동 1043",
            "도로명주소":"광주시 남구 봉선1로 86",
            "세대수":50,
            "입주년차":"--",
            "용적률점수":0,
            "건폐율점수":0,
            "세대당주차수":"--",
            "난방방식":"--",
            "공급면적":50,
            "전용률":60,
            "욕실수":"--",
            "현관타입":"--",
            "주거총점":20.5,
            "지역구공급총점":100.0,
            "역세권":"NA",
            "30분내 이동가능 거점":"NA",
            "1시간내 이동가능 거점":"NA",
            "교통총점":"NA",
            "백화점":0,
            "아울렛몰":80,
            "대형마트":80,
            "은행":70,
            "병원":80,
            "종합병원":100,
            "공원":100,
            "혐오시설":0,
            "인프라총점":58.0,
            "초등학군":90.9,
            "중학군":49.12,
            "학군총점":57.476,
            "인구수":23.61,
            "인구증감":-2.33,
            "인구총점":15.828,
            "일자리":8.1,
            "소득수준":50.26,
            "일자리총점":20.748,
            "가치 총점":44.744,
            "매매실거래년":20220114.0,
            "매매실거래가":17000.0,
            "전세실거래년":20201229.0,
            "전세실거래가":8500.0,
            "전세가율":50.0,
            "장기전세가율평균":75.74,
            "전세가율거품지수":25.74,
            "검색코드":4614,
            "세대수":540,
            "준공년월":"1988-09-10",
            "준공년차":35,
            "가까운역이름":"NA",
            "가까운역거리":"NA",
            "역세권여부":"NA",
            "30분이내주요거점역":"NA",
            "1시간이내주요거점역":"NA",
            "3km이내백화점수":0,
            "5km이내아울렛몰수":1,
            "1km이내대형먀트수":1,
            "500m이내은행수":4,
            "500m이내병원수":32,
            "5km이내대형병원수":10,
            "500m이내공원수":12,
            "3km이내혐오시설수":0,
            "초등학교학업성취도":90.9,
            "중학교학업성취도":81.4,
            "용적률":0,
            "건폐율":0,
            "Y":35.127374,
            "X":126.914857,
            "rank":87.0,
            "area_info":"19평(63.85), 23평(78.64)",
            "last_sales":"2022-01-14,17000.0,19평(63.85)"
        },
        {
            "index":220,
            "아파트명":"송림",
            "투자타입":"재건축",
            "전용면적(m2)":"96.85",
            "전용면적(평)":"29평",
            "법정동주소":"광주시 남구 봉선동 1142-12",
            "도로명주소":"광주시 남구 봉선로19번길 18",
            "세대수":0,
            "입주년차":"--",
            "용적률점수":0,
            "건폐율점수":0,
            "세대당주차수":"--",
            "난방방식":"--",
            "공급면적":70,
            "전용률":80,
            "욕실수":"--",
            "현관타입":"--",
            "주거총점":7.5,
            "지역구공급총점":100.0,
            "역세권":"NA",
            "30분내 이동가능 거점":"NA",
            "1시간내 이동가능 거점":"NA",
            "교통총점":"NA",
            "백화점":100,
            "아울렛몰":80,
            "대형마트":0,
            "은행":20,
            "병원":60,
            "종합병원":100,
            "공원":100,
            "혐오시설":0,
            "인프라총점":69.0,
            "초등학군":88.97,
            "중학군":48.58,
            "학군총점":56.658,
            "인구수":23.61,
            "인구증감":-2.33,
            "인구총점":15.828,
            "일자리":8.1,
            "소득수준":50.26,
            "일자리총점":20.748,
            "가치 총점":44.3895,
            "매매실거래년":20211022.0,
            "매매실거래가":17800.0,
            "전세실거래년":20211122.0,
            "전세실거래가":10000.0,
            "전세가율":56.18,
            "장기전세가율평균":75.74,
            "전세가율거품지수":19.56,
            "검색코드":4512,
            "세대수":122,
            "준공년월":"1984-03-02",
            "준공년차":39,
            "가까운역이름":"NA",
            "가까운역거리":"NA",
            "역세권여부":"NA",
            "30분이내주요거점역":"NA",
            "1시간이내주요거점역":"NA",
            "3km이내백화점수":1,
            "5km이내아울렛몰수":1,
            "1km이내대형먀트수":0,
            "500m이내은행수":2,
            "500m이내병원수":29,
            "5km이내대형병원수":12,
            "500m이내공원수":6,
            "3km이내혐오시설수":0,
            "초등학교학업성취도":88.97,
            "중학교학업성취도":80.1,
            "용적률":0,
            "건폐율":0,
            "Y":35.131368,
            "X":126.904951,
            "rank":88.0,
            "area_info":"29평(96.85)",
            "last_sales":"2021-10-22,17800.0,29평(96.85)"
        },
        {
            "index":428,
            "아파트명":"새한",
            "투자타입":"일반",
            "전용면적(m2)":"70.01",
            "전용면적(평)":"21평",
            "법정동주소":"광주시 남구 진월동 281",
            "도로명주소":"광주시 남구 광복마을길 53",
            "세대수":30,
            "입주년차":0,
            "용적률점수":"--",
            "건폐율점수":"--",
            "세대당주차수":30,
            "난방방식":30,
            "공급면적":"--",
            "전용률":"--",
            "욕실수":50,
            "현관타입":100,
            "주거총점":33.0,
            "지역구공급총점":100.0,
            "역세권":"NA",
            "30분내 이동가능 거점":"NA",
            "1시간내 이동가능 거점":"NA",
            "교통총점":"NA",
            "백화점":0,
            "아울렛몰":80,
            "대형마트":0,
            "은행":70,
            "병원":80,
            "종합병원":100,
            "공원":0,
            "혐오시설":0,
            "인프라총점":43.0,
            "초등학군":89.68,
            "중학군":55.0,
            "학군총점":61.936,
            "인구수":23.61,
            "인구증감":-2.33,
            "인구총점":15.828,
            "일자리":8.1,
            "소득수준":50.26,
            "일자리총점":20.748,
            "가치 총점":44.234,
            "매매실거래년":20211113.0,
            "매매실거래가":40300.0,
            "전세실거래년":20211203.0,
            "전세실거래가":13000.0,
            "전세가율":94.89,
            "장기전세가율평균":75.74,
            "전세가율거품지수":-19.15,
            "검색코드":4453,
            "세대수":318,
            "준공년월":"1998-03-30",
            "준공년차":25,
            "가까운역이름":"NA",
            "가까운역거리":"NA",
            "역세권여부":"NA",
            "30분이내주요거점역":"NA",
            "1시간이내주요거점역":"NA",
            "3km이내백화점수":0,
            "5km이내아울렛몰수":1,
            "1km이내대형먀트수":0,
            "500m이내은행수":3,
            "500m이내병원수":43,
            "5km이내대형병원수":12,
            "500m이내공원수":0,
            "3km이내혐오시설수":0,
            "초등학교학업성취도":89.68,
            "중학교학업성취도":91.4,
            "용적률":286,
            "건폐율":24,
            "Y":35.122423,
            "X":126.896689,
            "rank":89.0,
            "area_info":"21평(70.01), 23평(78.55), 32평(106.24), 33평(110.32), 33평(110.41), 46평(152.27), 46평(153.23)",
            "last_sales":"2021-11-13,40300.0,46평(152.27)"
        },
        {
            "index":521,
            "아파트명":"효천LH천년나무4단지",
            "투자타입":"일반",
            "전용면적(m2)":"95.36",
            "전용면적(평)":"28평",
            "법정동주소":"광주시 남구 행암동 598",
            "도로명주소":"광주시 남구 효우2로 45",
            "세대수":0,
            "입주년차":80,
            "용적률점수":"--",
            "건폐율점수":"--",
            "세대당주차수":30,
            "난방방식":30,
            "공급면적":"--",
            "전용률":"--",
            "욕실수":100,
            "현관타입":100,
            "주거총점":43.5,
            "지역구공급총점":100.0,
            "역세권":"NA",
            "30분내 이동가능 거점":"NA",
            "1시간내 이동가능 거점":"NA",
            "교통총점":"NA",
            "백화점":0,
            "아울렛몰":80,
            "대형마트":0,
            "은행":0,
            "병원":30,
            "종합병원":100,
            "공원":100,
            "혐오시설":0,
            "인프라총점":34.0,
            "초등학군":90.0,
            "중학군":54.0,
            "학군총점":61.2,
            "인구수":23.61,
            "인구증감":-2.33,
            "인구총점":15.828,
            "일자리":8.1,
            "소득수준":50.26,
            "일자리총점":20.748,
            "가치 총점":44.125,
            "매매실거래년":20211219.0,
            "매매실거래가":34300.0,
            "전세실거래년":20211127.0,
            "전세실거래가":26000.0,
            "전세가율":75.8,
            "장기전세가율평균":75.74,
            "전세가율거품지수":-0.06,
            "검색코드":105338,
            "세대수":266,
            "준공년월":"2014-05-09",
            "준공년차":9,
            "가까운역이름":"NA",
            "가까운역거리":"NA",
            "역세권여부":"NA",
            "30분이내주요거점역":"NA",
            "1시간이내주요거점역":"NA",
            "3km이내백화점수":0,
            "5km이내아울렛몰수":1,
            "1km이내대형먀트수":0,
            "500m이내은행수":0,
            "500m이내병원수":5,
            "5km이내대형병원수":6,
            "500m이내공원수":5,
            "3km이내혐오시설수":0,
            "초등학교학업성취도":90.0,
            "중학교학업성취도":87.6,
            "용적률":194,
            "건폐율":16,
            "Y":35.101034,
            "X":126.887895,
            "rank":90.0,
            "area_info":"28평(95.36), 32평(107.89), 32평(108.09)",
            "last_sales":"2021-12-19,34300.0,28평(95.36)"
        },
        {
            "index":23,
            "아파트명":"진월지구남양휴튼",
            "투자타입":"일반",
            "전용면적(m2)":"144.48",
            "전용면적(평)":"43평",
            "법정동주소":"광주시 남구 노대동 839",
            "도로명주소":"광주시 남구 노대실로 26",
            "세대수":0,
            "입주년차":60,
            "용적률점수":"--",
            "건폐율점수":"--",
            "세대당주차수":80,
            "난방방식":30,
            "공급면적":"--",
            "전용률":"--",
            "욕실수":100,
            "현관타입":100,
            "주거총점":47.0,
            "지역구공급총점":100.0,
            "역세권":"NA",
            "30분내 이동가능 거점":"NA",
            "1시간내 이동가능 거점":"NA",
            "교통총점":"NA",
            "백화점":0,
            "아울렛몰":80,
            "대형마트":0,
            "은행":0,
            "병원":30,
            "종합병원":100,
            "공원":100,
            "혐오시설":0,
            "인프라총점":34.0,
            "초등학군":82.7,
            "중학군":49.4,
            "학군총점":56.06,
            "인구수":23.61,
            "인구증감":-2.33,
            "인구총점":15.828,
            "일자리":8.1,
            "소득수준":50.26,
            "일자리총점":20.748,
            "가치 총점":44.065,
            "매매실거래년":20211015.0,
            "매매실거래가":55000.0,
            "전세실거래년":20211209.0,
            "전세실거래가":35000.0,
            "전세가율":63.64,
            "장기전세가율평균":75.74,
            "전세가율거품지수":12.1,
            "검색코드":102413,
            "세대수":216,
            "준공년월":"2009-01-23",
            "준공년차":14,
            "가까운역이름":"NA",
            "가까운역거리":"NA",
            "역세권여부":"NA",
            "30분이내주요거점역":"NA",
            "1시간이내주요거점역":"NA",
            "3km이내백화점수":0,
            "5km이내아울렛몰수":1,
            "1km이내대형먀트수":0,
            "500m이내은행수":1,
            "500m이내병원수":7,
            "5km이내대형병원수":8,
            "500m이내공원수":10,
            "3km이내혐오시설수":0,
            "초등학교학업성취도":82.7,
            "중학교학업성취도":82.0,
            "용적률":169,
            "건폐율":18,
            "Y":35.107,
            "X":126.904575,
            "rank":91.0,
            "area_info":"43평(144.48), 52평(174.11)",
            "last_sales":"2021-10-15,55000.0,43평(144.48)"
        },
        {
            "index":253,
            "아파트명":"삼익",
            "투자타입":"일반",
            "전용면적(m2)":"79.55",
            "전용면적(평)":"24평",
            "법정동주소":"광주시 남구 송하동 45-1",
            "도로명주소":"광주시 남구 서문대로556번길 6",
            "세대수":80,
            "입주년차":0,
            "용적률점수":"--",
            "건폐율점수":"--",
            "세대당주차수":0,
            "난방방식":30,
            "공급면적":"--",
            "전용률":"--",
            "욕실수":100,
            "현관타입":100,
            "주거총점":51.0,
            "지역구공급총점":100.0,
            "역세권":"NA",
            "30분내 이동가능 거점":"NA",
            "1시간내 이동가능 거점":"NA",
            "교통총점":"NA",
            "백화점":0,
            "아울렛몰":80,
            "대형마트":0,
            "은행":0,
            "병원":0,
            "종합병원":100,
            "공원":0,
            "혐오시설":0,
            "인프라총점":28.0,
            "초등학군":96.84,
            "중학군":49.5,
            "학군총점":58.968,
            "인구수":23.61,
            "인구증감":-2.33,
            "인구총점":15.828,
            "일자리":8.1,
            "소득수준":50.26,
            "일자리총점":20.748,
            "가치 총점":43.792,
            "매매실거래년":20220106.0,
            "매매실거래가":12100.0,
            "전세실거래년":20220102.0,
            "전세실거래가":9000.0,
            "전세가율":74.38,
            "장기전세가율평균":75.74,
            "전세가율거품지수":1.36,
            "검색코드":4567,
            "세대수":771,
            "준공년월":"1997-04-30",
            "준공년차":26,
            "가까운역이름":"NA",
            "가까운역거리":"NA",
            "역세권여부":"NA",
            "30분이내주요거점역":"NA",
            "1시간이내주요거점역":"NA",
            "3km이내백화점수":0,
            "5km이내아울렛몰수":1,
            "1km이내대형먀트수":0,
            "500m이내은행수":0,
            "500m이내병원수":1,
            "5km이내대형병원수":9,
            "500m이내공원수":0,
            "3km이내혐오시설수":0,
            "초등학교학업성취도":96.84,
            "중학교학업성취도":82.5,
            "용적률":299,
            "건폐율":20,
            "Y":35.108781,
            "X":126.894273,
            "rank":92.0,
            "area_info":"24평(79.55), 28평(95.09), 31평(104.37), 40평(134.49)",
            "last_sales":"2022-01-06,12100.0,24평(79.55)"
        },
        {
            "index":424,
            "아파트명":"삼익세라믹",
            "투자타입":"일반",
            "전용면적(m2)":"102.31",
            "전용면적(평)":"30평",
            "법정동주소":"광주시 남구 진월동 250-8",
            "도로명주소":"광주시 남구 서문대로 660",
            "세대수":30,
            "입주년차":0,
            "용적률점수":"--",
            "건폐율점수":"--",
            "세대당주차수":0,
            "난방방식":30,
            "공급면적":"--",
            "전용률":"--",
            "욕실수":100,
            "현관타입":100,
            "주거총점":33.5,
            "지역구공급총점":100.0,
            "역세권":"NA",
            "30분내 이동가능 거점":"NA",
            "1시간내 이동가능 거점":"NA",
            "교통총점":"NA",
            "백화점":0,
            "아울렛몰":80,
            "대형마트":0,
            "은행":20,
            "병원":80,
            "종합병원":100,
            "공원":100,
            "혐오시설":0,
            "인프라총점":41.0,
            "초등학군":95.15,
            "중학군":54.36,
            "학군총점":62.518,
            "인구수":23.61,
            "인구증감":-2.33,
            "인구총점":15.828,
            "일자리":8.1,
            "소득수준":50.26,
            "일자리총점":20.748,
            "가치 총점":43.7545,
            "매매실거래년":20210730.0,
            "매매실거래가":35500.0,
            "전세실거래년":20211123.0,
            "전세실거래가":17000.0,
            "전세가율":75.89,
            "장기전세가율평균":75.74,
            "전세가율거품지수":-0.15,
            "검색코드":4446,
            "세대수":394,
            "준공년월":"1994-05-27",
            "준공년차":29,
            "가까운역이름":"NA",
            "가까운역거리":"NA",
            "역세권여부":"NA",
            "30분이내주요거점역":"NA",
            "1시간이내주요거점역":"NA",
            "3km이내백화점수":0,
            "5km이내아울렛몰수":1,
            "1km이내대형먀트수":0,
            "500m이내은행수":2,
            "500m이내병원수":44,
            "5km이내대형병원수":11,
            "500m이내공원수":4,
            "3km이내혐오시설수":0,
            "초등학교학업성취도":95.15,
            "중학교학업성취도":90.6,
            "용적률":266,
            "건폐율":26,
            "Y":35.118048,
            "X":126.900291,
            "rank":93.0,
            "area_info":"30평(102.31), 39평(129.15), 47평(156.82), 57평(189.03)",
            "last_sales":"2021-07-30,35500.0,57평(189.03)"
        },
        {
            "index":86,
            "아파트명":"백운벽산",
            "투자타입":"일반",
            "전용면적(m2)":"83.4",
            "전용면적(평)":"25평",
            "법정동주소":"광주시 남구 백운동 26-5",
            "도로명주소":"광주시 남구 독립로54번길 8",
            "세대수":30,
            "입주년차":0,
            "용적률점수":"--",
            "건폐율점수":"--",
            "세대당주차수":0,
            "난방방식":30,
            "공급면적":"--",
            "전용률":"--",
            "욕실수":50,
            "현관타입":10,
            "주거총점":19.5,
            "지역구공급총점":100.0,
            "역세권":"NA",
            "30분내 이동가능 거점":"NA",
            "1시간내 이동가능 거점":"NA",
            "교통총점":"NA",
            "백화점":100,
            "아울렛몰":80,
            "대형마트":0,
            "은행":0,
            "병원":60,
            "종합병원":100,
            "공원":0,
            "혐오시설":0,
            "인프라총점":64.0,
            "초등학군":82.34,
            "중학군":35.94,
            "학군총점":45.22,
            "인구수":23.61,
            "인구증감":-2.33,
            "인구총점":15.828,
            "일자리":8.1,
            "소득수준":50.26,
            "일자리총점":20.748,
            "가치 총점":43.73,
            "매매실거래년":20211119.0,
            "매매실거래가":14200.0,
            "전세실거래년":20170224.0,
            "전세실거래가":10000.0,
            "전세가율":70.42,
            "장기전세가율평균":75.74,
            "전세가율거품지수":5.32,
            "검색코드":4546,
            "세대수":326,
            "준공년월":"1998-04-21",
            "준공년차":25,
            "가까운역이름":"NA",
            "가까운역거리":"NA",
            "역세권여부":"NA",
            "30분이내주요거점역":"NA",
            "1시간이내주요거점역":"NA",
            "3km이내백화점수":1,
            "5km이내아울렛몰수":1,
            "1km이내대형먀트수":0,
            "500m이내은행수":0,
            "500m이내병원수":13,
            "5km이내대형병원수":13,
            "500m이내공원수":0,
            "3km이내혐오시설수":0,
            "초등학교학업성취도":82.34,
            "중학교학업성취도":59.9,
            "용적률":299,
            "건폐율":26,
            "Y":35.138094,
            "X":126.903083,
            "rank":94.0,
            "area_info":"25평(83.4), 32평(106.77), 44평(147.14)",
            "last_sales":"2021-11-19,14200.0,25평(83.4)"
        },
        {
            "index":369,
            "아파트명":"주월현대1차",
            "투자타입":"재건축",
            "전용면적(m2)":"84.12",
            "전용면적(평)":"25평",
            "법정동주소":"광주시 남구 주월동 450-91",
            "도로명주소":"광주시 남구 회재로1186번길 52",
            "세대수":0,
            "입주년차":"--",
            "용적률점수":60,
            "건폐율점수":100,
            "세대당주차수":"--",
            "난방방식":"--",
            "공급면적":70,
            "전용률":80,
            "욕실수":"--",
            "현관타입":"--",
            "주거총점":51.5,
            "지역구공급총점":100.0,
            "역세권":"NA",
            "30분내 이동가능 거점":"NA",
            "1시간내 이동가능 거점":"NA",
            "교통총점":"NA",
            "백화점":0,
            "아울렛몰":80,
            "대형마트":0,
            "은행":0,
            "병원":10,
            "종합병원":100,
            "공원":0,
            "혐오시설":0,
            "인프라총점":29.0,
            "초등학군":90.81,
            "중학군":47.44,
            "학군총점":56.114,
            "인구수":23.61,
            "인구증감":-2.33,
            "인구총점":15.828,
            "일자리":8.1,
            "소득수준":50.26,
            "일자리총점":20.748,
            "가치 총점":43.6535,
            "매매실거래년":20211207.0,
            "매매실거래가":15500.0,
            "전세실거래년":20190130.0,
            "전세실거래가":11000.0,
            "전세가율":76.66,
            "장기전세가율평균":75.74,
            "전세가율거품지수":-0.92,
            "검색코드":4717,
            "세대수":258,
            "준공년월":"1991-06-03",
            "준공년차":32,
            "가까운역이름":"NA",
            "가까운역거리":"NA",
            "역세권여부":"NA",
            "30분이내주요거점역":"NA",
            "1시간이내주요거점역":"NA",
            "3km이내백화점수":0,
            "5km이내아울렛몰수":1,
            "1km이내대형먀트수":0,
            "500m이내은행수":0,
            "500m이내병원수":2,
            "5km이내대형병원수":13,
            "500m이내공원수":0,
            "3km이내혐오시설수":0,
            "초등학교학업성취도":90.81,
            "중학교학업성취도":78.6,
            "용적률":193,
            "건폐율":18,
            "Y":35.127316,
            "X":126.891532,
            "rank":95.0,
            "area_info":"25평(84.12), 25평(85.11), 30평(101.85)",
            "last_sales":"2021-12-07,15500.0,30평(101.85)"
        },
        {
            "index":513,
            "아파트명":"효천LH천년나무2단지",
            "투자타입":"일반",
            "전용면적(m2)":"73.08",
            "전용면적(평)":"22평",
            "법정동주소":"광주시 남구 행암동 597",
            "도로명주소":"광주시 남구 효우2로 20",
            "세대수":30,
            "입주년차":80,
            "용적률점수":"--",
            "건폐율점수":"--",
            "세대당주차수":0,
            "난방방식":30,
            "공급면적":"--",
            "전용률":"--",
            "욕실수":50,
            "현관타입":100,
            "주거총점":44.5,
            "지역구공급총점":100.0,
            "역세권":"NA",
            "30분내 이동가능 거점":"NA",
            "1시간내 이동가능 거점":"NA",
            "교통총점":"NA",
            "백화점":0,
            "아울렛몰":80,
            "대형마트":0,
            "은행":0,
            "병원":30,
            "종합병원":100,
            "공원":100,
            "혐오시설":0,
            "인프라총점":34.0,
            "초등학군":90.0,
            "중학군":49.5,
            "학군총점":57.6,
            "인구수":23.61,
            "인구증감":-2.33,
            "인구총점":15.828,
            "일자리":8.1,
            "소득수준":50.26,
            "일자리총점":20.748,
            "가치 총점":43.575,
            "매매실거래년":20211030.0,
            "매매실거래가":27000.0,
            "전세실거래년":null,
            "전세실거래가":null,
            "전세가율":null,
            "장기전세가율평균":75.74,
            "전세가율거품지수":null,
            "검색코드":143448,
            "세대수":324,
            "준공년월":"2014-06-11",
            "준공년차":9,
            "가까운역이름":"NA",
            "가까운역거리":"NA",
            "역세권여부":"NA",
            "30분이내주요거점역":"NA",
            "1시간이내주요거점역":"NA",
            "3km이내백화점수":0,
            "5km이내아울렛몰수":1,
            "1km이내대형먀트수":0,
            "500m이내은행수":0,
            "500m이내병원수":6,
            "5km이내대형병원수":6,
            "500m이내공원수":4,
            "3km이내혐오시설수":0,
            "초등학교학업성취도":90.0,
            "중학교학업성취도":82.5,
            "용적률":159,
            "건폐율":16,
            "Y":35.102414,
            "X":126.890293,
            "rank":96.0,
            "area_info":"22평(73.08), 25평(84.57), 25평(84.75)",
            "last_sales":"2021-10-30,27000.0,25평(84.75)"
        },
        {
            "index":151,
            "아파트명":"명지",
            "투자타입":"재건축",
            "전용면적(m2)":"60.46",
            "전용면적(평)":"18평",
            "법정동주소":"광주시 남구 봉선동 5",
            "도로명주소":"광주시 남구 용대로 128",
            "세대수":50,
            "입주년차":"--",
            "용적률점수":0,
            "건폐율점수":40,
            "세대당주차수":"--",
            "난방방식":"--",
            "공급면적":50,
            "전용률":40,
            "욕실수":"--",
            "현관타입":"--",
            "주거총점":27.5,
            "지역구공급총점":100.0,
            "역세권":"NA",
            "30분내 이동가능 거점":"NA",
            "1시간내 이동가능 거점":"NA",
            "교통총점":"NA",
            "백화점":0,
            "아울렛몰":80,
            "대형마트":80,
            "은행":0,
            "병원":60,
            "종합병원":100,
            "공원":100,
            "혐오시설":0,
            "인프라총점":49.0,
            "초등학군":90.9,
            "중학군":48.04,
            "학군총점":56.612,
            "인구수":23.61,
            "인구증감":-2.33,
            "인구총점":15.828,
            "일자리":8.1,
            "소득수준":50.26,
            "일자리총점":20.748,
            "가치 총점":43.378,
            "매매실거래년":20211214.0,
            "매매실거래가":17200.0,
            "전세실거래년":20220110.0,
            "전세실거래가":7000.0,
            "전세가율":56.0,
            "장기전세가율평균":75.74,
            "전세가율거품지수":19.74,
            "검색코드":4689,
            "세대수":419,
            "준공년월":"1988-12-20",
            "준공년차":35,
            "가까운역이름":"NA",
            "가까운역거리":"NA",
            "역세권여부":"NA",
            "30분이내주요거점역":"NA",
            "1시간이내주요거점역":"NA",
            "3km이내백화점수":0,
            "5km이내아울렛몰수":1,
            "1km이내대형먀트수":1,
            "500m이내은행수":0,
            "500m이내병원수":16,
            "5km이내대형병원수":10,
            "500m이내공원수":2,
            "3km이내혐오시설수":0,
            "초등학교학업성취도":90.9,
            "중학교학업성취도":78.6,
            "용적률":315,
            "건폐율":38,
            "Y":35.127455,
            "X":126.918915,
            "rank":97.0,
            "area_info":"18평(60.46), 23평(78.39)",
            "last_sales":"2021-12-14,17200.0,23평(78.39)"
        },
        {
            "index":91,
            "아파트명":"사직스카이",
            "투자타입":"재건축",
            "전용면적(m2)":"102.87",
            "전용면적(평)":"31평",
            "법정동주소":"광주시 남구 백운동 409",
            "도로명주소":"광주시 남구 제중로 123",
            "세대수":0,
            "입주년차":"--",
            "용적률점수":0,
            "건폐율점수":0,
            "세대당주차수":"--",
            "난방방식":"--",
            "공급면적":90,
            "전용률":80,
            "욕실수":"--",
            "현관타입":"--",
            "주거총점":8.5,
            "지역구공급총점":100.0,
            "역세권":"NA",
            "30분내 이동가능 거점":"NA",
            "1시간내 이동가능 거점":"NA",
            "교통총점":"NA",
            "백화점":100,
            "아울렛몰":80,
            "대형마트":0,
            "은행":0,
            "병원":60,
            "종합병원":100,
            "공원":100,
            "혐오시설":0,
            "인프라총점":67.0,
            "초등학군":80.97,
            "중학군":46.58,
            "학군총점":53.458,
            "인구수":23.61,
            "인구증감":-2.33,
            "인구총점":15.828,
            "일자리":8.1,
            "소득수준":50.26,
            "일자리총점":20.748,
            "가치 총점":43.1395,
            "매매실거래년":20211110.0,
            "매매실거래가":17000.0,
            "전세실거래년":20151213.0,
            "전세실거래가":16000.0,
            "전세가율":110.34,
            "장기전세가율평균":75.74,
            "전세가율거품지수":-34.6,
            "검색코드":4556,
            "세대수":240,
            "준공년월":"1991-02-05",
            "준공년차":32,
            "가까운역이름":"NA",
            "가까운역거리":"NA",
            "역세권여부":"NA",
            "30분이내주요거점역":"NA",
            "1시간이내주요거점역":"NA",
            "3km이내백화점수":1,
            "5km이내아울렛몰수":1,
            "1km이내대형먀트수":0,
            "500m이내은행수":1,
            "500m이내병원수":12,
            "5km이내대형병원수":13,
            "500m이내공원수":4,
            "3km이내혐오시설수":0,
            "초등학교학업성취도":80.97,
            "중학교학업성취도":76.7,
            "용적률":0,
            "건폐율":0,
            "Y":35.142079,
            "X":126.908264,
            "rank":98.0,
            "area_info":"31평(102.87), 31평(103.3), 47평(156.78)",
            "last_sales":"2021-11-10,17000.0,31평(103.3)"
        },
        {
            "index":489,
            "아파트명":"진월현대2차",
            "투자타입":"일반",
            "전용면적(m2)":"75.91",
            "전용면적(평)":"22평",
            "법정동주소":"광주시 남구 진월동 245",
            "도로명주소":"광주시 남구 서문대로654번길 33",
            "세대수":30,
            "입주년차":0,
            "용적률점수":"--",
            "건폐율점수":"--",
            "세대당주차수":0,
            "난방방식":80,
            "공급면적":"--",
            "전용률":"--",
            "욕실수":50,
            "현관타입":100,
            "주거총점":33.5,
            "지역구공급총점":100.0,
            "역세권":"NA",
            "30분내 이동가능 거점":"NA",
            "1시간내 이동가능 거점":"NA",
            "교통총점":"NA",
            "백화점":0,
            "아울렛몰":80,
            "대형마트":0,
            "은행":20,
            "병원":60,
            "종합병원":100,
            "공원":100,
            "혐오시설":0,
            "인프라총점":39.0,
            "초등학군":95.15,
            "중학군":54.36,
            "학군총점":62.518,
            "인구수":23.61,
            "인구증감":-2.33,
            "인구총점":15.828,
            "일자리":8.1,
            "소득수준":50.26,
            "일자리총점":20.748,
            "가치 총점":42.9545,
            "매매실거래년":20211220.0,
            "매매실거래가":17800.0,
            "전세실거래년":20211011.0,
            "전세실거래가":14000.0,
            "전세가율":78.65,
            "장기전세가율평균":75.74,
            "전세가율거품지수":-2.91,
            "검색코드":4481,
            "세대수":387,
            "준공년월":"1997-07-01",
            "준공년차":26,
            "가까운역이름":"NA",
            "가까운역거리":"NA",
            "역세권여부":"NA",
            "30분이내주요거점역":"NA",
            "1시간이내주요거점역":"NA",
            "3km이내백화점수":0,
            "5km이내아울렛몰수":1,
            "1km이내대형먀트수":0,
            "500m이내은행수":2,
            "500m이내병원수":24,
            "5km이내대형병원수":10,
            "500m이내공원수":4,
            "3km이내혐오시설수":0,
            "초등학교학업성취도":95.15,
            "중학교학업성취도":90.6,
            "용적률":244,
            "건폐율":19,
            "Y":35.117528,
            "X":126.90156,
            "rank":99.0,
            "area_info":"22평(75.91), 23평(76.5), 32평(107.7)",
            "last_sales":"2021-12-20,17800.0,22평(75.91)"
        },
        {
            "index":509,
            "아파트명":"제일풍경채에듀파크1단지",
            "투자타입":"일반",
            "전용면적(m2)":"96.43",
            "전용면적(평)":"29평",
            "법정동주소":"광주시 남구 행암동 526",
            "도로명주소":"광주시 남구 효우로 332-10",
            "세대수":0,
            "입주년차":80,
            "용적률점수":"--",
            "건폐율점수":"--",
            "세대당주차수":30,
            "난방방식":30,
            "공급면적":"--",
            "전용률":"--",
            "욕실수":100,
            "현관타입":100,
            "주거총점":43.5,
            "지역구공급총점":100.0,
            "역세권":"NA",
            "30분내 이동가능 거점":"NA",
            "1시간내 이동가능 거점":"NA",
            "교통총점":"NA",
            "백화점":0,
            "아울렛몰":80,
            "대형마트":0,
            "은행":0,
            "병원":0,
            "종합병원":100,
            "공원":100,
            "혐오시설":0,
            "인프라총점":31.0,
            "초등학군":90.0,
            "중학군":54.0,
            "학군총점":61.2,
            "인구수":23.61,
            "인구증감":-2.33,
            "인구총점":15.828,
            "일자리":8.1,
            "소득수준":50.26,
            "일자리총점":20.748,
            "가치 총점":42.925,
            "매매실거래년":20211130.0,
            "매매실거래가":48700.0,
            "전세실거래년":20201217.0,
            "전세실거래가":28000.0,
            "전세가율":60.87,
            "장기전세가율평균":75.74,
            "전세가율거품지수":14.87,
            "검색코드":106159,
            "세대수":270,
            "준공년월":"2015-02-23",
            "준공년차":8,
            "가까운역이름":"NA",
            "가까운역거리":"NA",
            "역세권여부":"NA",
            "30분이내주요거점역":"NA",
            "1시간이내주요거점역":"NA",
            "3km이내백화점수":0,
            "5km이내아울렛몰수":1,
            "1km이내대형먀트수":0,
            "500m이내은행수":0,
            "500m이내병원수":1,
            "5km이내대형병원수":6,
            "500m이내공원수":10,
            "3km이내혐오시설수":0,
            "초등학교학업성취도":90.0,
            "중학교학업성취도":87.6,
            "용적률":199,
            "건폐율":20,
            "Y":35.100714,
            "X":126.882503,
            "rank":100.0,
            "area_info":"29평(96.43), 33평(109.81)",
            "last_sales":"2021-11-30,48700.0,33평(109.81)"
        },
        {
            "index":366,
            "아파트명":"주월이지더원1단지",
            "투자타입":"일반",
            "전용면적(m2)":"107.96",
            "전용면적(평)":"32평",
            "법정동주소":"광주시 남구 주월동 1301",
            "도로명주소":"광주시 남구 봉선로84번길 16",
            "세대수":0,
            "입주년차":60,
            "용적률점수":"--",
            "건폐율점수":"--",
            "세대당주차수":30,
            "난방방식":30,
            "공급면적":"--",
            "전용률":"--",
            "욕실수":100,
            "현관타입":100,
            "주거총점":39.5,
            "지역구공급총점":100.0,
            "역세권":"NA",
            "30분내 이동가능 거점":"NA",
            "1시간내 이동가능 거점":"NA",
            "교통총점":"NA",
            "백화점":0,
            "아울렛몰":80,
            "대형마트":0,
            "은행":0,
            "병원":60,
            "종합병원":100,
            "공원":100,
            "혐오시설":0,
            "인프라총점":37.0,
            "초등학군":88.97,
            "중학군":48.58,
            "학군총점":56.658,
            "인구수":23.61,
            "인구증감":-2.33,
            "인구총점":15.828,
            "일자리":8.1,
            "소득수준":50.26,
            "일자리총점":20.748,
            "가치 총점":42.7895,
            "매매실거래년":20210917.0,
            "매매실거래가":45100.0,
            "전세실거래년":20211209.0,
            "전세실거래가":30000.0,
            "전세가율":66.52,
            "장기전세가율평균":75.74,
            "전세가율거품지수":9.22,
            "검색코드":103523,
            "세대수":177,
            "준공년월":"2012-11-30",
            "준공년차":11,
            "가까운역이름":"NA",
            "가까운역거리":"NA",
            "역세권여부":"NA",
            "30분이내주요거점역":"NA",
            "1시간이내주요거점역":"NA",
            "3km이내백화점수":0,
            "5km이내아울렛몰수":1,
            "1km이내대형먀트수":0,
            "500m이내은행수":0,
            "500m이내병원수":15,
            "5km이내대형병원수":12,
            "500m이내공원수":6,
            "3km이내혐오시설수":0,
            "초등학교학업성취도":88.97,
            "중학교학업성취도":80.1,
            "용적률":240,
            "건폐율":23,
            "Y":35.127542,
            "X":126.90479,
            "rank":101.0,
            "area_info":"32평(107.96), 32평(107.73), 41평(136.79)",
            "last_sales":"2021-09-17,45100.0,32평(107.96)"
        },
        {
            "index":336,
            "아파트명":"서강",
            "투자타입":"일반",
            "전용면적(m2)":"61.03",
            "전용면적(평)":"18평",
            "법정동주소":"광주시 남구 주월동 485-2",
            "도로명주소":"광주시 남구 회서로21번길 13",
            "세대수":0,
            "입주년차":0,
            "용적률점수":"--",
            "건폐율점수":"--",
            "세대당주차수":0,
            "난방방식":30,
            "공급면적":"--",
            "전용률":"--",
            "욕실수":50,
            "현관타입":10,
            "주거총점":9.0,
            "지역구공급총점":100.0,
            "역세권":"NA",
            "30분내 이동가능 거점":"NA",
            "1시간내 이동가능 거점":"NA",
            "교통총점":"NA",
            "백화점":100,
            "아울렛몰":80,
            "대형마트":0,
            "은행":0,
            "병원":30,
            "종합병원":100,
            "공원":100,
            "혐오시설":0,
            "인프라총점":64.0,
            "초등학군":90.81,
            "중학군":47.44,
            "학군총점":56.114,
            "인구수":23.61,
            "인구증감":-2.33,
            "인구총점":15.828,
            "일자리":8.1,
            "소득수준":50.26,
            "일자리총점":20.748,
            "가치 총점":42.7785,
            "매매실거래년":20211224.0,
            "매매실거래가":10500.0,
            "전세실거래년":20191009.0,
            "전세실거래가":8700.0,
            "전세가율":82.86,
            "장기전세가율평균":75.74,
            "전세가율거품지수":-7.12,
            "검색코드":15665,
            "세대수":125,
            "준공년월":"1998-04-07",
            "준공년차":25,
            "가까운역이름":"NA",
            "가까운역거리":"NA",
            "역세권여부":"NA",
            "30분이내주요거점역":"NA",
            "1시간이내주요거점역":"NA",
            "3km이내백화점수":1,
            "5km이내아울렛몰수":1,
            "1km이내대형먀트수":0,
            "500m이내은행수":1,
            "500m이내병원수":8,
            "5km이내대형병원수":13,
            "500m이내공원수":2,
            "3km이내혐오시설수":0,
            "초등학교학업성취도":90.81,
            "중학교학업성취도":78.6,
            "용적률":242,
            "건폐율":26,
            "Y":35.131818,
            "X":126.894993,
            "rank":102.0,
            "area_info":"18평(61.03)",
            "last_sales":"2021-12-24,10500.0,18평(61.03)"
        },
        {
            "index":63,
            "아파트명":"대주",
            "투자타입":"재건축",
            "전용면적(m2)":"101.49",
            "전용면적(평)":"30평",
            "법정동주소":"광주시 남구 백운동 627-5",
            "도로명주소":"광주시 남구 백양로7번길 16-7",
            "세대수":0,
            "입주년차":"--",
            "용적률점수":0,
            "건폐율점수":0,
            "세대당주차수":"--",
            "난방방식":"--",
            "공급면적":90,
            "전용률":80,
            "욕실수":"--",
            "현관타입":"--",
            "주거총점":8.5,
            "지역구공급총점":100.0,
            "역세권":"NA",
            "30분내 이동가능 거점":"NA",
            "1시간내 이동가능 거점":"NA",
            "교통총점":"NA",
            "백화점":100,
            "아울렛몰":80,
            "대형마트":0,
            "은행":20,
            "병원":80,
            "종합병원":100,
            "공원":100,
            "혐오시설":0,
            "인프라총점":71.0,
            "초등학군":82.34,
            "중학군":35.94,
            "학군총점":45.22,
            "인구수":23.61,
            "인구증감":-2.33,
            "인구총점":15.828,
            "일자리":8.1,
            "소득수준":50.26,
            "일자리총점":20.748,
            "가치 총점":42.68,
            "매매실거래년":20211214.0,
            "매매실거래가":16880.0,
            "전세실거래년":20210927.0,
            "전세실거래가":18000.0,
            "전세가율":106.64,
            "장기전세가율평균":75.74,
            "전세가율거품지수":-30.9,
            "검색코드":4539,
            "세대수":194,
            "준공년월":"1989-12-12",
            "준공년차":34,
            "가까운역이름":"NA",
            "가까운역거리":"NA",
            "역세권여부":"NA",
            "30분이내주요거점역":"NA",
            "1시간이내주요거점역":"NA",
            "3km이내백화점수":1,
            "5km이내아울렛몰수":1,
            "1km이내대형먀트수":0,
            "500m이내은행수":2,
            "500m이내병원수":35,
            "5km이내대형병원수":13,
            "500m이내공원수":4,
            "3km이내혐오시설수":0,
            "초등학교학업성취도":82.34,
            "중학교학업성취도":59.9,
            "용적률":0,
            "건폐율":0,
            "Y":35.134786,
            "X":126.903095,
            "rank":103.0,
            "area_info":"30평(101.49), 50평(165.37)",
            "last_sales":"2021-12-14,16880.0,30평(101.49)"
        },
        {
            "index":179,
            "아파트명":"무진",
            "투자타입":"재건축",
            "전용면적(m2)":"77.16",
            "전용면적(평)":"23평",
            "법정동주소":"광주시 남구 봉선동 1103-4",
            "도로명주소":"광주시 남구 대남대로193번길 3-1",
            "세대수":0,
            "입주년차":"--",
            "용적률점수":0,
            "건폐율점수":0,
            "세대당주차수":"--",
            "난방방식":"--",
            "공급면적":50,
            "전용률":80,
            "욕실수":"--",
            "현관타입":"--",
            "주거총점":6.5,
            "지역구공급총점":100.0,
            "역세권":"NA",
            "30분내 이동가능 거점":"NA",
            "1시간내 이동가능 거점":"NA",
            "교통총점":"NA",
            "백화점":100,
            "아울렛몰":80,
            "대형마트":0,
            "은행":20,
            "병원":80,
            "종합병원":100,
            "공원":100,
            "혐오시설":0,
            "인프라총점":71.0,
            "초등학군":88.97,
            "중학군":35.94,
            "학군총점":46.546,
            "인구수":23.61,
            "인구증감":-2.33,
            "인구총점":15.828,
            "일자리":8.1,
            "소득수준":50.26,
            "일자리총점":20.748,
            "가치 총점":42.3115,
            "매매실거래년":"18000101",
            "매매실거래가":null,
            "전세실거래년":null,
            "전세실거래가":null,
            "전세가율":null,
            "장기전세가율평균":75.74,
            "전세가율거품지수":null,
            "검색코드":15662,
            "세대수":136,
            "준공년월":"1983-09-14",
            "준공년차":40,
            "가까운역이름":"NA",
            "가까운역거리":"NA",
            "역세권여부":"NA",
            "30분이내주요거점역":"NA",
            "1시간이내주요거점역":"NA",
            "3km이내백화점수":1,
            "5km이내아울렛몰수":1,
            "1km이내대형먀트수":0,
            "500m이내은행수":2,
            "500m이내병원수":34,
            "5km이내대형병원수":12,
            "500m이내공원수":4,
            "3km이내혐오시설수":0,
            "초등학교학업성취도":88.97,
            "중학교학업성취도":59.9,
            "용적률":0,
            "건폐율":0,
            "Y":35.133122,
            "X":126.904521,
            "rank":104.0,
            "area_info":"23평(77.16), 26평(88.84), 29평(97.52), 29평(98.15), 30평(99.66)",
            "last_sales":"1800-01-01,nan,23평(77.16)"
        },
        {
            "index":422,
            "아파트명":"대주파크빌",
            "투자타입":"일반",
            "전용면적(m2)":"112.6",
            "전용면적(평)":"34평",
            "법정동주소":"광주시 남구 진월동 536",
            "도로명주소":"광주시 남구 화산로 20",
            "세대수":0,
            "입주년차":40,
            "용적률점수":"--",
            "건폐율점수":"--",
            "세대당주차수":30,
            "난방방식":30,
            "공급면적":"--",
            "전용률":"--",
            "욕실수":100,
            "현관타입":100,
            "주거총점":35.5,
            "지역구공급총점":100.0,
            "역세권":"NA",
            "30분내 이동가능 거점":"NA",
            "1시간내 이동가능 거점":"NA",
            "교통총점":"NA",
            "백화점":0,
            "아울렛몰":80,
            "대형마트":0,
            "은행":0,
            "병원":30,
            "종합병원":100,
            "공원":100,
            "혐오시설":0,
            "인프라총점":34.0,
            "초등학군":96.84,
            "중학군":54.36,
            "학군총점":62.856,
            "인구수":23.61,
            "인구증감":-2.33,
            "인구총점":15.828,
            "일자리":8.1,
            "소득수준":50.26,
            "일자리총점":20.748,
            "가치 총점":41.739,
            "매매실거래년":20220102.0,
            "매매실거래가":30200.0,
            "전세실거래년":20210526.0,
            "전세실거래가":20000.0,
            "전세가율":66.23,
            "장기전세가율평균":75.74,
            "전세가율거품지수":9.51,
            "검색코드":19527,
            "세대수":256,
            "준공년월":"2006-01-03",
            "준공년차":17,
            "가까운역이름":"NA",
            "가까운역거리":"NA",
            "역세권여부":"NA",
            "30분이내주요거점역":"NA",
            "1시간이내주요거점역":"NA",
            "3km이내백화점수":0,
            "5km이내아울렛몰수":1,
            "1km이내대형먀트수":0,
            "500m이내은행수":0,
            "500m이내병원수":6,
            "5km이내대형병원수":9,
            "500m이내공원수":4,
            "3km이내혐오시설수":0,
            "초등학교학업성취도":96.84,
            "중학교학업성취도":90.6,
            "용적률":291,
            "건폐율":17,
            "Y":35.11191,
            "X":126.898267,
            "rank":105.0,
            "area_info":"34평(112.6)",
            "last_sales":"2022-01-02,30200.0,34평(112.6)"
        },
        {
            "index":460,
            "아파트명":"진월고운하이플러스2차",
            "투자타입":"일반",
            "전용면적(m2)":"113.16",
            "전용면적(평)":"34평",
            "법정동주소":"광주시 남구 진월동 172",
            "도로명주소":"광주시 남구 진제길 28",
            "세대수":0,
            "입주년차":40,
            "용적률점수":"--",
            "건폐율점수":"--",
            "세대당주차수":30,
            "난방방식":30,
            "공급면적":"--",
            "전용률":"--",
            "욕실수":100,
            "현관타입":100,
            "주거총점":35.5,
            "지역구공급총점":100.0,
            "역세권":"NA",
            "30분내 이동가능 거점":"NA",
            "1시간내 이동가능 거점":"NA",
            "교통총점":"NA",
            "백화점":0,
            "아울렛몰":80,
            "대형마트":0,
            "은행":0,
            "병원":30,
            "종합병원":100,
            "공원":100,
            "혐오시설":0,
            "인프라총점":34.0,
            "초등학군":95.15,
            "중학군":54.36,
            "학군총점":62.518,
            "인구수":23.61,
            "인구증감":-2.33,
            "인구총점":15.828,
            "일자리":8.1,
            "소득수준":50.26,
            "일자리총점":20.748,
            "가치 총점":41.6545,
            "매매실거래년":20211211.0,
            "매매실거래가":36400.0,
            "전세실거래년":20211011.0,
            "전세실거래가":21000.0,
            "전세가율":57.69,
            "장기전세가율평균":75.74,
            "전세가율거품지수":18.05,
            "검색코드":114909,
            "세대수":282,
            "준공년월":"2008-05-23",
            "준공년차":15,
            "가까운역이름":"NA",
            "가까운역거리":"NA",
            "역세권여부":"NA",
            "30분이내주요거점역":"NA",
            "1시간이내주요거점역":"NA",
            "3km이내백화점수":0,
            "5km이내아울렛몰수":1,
            "1km이내대형먀트수":0,
            "500m이내은행수":0,
            "500m이내병원수":8,
            "5km이내대형병원수":10,
            "500m이내공원수":4,
            "3km이내혐오시설수":0,
            "초등학교학업성취도":95.15,
            "중학교학업성취도":90.6,
            "용적률":192,
            "건폐율":20,
            "Y":35.114907,
            "X":126.902747,
            "rank":106.0,
            "area_info":"34평(113.16)",
            "last_sales":"2021-12-11,36400.0,34평(113.16)"
        },
        {
            "index":473,
            "아파트명":"진월한국아델리움2차",
            "투자타입":"일반",
            "전용면적(m2)":"124.9",
            "전용면적(평)":"37평",
            "법정동주소":"광주시 남구 진월동 870",
            "도로명주소":"광주시 남구 서문대로627번길 9",
            "세대수":0,
            "입주년차":60,
            "용적률점수":"--",
            "건폐율점수":"--",
            "세대당주차수":30,
            "난방방식":30,
            "공급면적":"--",
            "전용률":"--",
            "욕실수":100,
            "현관타입":50,
            "주거총점":34.5,
            "지역구공급총점":100.0,
            "역세권":"NA",
            "30분내 이동가능 거점":"NA",
            "1시간내 이동가능 거점":"NA",
            "교통총점":"NA",
            "백화점":0,
            "아울렛몰":80,
            "대형마트":0,
            "은행":0,
            "병원":60,
            "종합병원":100,
            "공원":100,
            "혐오시설":0,
            "인프라총점":37.0,
            "초등학군":96.84,
            "중학군":49.5,
            "학군총점":58.968,
            "인구수":23.61,
            "인구증감":-2.33,
            "인구총점":15.828,
            "일자리":8.1,
            "소득수준":50.26,
            "일자리총점":20.748,
            "가치 총점":41.617,
            "매매실거래년":20211223.0,
            "매매실거래가":48600.0,
            "전세실거래년":20211106.0,
            "전세실거래가":40000.0,
            "전세가율":82.3,
            "장기전세가율평균":75.74,
            "전세가율거품지수":-6.56,
            "검색코드":118392,
            "세대수":127,
            "준공년월":"2011-01-19",
            "준공년차":12,
            "가까운역이름":"NA",
            "가까운역거리":"NA",
            "역세권여부":"NA",
            "30분이내주요거점역":"NA",
            "1시간이내주요거점역":"NA",
            "3km이내백화점수":0,
            "5km이내아울렛몰수":1,
            "1km이내대형먀트수":0,
            "500m이내은행수":0,
            "500m이내병원수":17,
            "5km이내대형병원수":10,
            "500m이내공원수":4,
            "3km이내혐오시설수":0,
            "초등학교학업성취도":96.84,
            "중학교학업성취도":82.5,
            "용적률":233,
            "건폐율":21,
            "Y":35.114964,
            "X":126.896463,
            "rank":107.0,
            "area_info":"37평(124.9), 37평(124.9), 37평(124.71), 37평(124.79), 37평(125.13)",
            "last_sales":"2021-12-23,48600.0,37평(124.9)"
        },
        {
            "index":419,
            "아파트명":"대주2차",
            "투자타입":"재건축",
            "전용면적(m2)":"100.89",
            "전용면적(평)":"30평",
            "법정동주소":"광주시 남구 진월동 295",
            "도로명주소":"광주시 남구 서문대로690번길 3",
            "세대수":0,
            "입주년차":"--",
            "용적률점수":0,
            "건폐율점수":80,
            "세대당주차수":"--",
            "난방방식":"--",
            "공급면적":90,
            "전용률":80,
            "욕실수":"--",
            "현관타입":"--",
            "주거총점":24.5,
            "지역구공급총점":100.0,
            "역세권":"NA",
            "30분내 이동가능 거점":"NA",
            "1시간내 이동가능 거점":"NA",
            "교통총점":"NA",
            "백화점":0,
            "아울렛몰":80,
            "대형마트":0,
            "은행":70,
            "병원":80,
            "종합병원":100,
            "공원":0,
            "혐오시설":0,
            "인프라총점":43.0,
            "초등학군":96.84,
            "중학군":54.78,
            "학군총점":63.192,
            "인구수":23.61,
            "인구증감":-2.33,
            "인구총점":15.828,
            "일자리":8.1,
            "소득수준":50.26,
            "일자리총점":20.748,
            "가치 총점":41.573,
            "매매실거래년":20211106.0,
            "매매실거래가":23000.0,
            "전세실거래년":20210330.0,
            "전세실거래가":16000.0,
            "전세가율":69.57,
            "장기전세가율평균":75.74,
            "전세가율거품지수":6.17,
            "검색코드":4441,
            "세대수":270,
            "준공년월":"1991-04-04",
            "준공년차":32,
            "가까운역이름":"NA",
            "가까운역거리":"NA",
            "역세권여부":"NA",
            "30분이내주요거점역":"NA",
            "1시간이내주요거점역":"NA",
            "3km이내백화점수":0,
            "5km이내아울렛몰수":1,
            "1km이내대형먀트수":0,
            "500m이내은행수":3,
            "500m이내병원수":45,
            "5km이내대형병원수":12,
            "500m이내공원수":0,
            "3km이내혐오시설수":0,
            "초등학교학업성취도":96.84,
            "중학교학업성취도":89.5,
            "용적률":241,
            "건폐율":20,
            "Y":35.121707,
            "X":126.900154,
            "rank":108.0,
            "area_info":"30평(100.89), 35평(116.66), 41평(137.16)",
            "last_sales":"2021-11-06,23000.0,30평(100.89)"
        },
        {
            "index":443,
            "아파트명":"아남",
            "투자타입":"일반",
            "전용면적(m2)":"78.69",
            "전용면적(평)":"23평",
            "법정동주소":"광주시 남구 진월동 348",
            "도로명주소":"광주시 남구 금당로3길 20",
            "세대수":50,
            "입주년차":0,
            "용적률점수":"--",
            "건폐율점수":"--",
            "세대당주차수":0,
            "난방방식":30,
            "공급면적":"--",
            "전용률":"--",
            "욕실수":50,
            "현관타입":100,
            "주거총점":35.5,
            "지역구공급총점":100.0,
            "역세권":"NA",
            "30분내 이동가능 거점":"NA",
            "1시간내 이동가능 거점":"NA",
            "교통총점":"NA",
            "백화점":0,
            "아울렛몰":80,
            "대형마트":0,
            "은행":0,
            "병원":60,
            "종합병원":100,
            "공원":0,
            "혐오시설":0,
            "인프라총점":34.0,
            "초등학군":89.68,
            "중학군":55.0,
            "학군총점":61.936,
            "인구수":23.61,
            "인구증감":-2.33,
            "인구총점":15.828,
            "일자리":8.1,
            "소득수준":50.26,
            "일자리총점":20.748,
            "가치 총점":41.509,
            "매매실거래년":20211218.0,
            "매매실거래가":26800.0,
            "전세실거래년":20211211.0,
            "전세실거래가":14000.0,
            "전세가율":84.85,
            "장기전세가율평균":75.74,
            "전세가율거품지수":-9.11,
            "검색코드":4513,
            "세대수":465,
            "준공년월":"1997-11-13",
            "준공년차":26,
            "가까운역이름":"NA",
            "가까운역거리":"NA",
            "역세권여부":"NA",
            "30분이내주요거점역":"NA",
            "1시간이내주요거점역":"NA",
            "3km이내백화점수":0,
            "5km이내아울렛몰수":1,
            "1km이내대형먀트수":0,
            "500m이내은행수":0,
            "500m이내병원수":13,
            "5km이내대형병원수":13,
            "500m이내공원수":0,
            "3km이내혐오시설수":0,
            "초등학교학업성취도":89.68,
            "중학교학업성취도":91.4,
            "용적률":294,
            "건폐율":23,
            "Y":35.121973,
            "X":126.892811,
            "rank":109.0,
            "area_info":"23평(78.69), 31평(105.64), 44평(147.39)",
            "last_sales":"2021-12-18,26800.0,31평(105.64)"
        },
        {
            "index":498,
            "아파트명":"협진훼밀리",
            "투자타입":"재건축",
            "전용면적(m2)":"102.66",
            "전용면적(평)":"31평",
            "법정동주소":"광주시 남구 진월동 340",
            "도로명주소":"광주시 남구 금당로3길 8-4",
            "세대수":0,
            "입주년차":"--",
            "용적률점수":0,
            "건폐율점수":80,
            "세대당주차수":"--",
            "난방방식":"--",
            "공급면적":90,
            "전용률":80,
            "욕실수":"--",
            "현관타입":"--",
            "주거총점":24.5,
            "지역구공급총점":100.0,
            "역세권":"NA",
            "30분내 이동가능 거점":"NA",
            "1시간내 이동가능 거점":"NA",
            "교통총점":"NA",
            "백화점":0,
            "아울렛몰":80,
            "대형마트":0,
            "은행":70,
            "병원":80,
            "종합병원":100,
            "공원":0,
            "혐오시설":0,
            "인프라총점":43.0,
            "초등학군":89.68,
            "중학군":55.0,
            "학군총점":61.936,
            "인구수":23.61,
            "인구증감":-2.33,
            "인구총점":15.828,
            "일자리":8.1,
            "소득수준":50.26,
            "일자리총점":20.748,
            "가치 총점":41.259,
            "매매실거래년":20211127.0,
            "매매실거래가":19700.0,
            "전세실거래년":20210118.0,
            "전세실거래가":13500.0,
            "전세가율":68.53,
            "장기전세가율평균":75.74,
            "전세가율거품지수":7.21,
            "검색코드":4479,
            "세대수":228,
            "준공년월":"1990-11-23",
            "준공년차":33,
            "가까운역이름":"NA",
            "가까운역거리":"NA",
            "역세권여부":"NA",
            "30분이내주요거점역":"NA",
            "1시간이내주요거점역":"NA",
            "3km이내백화점수":0,
            "5km이내아울렛몰수":1,
            "1km이내대형먀트수":0,
            "500m이내은행수":3,
            "500m이내병원수":40,
            "5km이내대형병원수":12,
            "500m이내공원수":0,
            "3km이내혐오시설수":0,
            "초등학교학업성취도":89.68,
            "중학교학업성취도":91.4,
            "용적률":230,
            "건폐율":20,
            "Y":35.122129,
            "X":126.89508,
            "rank":110.0,
            "area_info":"31평(102.66)",
            "last_sales":"2021-11-27,19700.0,31평(102.66)"
        },
        {
            "index":257,
            "아파트명":"송하진아리채5차2단지",
            "투자타입":"일반",
            "전용면적(m2)":"108.9",
            "전용면적(평)":"32평",
            "법정동주소":"광주시 남구 송하동 126-2",
            "도로명주소":"광주시 남구 원효천1길 5",
            "세대수":0,
            "입주년차":60,
            "용적률점수":"--",
            "건폐율점수":"--",
            "세대당주차수":30,
            "난방방식":30,
            "공급면적":"--",
            "전용률":"--",
            "욕실수":100,
            "현관타입":100,
            "주거총점":39.5,
            "지역구공급총점":100.0,
            "역세권":"NA",
            "30분내 이동가능 거점":"NA",
            "1시간내 이동가능 거점":"NA",
            "교통총점":"NA",
            "백화점":0,
            "아울렛몰":80,
            "대형마트":0,
            "은행":0,
            "병원":0,
            "종합병원":100,
            "공원":100,
            "혐오시설":-50,
            "인프라총점":30.0,
            "초등학군":90.0,
            "중학군":54.0,
            "학군총점":61.2,
            "인구수":23.61,
            "인구증감":-2.33,
            "인구총점":15.828,
            "일자리":8.1,
            "소득수준":50.26,
            "일자리총점":20.748,
            "가치 총점":41.125,
            "매매실거래년":20211115.0,
            "매매실거래가":38500.0,
            "전세실거래년":20220111.0,
            "전세실거래가":27000.0,
            "전세가율":71.05,
            "장기전세가율평균":75.74,
            "전세가율거품지수":4.69,
            "검색코드":104838,
            "세대수":220,
            "준공년월":"2010-04-26",
            "준공년차":13,
            "가까운역이름":"NA",
            "가까운역거리":"NA",
            "역세권여부":"NA",
            "30분이내주요거점역":"NA",
            "1시간이내주요거점역":"NA",
            "3km이내백화점수":0,
            "5km이내아울렛몰수":1,
            "1km이내대형먀트수":0,
            "500m이내은행수":0,
            "500m이내병원수":0,
            "5km이내대형병원수":6,
            "500m이내공원수":5,
            "3km이내혐오시설수":1,
            "초등학교학업성취도":90.0,
            "중학교학업성취도":87.6,
            "용적률":224,
            "건폐율":19,
            "Y":35.105258,
            "X":126.882606,
            "rank":111.0,
            "area_info":"32평(108.9), 32평(108.57)",
            "last_sales":"2021-11-15,38500.0,32평(108.57)"
        },
        {
            "index":96,
            "아파트명":"스카이맨션",
            "투자타입":"재건축",
            "전용면적(m2)":"59.4",
            "전용면적(평)":"17평",
            "법정동주소":"광주시 남구 백운동 514-44",
            "도로명주소":"광주시 남구 양림로 14",
            "세대수":0,
            "입주년차":"--",
            "용적률점수":0,
            "건폐율점수":0,
            "세대당주차수":"--",
            "난방방식":"--",
            "공급면적":50,
            "전용률":40,
            "욕실수":"--",
            "현관타입":"--",
            "주거총점":4.5,
            "지역구공급총점":100.0,
            "역세권":"NA",
            "30분내 이동가능 거점":"NA",
            "1시간내 이동가능 거점":"NA",
            "교통총점":"NA",
            "백화점":100,
            "아울렛몰":80,
            "대형마트":0,
            "은행":0,
            "병원":60,
            "종합병원":100,
            "공원":0,
            "혐오시설":0,
            "인프라총점":64.0,
            "초등학군":89.36,
            "중학군":46.58,
            "학군총점":55.136,
            "인구수":23.61,
            "인구증감":-2.33,
            "인구총점":15.828,
            "일자리":8.1,
            "소득수준":50.26,
            "일자리총점":20.748,
            "가치 총점":40.959,
            "매매실거래년":20220112.0,
            "매매실거래가":10400.0,
            "전세실거래년":20211024.0,
            "전세실거래가":5000.0,
            "전세가율":70.42,
            "장기전세가율평균":75.74,
            "전세가율거품지수":5.32,
            "검색코드":4541,
            "세대수":133,
            "준공년월":"1988-03-31",
            "준공년차":35,
            "가까운역이름":"NA",
            "가까운역거리":"NA",
            "역세권여부":"NA",
            "30분이내주요거점역":"NA",
            "1시간이내주요거점역":"NA",
            "3km이내백화점수":1,
            "5km이내아울렛몰수":1,
            "1km이내대형먀트수":0,
            "500m이내은행수":1,
            "500m이내병원수":21,
            "5km이내대형병원수":11,
            "500m이내공원수":0,
            "3km이내혐오시설수":0,
            "초등학교학업성취도":89.36,
            "중학교학업성취도":76.7,
            "용적률":0,
            "건폐율":0,
            "Y":35.1351,
            "X":126.91103,
            "rank":112.0,
            "area_info":"17평(59.4), 23평(77.91)",
            "last_sales":"2022-01-12,10400.0,23평(77.91)"
        },
        {
            "index":402,
            "아파트명":"고운하이플러스",
            "투자타입":"일반",
            "전용면적(m2)":"114.17",
            "전용면적(평)":"34평",
            "법정동주소":"광주시 남구 진월동 214-2",
            "도로명주소":"광주시 남구 화산로73번길 3",
            "세대수":0,
            "입주년차":40,
            "용적률점수":"--",
            "건폐율점수":"--",
            "세대당주차수":30,
            "난방방식":30,
            "공급면적":"--",
            "전용률":"--",
            "욕실수":100,
            "현관타입":100,
            "주거총점":35.5,
            "지역구공급총점":100.0,
            "역세권":"NA",
            "30분내 이동가능 거점":"NA",
            "1시간내 이동가능 거점":"NA",
            "교통총점":"NA",
            "백화점":0,
            "아울렛몰":80,
            "대형마트":0,
            "은행":0,
            "병원":10,
            "종합병원":100,
            "공원":100,
            "혐오시설":0,
            "인프라총점":32.0,
            "초등학군":95.15,
            "중학군":54.36,
            "학군총점":62.518,
            "인구수":23.61,
            "인구증감":-2.33,
            "인구총점":15.828,
            "일자리":8.1,
            "소득수준":50.26,
            "일자리총점":20.748,
            "가치 총점":40.8545,
            "매매실거래년":20211216.0,
            "매매실거래가":40000.0,
            "전세실거래년":20201125.0,
            "전세실거래가":28000.0,
            "전세가율":70.0,
            "장기전세가율평균":75.74,
            "전세가율거품지수":5.74,
            "검색코드":101147,
            "세대수":260,
            "준공년월":"2005-03-30",
            "준공년차":18,
            "가까운역이름":"NA",
            "가까운역거리":"NA",
            "역세권여부":"NA",
            "30분이내주요거점역":"NA",
            "1시간이내주요거점역":"NA",
            "3km이내백화점수":0,
            "5km이내아울렛몰수":1,
            "1km이내대형먀트수":0,
            "500m이내은행수":0,
            "500m이내병원수":3,
            "5km이내대형병원수":10,
            "500m이내공원수":2,
            "3km이내혐오시설수":0,
            "초등학교학업성취도":95.15,
            "중학교학업성취도":90.6,
            "용적률":259,
            "건폐율":28,
            "Y":35.113891,
            "X":126.904099,
            "rank":113.0,
            "area_info":"34평(114.17), 34평(114.08), 37평(125.25)",
            "last_sales":"2021-12-16,40000.0,34평(114.17)"
        },
        {
            "index":464,
            "아파트명":"진월삼익세라믹3차",
            "투자타입":"일반",
            "전용면적(m2)":"81.63",
            "전용면적(평)":"24평",
            "법정동주소":"광주시 남구 진월동 484",
            "도로명주소":"광주시 남구 화산로31번길 17",
            "세대수":30,
            "입주년차":20,
            "용적률점수":"--",
            "건폐율점수":"--",
            "세대당주차수":0,
            "난방방식":30,
            "공급면적":"--",
            "전용률":"--",
            "욕실수":50,
            "현관타입":100,
            "주거총점":32.5,
            "지역구공급총점":100.0,
            "역세권":"NA",
            "30분내 이동가능 거점":"NA",
            "1시간내 이동가능 거점":"NA",
            "교통총점":"NA",
            "백화점":0,
            "아울렛몰":80,
            "대형마트":0,
            "은행":0,
            "병원":30,
            "종합병원":100,
            "공원":100,
            "혐오시설":0,
            "인프라총점":34.0,
            "초등학군":96.84,
            "중학군":54.36,
            "학군총점":62.856,
            "인구수":23.61,
            "인구증감":-2.33,
            "인구총점":15.828,
            "일자리":8.1,
            "소득수준":50.26,
            "일자리총점":20.748,
            "가치 총점":40.689,
            "매매실거래년":20211224.0,
            "매매실거래가":13300.0,
            "전세실거래년":20211227.0,
            "전세실거래가":13000.0,
            "전세가율":97.74,
            "장기전세가율평균":75.74,
            "전세가율거품지수":-22.0,
            "검색코드":10186,
            "세대수":370,
            "준공년월":"2000-12-22",
            "준공년차":23,
            "가까운역이름":"NA",
            "가까운역거리":"NA",
            "역세권여부":"NA",
            "30분이내주요거점역":"NA",
            "1시간이내주요거점역":"NA",
            "3km이내백화점수":0,
            "5km이내아울렛몰수":1,
            "1km이내대형먀트수":0,
            "500m이내은행수":0,
            "500m이내병원수":8,
            "5km이내대형병원수":9,
            "500m이내공원수":6,
            "3km이내혐오시설수":0,
            "초등학교학업성취도":96.84,
            "중학교학업성취도":90.6,
            "용적률":267,
            "건폐율":20,
            "Y":35.113948,
            "X":126.900346,
            "rank":114.0,
            "area_info":"24평(81.63), 31평(105.18), 32평(106.1)",
            "last_sales":"2021-12-24,13300.0,24평(81.63)"
        },
        {
            "index":295,
            "아파트명":"제일맨션",
            "투자타입":"재건축",
            "전용면적(m2)":"66.3",
            "전용면적(평)":"20평",
            "법정동주소":"광주시 남구 월산동 1005-3",
            "도로명주소":"광주시 남구 군분로99번길 5",
            "세대수":0,
            "입주년차":"--",
            "용적률점수":0,
            "건폐율점수":0,
            "세대당주차수":"--",
            "난방방식":"--",
            "공급면적":50,
            "전용률":80,
            "욕실수":"--",
            "현관타입":"--",
            "주거총점":6.5,
            "지역구공급총점":100.0,
            "역세권":"NA",
            "30분내 이동가능 거점":"NA",
            "1시간내 이동가능 거점":"NA",
            "교통총점":"NA",
            "백화점":100,
            "아울렛몰":80,
            "대형마트":0,
            "은행":0,
            "병원":60,
            "종합병원":100,
            "공원":100,
            "혐오시설":0,
            "인프라총점":67.0,
            "초등학군":81.04,
            "중학군":37.54,
            "학군총점":46.24,
            "인구수":23.61,
            "인구증감":-2.33,
            "인구총점":15.828,
            "일자리":8.1,
            "소득수준":50.26,
            "일자리총점":20.748,
            "가치 총점":40.635,
            "매매실거래년":20211023.0,
            "매매실거래가":8300.0,
            "전세실거래년":20210915.0,
            "전세실거래가":5000.0,
            "전세가율":60.24,
            "장기전세가율평균":75.74,
            "전세가율거품지수":15.5,
            "검색코드":4416,
            "세대수":117,
            "준공년월":"1985-02-09",
            "준공년차":38,
            "가까운역이름":"NA",
            "가까운역거리":"NA",
            "역세권여부":"NA",
            "30분이내주요거점역":"NA",
            "1시간이내주요거점역":"NA",
            "3km이내백화점수":2,
            "5km이내아울렛몰수":1,
            "1km이내대형먀트수":0,
            "500m이내은행수":1,
            "500m이내병원수":13,
            "5km이내대형병원수":13,
            "500m이내공원수":2,
            "3km이내혐오시설수":0,
            "초등학교학업성취도":81.04,
            "중학교학업성취도":62.1,
            "용적률":0,
            "건폐율":0,
            "Y":35.14127,
            "X":126.89006,
            "rank":115.0,
            "area_info":"20평(66.3)",
            "last_sales":"2021-10-23,8300.0,20평(66.3)"
        },
        {
            "index":448,
            "아파트명":"중흥파크",
            "투자타입":"재건축",
            "전용면적(m2)":"88.61",
            "전용면적(평)":"26평",
            "법정동주소":"광주시 남구 진월동 331-93",
            "도로명주소":"광주시 남구 서문대로749번마길 30",
            "세대수":30,
            "입주년차":"--",
            "용적률점수":0,
            "건폐율점수":80,
            "세대당주차수":"--",
            "난방방식":"--",
            "공급면적":70,
            "전용률":80,
            "욕실수":"--",
            "현관타입":"--",
            "주거총점":32.5,
            "지역구공급총점":100.0,
            "역세권":"NA",
            "30분내 이동가능 거점":"NA",
            "1시간내 이동가능 거점":"NA",
            "교통총점":"NA",
            "백화점":0,
            "아울렛몰":80,
            "대형마트":0,
            "은행":0,
            "병원":60,
            "종합병원":100,
            "공원":0,
            "혐오시설":0,
            "인프라총점":34.0,
            "초등학군":89.68,
            "중학군":55.0,
            "학군총점":61.936,
            "인구수":23.61,
            "인구증감":-2.33,
            "인구총점":15.828,
            "일자리":8.1,
            "소득수준":50.26,
            "일자리총점":20.748,
            "가치 총점":40.459,
            "매매실거래년":20211029.0,
            "매매실거래가":18300.0,
            "전세실거래년":20211218.0,
            "전세실거래가":13000.0,
            "전세가율":90.91,
            "장기전세가율평균":75.74,
            "전세가율거품지수":-15.17,
            "검색코드":4460,
            "세대수":376,
            "준공년월":"1992-01-23",
            "준공년차":31,
            "가까운역이름":"NA",
            "가까운역거리":"NA",
            "역세권여부":"NA",
            "30분이내주요거점역":"NA",
            "1시간이내주요거점역":"NA",
            "3km이내백화점수":0,
            "5km이내아울렛몰수":1,
            "1km이내대형먀트수":0,
            "500m이내은행수":0,
            "500m이내병원수":14,
            "5km이내대형병원수":13,
            "500m이내공원수":0,
            "3km이내혐오시설수":0,
            "초등학교학업성취도":89.68,
            "중학교학업성취도":91.4,
            "용적률":288,
            "건폐율":21,
            "Y":35.122714,
            "X":126.892944,
            "rank":116.0,
            "area_info":"26평(88.61), 30평(101.23), 31평(104.59), 32평(106.12)",
            "last_sales":"2021-10-29,18300.0,31평(104.59)"
        },
        {
            "index":461,
            "아파트명":"진월삼익2차",
            "투자타입":"일반",
            "전용면적(m2)":"81.25",
            "전용면적(평)":"24평",
            "법정동주소":"광주시 남구 진월동 470-1",
            "도로명주소":"광주시 남구 서문대로654번길 24",
            "세대수":30,
            "입주년차":20,
            "용적률점수":"--",
            "건폐율점수":"--",
            "세대당주차수":0,
            "난방방식":80,
            "공급면적":"--",
            "전용률":"--",
            "욕실수":50,
            "현관타입":10,
            "주거총점":28.5,
            "지역구공급총점":100.0,
            "역세권":"NA",
            "30분내 이동가능 거점":"NA",
            "1시간내 이동가능 거점":"NA",
            "교통총점":"NA",
            "백화점":0,
            "아울렛몰":80,
            "대형마트":0,
            "은행":0,
            "병원":60,
            "종합병원":100,
            "공원":100,
            "혐오시설":0,
            "인프라총점":37.0,
            "초등학군":95.15,
            "중학군":54.36,
            "학군총점":62.518,
            "인구수":23.61,
            "인구증감":-2.33,
            "인구총점":15.828,
            "일자리":8.1,
            "소득수준":50.26,
            "일자리총점":20.748,
            "가치 총점":40.4045,
            "매매실거래년":20220111.0,
            "매매실거래가":15100.0,
            "전세실거래년":20211128.0,
            "전세실거래가":12850.0,
            "전세가율":85.1,
            "장기전세가율평균":75.74,
            "전세가율거품지수":-9.36,
            "검색코드":4506,
            "세대수":309,
            "준공년월":"1999-11-11",
            "준공년차":24,
            "가까운역이름":"NA",
            "가까운역거리":"NA",
            "역세권여부":"NA",
            "30분이내주요거점역":"NA",
            "1시간이내주요거점역":"NA",
            "3km이내백화점수":0,
            "5km이내아울렛몰수":1,
            "1km이내대형먀트수":0,
            "500m이내은행수":1,
            "500m이내병원수":22,
            "5km이내대형병원수":10,
            "500m이내공원수":4,
            "3km이내혐오시설수":0,
            "초등학교학업성취도":95.15,
            "중학교학업성취도":90.6,
            "용적률":244,
            "건폐율":19,
            "Y":35.116785,
            "X":126.901109,
            "rank":117.0,
            "area_info":"24평(81.25), 31평(105.07), 46평(152.15)",
            "last_sales":"2022-01-11,15100.0,24평(81.25)"
        },
        {
            "index":248,
            "아파트명":"제일파크맨션",
            "투자타입":"재건축",
            "전용면적(m2)":"80.95",
            "전용면적(평)":"24평",
            "법정동주소":"광주시 남구 서동 19",
            "도로명주소":"광주시 남구 서동로40번길 3",
            "세대수":0,
            "입주년차":"--",
            "용적률점수":0,
            "건폐율점수":0,
            "세대당주차수":"--",
            "난방방식":"--",
            "공급면적":50,
            "전용률":80,
            "욕실수":"--",
            "현관타입":"--",
            "주거총점":6.5,
            "지역구공급총점":100.0,
            "역세권":"NA",
            "30분내 이동가능 거점":"NA",
            "1시간내 이동가능 거점":"NA",
            "교통총점":"NA",
            "백화점":100,
            "아울렛몰":80,
            "대형마트":0,
            "은행":20,
            "병원":30,
            "종합병원":100,
            "공원":100,
            "혐오시설":0,
            "인프라총점":66.0,
            "초등학군":80.97,
            "중학군":37.9,
            "학군총점":46.514,
            "인구수":23.61,
            "인구증감":-2.33,
            "인구총점":15.828,
            "일자리":8.1,
            "소득수준":50.26,
            "일자리총점":20.748,
            "가치 총점":40.3035,
            "매매실거래년":20211129.0,
            "매매실거래가":13000.0,
            "전세실거래년":null,
            "전세실거래가":null,
            "전세가율":null,
            "장기전세가율평균":75.74,
            "전세가율거품지수":null,
            "검색코드":4411,
            "세대수":105,
            "준공년월":"1991-09-17",
            "준공년차":32,
            "가까운역이름":"NA",
            "가까운역거리":"NA",
            "역세권여부":"NA",
            "30분이내주요거점역":"NA",
            "1시간이내주요거점역":"NA",
            "3km이내백화점수":2,
            "5km이내아울렛몰수":1,
            "1km이내대형먀트수":0,
            "500m이내은행수":2,
            "500m이내병원수":5,
            "5km이내대형병원수":14,
            "500m이내공원수":5,
            "3km이내혐오시설수":0,
            "초등학교학업성취도":80.97,
            "중학교학업성취도":62.7,
            "용적률":0,
            "건폐율":0,
            "Y":35.147591,
            "X":126.905699,
            "rank":118.0,
            "area_info":"24평(80.95), 29평(98.87)",
            "last_sales":"2021-11-29,13000.0,29평(98.87)"
        },
        {
            "index":99,
            "아파트명":"제일파크맨션",
            "투자타입":"재건축",
            "전용면적(m2)":"105.62",
            "전용면적(평)":"31평",
            "법정동주소":"광주시 남구 백운동 40-1",
            "도로명주소":"광주시 남구 백운로 67-6",
            "세대수":0,
            "입주년차":"--",
            "용적률점수":0,
            "건폐율점수":0,
            "세대당주차수":"--",
            "난방방식":"--",
            "공급면적":90,
            "전용률":80,
            "욕실수":"--",
            "현관타입":"--",
            "주거총점":8.5,
            "지역구공급총점":100.0,
            "역세권":"NA",
            "30분내 이동가능 거점":"NA",
            "1시간내 이동가능 거점":"NA",
            "교통총점":"NA",
            "백화점":100,
            "아울렛몰":80,
            "대형마트":0,
            "은행":0,
            "병원":60,
            "종합병원":100,
            "공원":0,
            "혐오시설":0,
            "인프라총점":64.0,
            "초등학군":82.34,
            "중학군":35.94,
            "학군총점":45.22,
            "인구수":23.61,
            "인구증감":-2.33,
            "인구총점":15.828,
            "일자리":8.1,
            "소득수준":50.26,
            "일자리총점":20.748,
            "가치 총점":39.88,
            "매매실거래년":20211104.0,
            "매매실거래가":15200.0,
            "전세실거래년":20140129.0,
            "전세실거래가":11500.0,
            "전세가율":75.66,
            "장기전세가율평균":75.74,
            "전세가율거품지수":0.08,
            "검색코드":4534,
            "세대수":166,
            "준공년월":"1992-05-09",
            "준공년차":31,
            "가까운역이름":"NA",
            "가까운역거리":"NA",
            "역세권여부":"NA",
            "30분이내주요거점역":"NA",
            "1시간이내주요거점역":"NA",
            "3km이내백화점수":1,
            "5km이내아울렛몰수":1,
            "1km이내대형먀트수":0,
            "500m이내은행수":1,
            "500m이내병원수":15,
            "5km이내대형병원수":13,
            "500m이내공원수":0,
            "3km이내혐오시설수":0,
            "초등학교학업성취도":82.34,
            "중학교학업성취도":59.9,
            "용적률":0,
            "건폐율":0,
            "Y":35.139609,
            "X":126.905214,
            "rank":119.0,
            "area_info":"31평(105.62)",
            "last_sales":"2021-11-04,15200.0,31평(105.62)"
        },
        {
            "index":98,
            "아파트명":"신천맨션",
            "투자타입":"재건축",
            "전용면적(m2)":"73.02",
            "전용면적(평)":"22평",
            "법정동주소":"광주시 남구 백운동 585-3",
            "도로명주소":"광주시 남구 백운로44번길 7",
            "세대수":0,
            "입주년차":"--",
            "용적률점수":0,
            "건폐율점수":0,
            "세대당주차수":"--",
            "난방방식":"--",
            "공급면적":50,
            "전용률":60,
            "욕실수":"--",
            "현관타입":"--",
            "주거총점":5.5,
            "지역구공급총점":100.0,
            "역세권":"NA",
            "30분내 이동가능 거점":"NA",
            "1시간내 이동가능 거점":"NA",
            "교통총점":"NA",
            "백화점":100,
            "아울렛몰":80,
            "대형마트":0,
            "은행":0,
            "병원":30,
            "종합병원":100,
            "공원":0,
            "혐오시설":0,
            "인프라총점":61.0,
            "초등학군":82.34,
            "중학군":46.58,
            "학군총점":53.732,
            "인구수":23.61,
            "인구증감":-2.33,
            "인구총점":15.828,
            "일자리":8.1,
            "소득수준":50.26,
            "일자리총점":20.748,
            "가치 총점":39.758,
            "매매실거래년":20211219.0,
            "매매실거래가":8000.0,
            "전세실거래년":20210812.0,
            "전세실거래가":7000.0,
            "전세가율":87.5,
            "장기전세가율평균":75.74,
            "전세가율거품지수":-11.76,
            "검색코드":4525,
            "세대수":100,
            "준공년월":"1987-01-21",
            "준공년차":36,
            "가까운역이름":"NA",
            "가까운역거리":"NA",
            "역세권여부":"NA",
            "30분이내주요거점역":"NA",
            "1시간이내주요거점역":"NA",
            "3km이내백화점수":1,
            "5km이내아울렛몰수":1,
            "1km이내대형먀트수":0,
            "500m이내은행수":1,
            "500m이내병원수":7,
            "5km이내대형병원수":13,
            "500m이내공원수":0,
            "3km이내혐오시설수":0,
            "초등학교학업성취도":82.34,
            "중학교학업성취도":76.7,
            "용적률":0,
            "건폐율":0,
            "Y":35.13802,
            "X":126.90777,
            "rank":120.0,
            "area_info":"22평(73.02)",
            "last_sales":"2021-12-19,8000.0,22평(73.02)"
        },
        {
            "index":467,
            "아파트명":"진월진아하이빌2차",
            "투자타입":"일반",
            "전용면적(m2)":"116.58",
            "전용면적(평)":"35평",
            "법정동주소":"광주시 남구 진월동 215-1",
            "도로명주소":"광주시 남구 화산로 75",
            "세대수":0,
            "입주년차":40,
            "용적률점수":"--",
            "건폐율점수":"--",
            "세대당주차수":30,
            "난방방식":30,
            "공급면적":"--",
            "전용률":"--",
            "욕실수":100,
            "현관타입":100,
            "주거총점":35.5,
            "지역구공급총점":100.0,
            "역세권":"NA",
            "30분내 이동가능 거점":"NA",
            "1시간내 이동가능 거점":"NA",
            "교통총점":"NA",
            "백화점":0,
            "아울렛몰":80,
            "대형마트":0,
            "은행":0,
            "병원":10,
            "종합병원":100,
            "공원":0,
            "혐오시설":0,
            "인프라총점":29.0,
            "초등학군":95.15,
            "중학군":54.36,
            "학군총점":62.518,
            "인구수":23.61,
            "인구증감":-2.33,
            "인구총점":15.828,
            "일자리":8.1,
            "소득수준":50.26,
            "일자리총점":20.748,
            "가치 총점":39.6545,
            "매매실거래년":20211127.0,
            "매매실거래가":34000.0,
            "전세실거래년":20211217.0,
            "전세실거래가":23000.0,
            "전세가율":67.65,
            "장기전세가율평균":75.74,
            "전세가율거품지수":8.09,
            "검색코드":17325,
            "세대수":247,
            "준공년월":"2004-06-25",
            "준공년차":19,
            "가까운역이름":"NA",
            "가까운역거리":"NA",
            "역세권여부":"NA",
            "30분이내주요거점역":"NA",
            "1시간이내주요거점역":"NA",
            "3km이내백화점수":0,
            "5km이내아울렛몰수":1,
            "1km이내대형먀트수":0,
            "500m이내은행수":0,
            "500m이내병원수":2,
            "5km이내대형병원수":10,
            "500m이내공원수":0,
            "3km이내혐오시설수":0,
            "초등학교학업성취도":95.15,
            "중학교학업성취도":90.6,
            "용적률":216,
            "건폐율":22,
            "Y":35.11438,
            "X":126.905266,
            "rank":121.0,
            "area_info":"35평(116.58)",
            "last_sales":"2021-11-27,34000.0,35평(116.58)"
        },
        {
            "index":378,
            "아파트명":"주월호반베르디움1차",
            "투자타입":"일반",
            "전용면적(m2)":"126.74",
            "전용면적(평)":"38평",
            "법정동주소":"광주시 남구 주월동 458-1",
            "도로명주소":"광주시 남구 회재로1186번길 24",
            "세대수":0,
            "입주년차":40,
            "용적률점수":"--",
            "건폐율점수":"--",
            "세대당주차수":60,
            "난방방식":30,
            "공급면적":"--",
            "전용률":"--",
            "욕실수":100,
            "현관타입":100,
            "주거총점":40.0,
            "지역구공급총점":100.0,
            "역세권":"NA",
            "30분내 이동가능 거점":"NA",
            "1시간내 이동가능 거점":"NA",
            "교통총점":"NA",
            "백화점":0,
            "아울렛몰":80,
            "대형마트":0,
            "은행":0,
            "병원":10,
            "종합병원":100,
            "공원":0,
            "혐오시설":0,
            "인프라총점":29.0,
            "초등학군":90.81,
            "중학군":47.44,
            "학군총점":56.114,
            "인구수":23.61,
            "인구증감":-2.33,
            "인구총점":15.828,
            "일자리":8.1,
            "소득수준":50.26,
            "일자리총점":20.748,
            "가치 총점":39.6285,
            "매매실거래년":20210827.0,
            "매매실거래가":48000.0,
            "전세실거래년":20121223.0,
            "전세실거래가":19000.0,
            "전세가율":39.58,
            "장기전세가율평균":75.74,
            "전세가율거품지수":36.16,
            "검색코드":19240,
            "세대수":296,
            "준공년월":"2006-03-09",
            "준공년차":17,
            "가까운역이름":"NA",
            "가까운역거리":"NA",
            "역세권여부":"NA",
            "30분이내주요거점역":"NA",
            "1시간이내주요거점역":"NA",
            "3km이내백화점수":0,
            "5km이내아울렛몰수":1,
            "1km이내대형먀트수":0,
            "500m이내은행수":0,
            "500m이내병원수":2,
            "5km이내대형병원수":13,
            "500m이내공원수":0,
            "3km이내혐오시설수":0,
            "초등학교학업성취도":90.81,
            "중학교학업성취도":78.6,
            "용적률":197,
            "건폐율":18,
            "Y":35.129978,
            "X":126.890892,
            "rank":122.0,
            "area_info":"38평(126.74), 43평(142.25), 43평(142.38), 48평(158.97), 48평(159.07), 59평(197.61), 75평(250.04)",
            "last_sales":"2021-08-27,48000.0,38평(126.74)"
        },
        {
            "index":250,
            "아파트명":"금호타운",
            "투자타입":"일반",
            "전용면적(m2)":"77.26",
            "전용면적(평)":"23평",
            "법정동주소":"광주시 남구 송하동 43-28",
            "도로명주소":"광주시 남구 효덕로 291",
            "세대수":50,
            "입주년차":0,
            "용적률점수":"--",
            "건폐율점수":"--",
            "세대당주차수":0,
            "난방방식":30,
            "공급면적":"--",
            "전용률":"--",
            "욕실수":50,
            "현관타입":100,
            "주거총점":35.5,
            "지역구공급총점":100.0,
            "역세권":"NA",
            "30분내 이동가능 거점":"NA",
            "1시간내 이동가능 거점":"NA",
            "교통총점":"NA",
            "백화점":0,
            "아울렛몰":80,
            "대형마트":0,
            "은행":0,
            "병원":0,
            "종합병원":100,
            "공원":100,
            "혐오시설":0,
            "인프라총점":31.0,
            "초등학군":96.84,
            "중학군":49.5,
            "학군총점":58.968,
            "인구수":23.61,
            "인구증감":-2.33,
            "인구총점":15.828,
            "일자리":8.1,
            "소득수준":50.26,
            "일자리총점":20.748,
            "가치 총점":39.567,
            "매매실거래년":20220108.0,
            "매매실거래가":13500.0,
            "전세실거래년":20211208.0,
            "전세실거래가":7000.0,
            "전세가율":51.85,
            "장기전세가율평균":75.74,
            "전세가율거품지수":23.89,
            "검색코드":4563,
            "세대수":568,
            "준공년월":"1996-06-26",
            "준공년차":27,
            "가까운역이름":"NA",
            "가까운역거리":"NA",
            "역세권여부":"NA",
            "30분이내주요거점역":"NA",
            "1시간이내주요거점역":"NA",
            "3km이내백화점수":0,
            "5km이내아울렛몰수":1,
            "1km이내대형먀트수":0,
            "500m이내은행수":0,
            "500m이내병원수":1,
            "5km이내대형병원수":9,
            "500m이내공원수":2,
            "3km이내혐오시설수":0,
            "초등학교학업성취도":96.84,
            "중학교학업성취도":82.5,
            "용적률":241,
            "건폐율":20,
            "Y":35.109549,
            "X":126.895458,
            "rank":123.0,
            "area_info":"23평(77.26), 31평(104.39), 45평(150.26)",
            "last_sales":"2022-01-08,13500.0,23평(77.26)"
        },
        {
            "index":118,
            "아파트명":"대화",
            "투자타입":"일반",
            "전용면적(m2)":"74.68",
            "전용면적(평)":"22평",
            "법정동주소":"광주시 남구 봉선동 610-1",
            "도로명주소":"광주시 남구 봉선로96번길 1",
            "세대수":30,
            "입주년차":0,
            "용적률점수":"--",
            "건폐율점수":"--",
            "세대당주차수":0,
            "난방방식":30,
            "공급면적":"--",
            "전용률":"--",
            "욕실수":50,
            "현관타입":100,
            "주거총점":28.5,
            "지역구공급총점":100.0,
            "역세권":"NA",
            "30분내 이동가능 거점":"NA",
            "1시간내 이동가능 거점":"NA",
            "교통총점":"NA",
            "백화점":0,
            "아울렛몰":80,
            "대형마트":0,
            "은행":0,
            "병원":60,
            "종합병원":100,
            "공원":100,
            "혐오시설":0,
            "인프라총점":37.0,
            "초등학군":98.84,
            "중학군":48.58,
            "학군총점":58.632,
            "인구수":23.61,
            "인구증감":-2.33,
            "인구총점":15.828,
            "일자리":8.1,
            "소득수준":50.26,
            "일자리총점":20.748,
            "가치 총점":39.433,
            "매매실거래년":20210605.0,
            "매매실거래가":38150.0,
            "전세실거래년":null,
            "전세실거래가":null,
            "전세가율":null,
            "장기전세가율평균":75.74,
            "전세가율거품지수":null,
            "검색코드":4679,
            "세대수":315,
            "준공년월":"1993-11-27",
            "준공년차":30,
            "가까운역이름":"NA",
            "가까운역거리":"NA",
            "역세권여부":"NA",
            "30분이내주요거점역":"NA",
            "1시간이내주요거점역":"NA",
            "3km이내백화점수":0,
            "5km이내아울렛몰수":1,
            "1km이내대형먀트수":0,
            "500m이내은행수":0,
            "500m이내병원수":14,
            "5km이내대형병원수":12,
            "500m이내공원수":4,
            "3km이내혐오시설수":0,
            "초등학교학업성취도":98.84,
            "중학교학업성취도":80.1,
            "용적률":275,
            "건폐율":24,
            "Y":35.124542,
            "X":126.905668,
            "rank":124.0,
            "area_info":"22평(74.68), 24평(81.4), 30평(102.41), 48평(159.19)",
            "last_sales":"2021-06-05,38150.0,48평(159.19)"
        },
        {
            "index":452,
            "아파트명":"진아리채",
            "투자타입":"일반",
            "전용면적(m2)":"110.2",
            "전용면적(평)":"33평",
            "법정동주소":"광주시 남구 진월동 30",
            "도로명주소":"광주시 남구 화산로 115",
            "세대수":0,
            "입주년차":40,
            "용적률점수":"--",
            "건폐율점수":"--",
            "세대당주차수":30,
            "난방방식":30,
            "공급면적":"--",
            "전용률":"--",
            "욕실수":100,
            "현관타입":100,
            "주거총점":35.5,
            "지역구공급총점":100.0,
            "역세권":"NA",
            "30분내 이동가능 거점":"NA",
            "1시간내 이동가능 거점":"NA",
            "교통총점":"NA",
            "백화점":0,
            "아울렛몰":80,
            "대형마트":0,
            "은행":0,
            "병원":0,
            "종합병원":100,
            "공원":0,
            "혐오시설":0,
            "인프라총점":28.0,
            "초등학군":95.15,
            "중학군":54.36,
            "학군총점":62.518,
            "인구수":23.61,
            "인구증감":-2.33,
            "인구총점":15.828,
            "일자리":8.1,
            "소득수준":50.26,
            "일자리총점":20.748,
            "가치 총점":39.2545,
            "매매실거래년":20211113.0,
            "매매실거래가":36800.0,
            "전세실거래년":20211218.0,
            "전세실거래가":21000.0,
            "전세가율":57.07,
            "장기전세가율평균":75.74,
            "전세가율거품지수":18.67,
            "검색코드":101148,
            "세대수":258,
            "준공년월":"2007-05-25",
            "준공년차":16,
            "가까운역이름":"NA",
            "가까운역거리":"NA",
            "역세권여부":"NA",
            "30분이내주요거점역":"NA",
            "1시간이내주요거점역":"NA",
            "3km이내백화점수":0,
            "5km이내아울렛몰수":1,
            "1km이내대형먀트수":0,
            "500m이내은행수":0,
            "500m이내병원수":0,
            "5km이내대형병원수":9,
            "500m이내공원수":0,
            "3km이내혐오시설수":0,
            "초등학교학업성취도":95.15,
            "중학교학업성취도":90.6,
            "용적률":171,
            "건폐율":18,
            "Y":35.115313,
            "X":126.908852,
            "rank":125.0,
            "area_info":"33평(110.2), 34평(112.79), 36평(121.6)",
            "last_sales":"2021-11-13,36800.0,33평(110.2)"
        },
        {
            "index":272,
            "아파트명":"남부",
            "투자타입":"재건축",
            "전용면적(m2)":"71.45",
            "전용면적(평)":"21평",
            "법정동주소":"광주시 남구 월산동 927-1",
            "도로명주소":"광주시 남구 군분로148번길 3",
            "세대수":0,
            "입주년차":"--",
            "용적률점수":0,
            "건폐율점수":0,
            "세대당주차수":"--",
            "난방방식":"--",
            "공급면적":50,
            "전용률":100,
            "욕실수":"--",
            "현관타입":"--",
            "주거총점":7.5,
            "지역구공급총점":100.0,
            "역세권":"NA",
            "30분내 이동가능 거점":"NA",
            "1시간내 이동가능 거점":"NA",
            "교통총점":"NA",
            "백화점":100,
            "아울렛몰":80,
            "대형마트":0,
            "은행":0,
            "병원":30,
            "종합병원":100,
            "공원":0,
            "혐오시설":0,
            "인프라총점":61.0,
            "초등학군":88.97,
            "중학군":37.54,
            "학군총점":47.826,
            "인구수":23.61,
            "인구증감":-2.33,
            "인구총점":15.828,
            "일자리":8.1,
            "소득수준":50.26,
            "일자리총점":20.748,
            "가치 총점":38.9815,
            "매매실거래년":"18000101",
            "매매실거래가":null,
            "전세실거래년":null,
            "전세실거래가":null,
            "전세가율":null,
            "장기전세가율평균":75.74,
            "전세가율거품지수":null,
            "검색코드":15659,
            "세대수":104,
            "준공년월":"1984-08-28",
            "준공년차":39,
            "가까운역이름":"NA",
            "가까운역거리":"NA",
            "역세권여부":"NA",
            "30분이내주요거점역":"NA",
            "1시간이내주요거점역":"NA",
            "3km이내백화점수":2,
            "5km이내아울렛몰수":1,
            "1km이내대형먀트수":0,
            "500m이내은행수":1,
            "500m이내병원수":9,
            "5km이내대형병원수":14,
            "500m이내공원수":0,
            "3km이내혐오시설수":0,
            "초등학교학업성취도":88.97,
            "중학교학업성취도":62.1,
            "용적률":0,
            "건폐율":0,
            "Y":35.146074,
            "X":126.887656,
            "rank":126.0,
            "area_info":"21평(71.45), 21평(72.14), 22평(74.57), 23평(77.1), 24평(80.03)",
            "last_sales":"1800-01-01,nan,21평(71.45)"
        },
        {
            "index":310,
            "아파트명":"경남",
            "투자타입":"일반",
            "전용면적(m2)":"75.26",
            "전용면적(평)":"22평",
            "법정동주소":"광주시 남구 주월동 1134",
            "도로명주소":"광주시 남구 옹정길 21",
            "세대수":30,
            "입주년차":0,
            "용적률점수":"--",
            "건폐율점수":"--",
            "세대당주차수":0,
            "난방방식":30,
            "공급면적":"--",
            "전용률":"--",
            "욕실수":50,
            "현관타입":100,
            "주거총점":28.5,
            "지역구공급총점":100.0,
            "역세권":"NA",
            "30분내 이동가능 거점":"NA",
            "1시간내 이동가능 거점":"NA",
            "교통총점":"NA",
            "백화점":0,
            "아울렛몰":80,
            "대형마트":0,
            "은행":0,
            "병원":60,
            "종합병원":100,
            "공원":100,
            "혐오시설":0,
            "인프라총점":37.0,
            "초등학군":88.97,
            "중학군":48.58,
            "학군총점":56.658,
            "인구수":23.61,
            "인구증감":-2.33,
            "인구총점":15.828,
            "일자리":8.1,
            "소득수준":50.26,
            "일자리총점":20.748,
            "가치 총점":38.9395,
            "매매실거래년":20220112.0,
            "매매실거래가":18000.0,
            "전세실거래년":20220105.0,
            "전세실거래가":13000.0,
            "전세가율":72.22,
            "장기전세가율평균":75.74,
            "전세가율거품지수":3.52,
            "검색코드":10748,
            "세대수":302,
            "준공년월":"1997-06-03",
            "준공년차":26,
            "가까운역이름":"NA",
            "가까운역거리":"NA",
            "역세권여부":"NA",
            "30분이내주요거점역":"NA",
            "1시간이내주요거점역":"NA",
            "3km이내백화점수":0,
            "5km이내아울렛몰수":1,
            "1km이내대형먀트수":0,
            "500m이내은행수":1,
            "500m이내병원수":13,
            "5km이내대형병원수":12,
            "500m이내공원수":4,
            "3km이내혐오시설수":0,
            "초등학교학업성취도":88.97,
            "중학교학업성취도":80.1,
            "용적률":297,
            "건폐율":28,
            "Y":35.127959,
            "X":126.902714,
            "rank":127.0,
            "area_info":"22평(75.26), 32평(105.99)",
            "last_sales":"2022-01-12,18000.0,22평(75.26)"
        },
        {
            "index":317,
            "아파트명":"덕산",
            "투자타입":"일반",
            "전용면적(m2)":"76.93",
            "전용면적(평)":"23평",
            "법정동주소":"광주시 남구 주월동 1021-53",
            "도로명주소":"광주시 남구 봉선로84번길 7",
            "세대수":30,
            "입주년차":0,
            "용적률점수":"--",
            "건폐율점수":"--",
            "세대당주차수":0,
            "난방방식":30,
            "공급면적":"--",
            "전용률":"--",
            "욕실수":50,
            "현관타입":100,
            "주거총점":28.5,
            "지역구공급총점":100.0,
            "역세권":"NA",
            "30분내 이동가능 거점":"NA",
            "1시간내 이동가능 거점":"NA",
            "교통총점":"NA",
            "백화점":0,
            "아울렛몰":80,
            "대형마트":0,
            "은행":0,
            "병원":60,
            "종합병원":100,
            "공원":100,
            "혐오시설":0,
            "인프라총점":37.0,
            "초등학군":88.97,
            "중학군":48.58,
            "학군총점":56.658,
            "인구수":23.61,
            "인구증감":-2.33,
            "인구총점":15.828,
            "일자리":8.1,
            "소득수준":50.26,
            "일자리총점":20.748,
            "가치 총점":38.9395,
            "매매실거래년":20211227.0,
            "매매실거래가":14900.0,
            "전세실거래년":20211017.0,
            "전세실거래가":12500.0,
            "전세가율":83.89,
            "장기전세가율평균":75.74,
            "전세가율거품지수":-8.15,
            "검색코드":4715,
            "세대수":320,
            "준공년월":"1996-05-04",
            "준공년차":27,
            "가까운역이름":"NA",
            "가까운역거리":"NA",
            "역세권여부":"NA",
            "30분이내주요거점역":"NA",
            "1시간이내주요거점역":"NA",
            "3km이내백화점수":0,
            "5km이내아울렛몰수":1,
            "1km이내대형먀트수":0,
            "500m이내은행수":0,
            "500m이내병원수":14,
            "5km이내대형병원수":12,
            "500m이내공원수":4,
            "3km이내혐오시설수":0,
            "초등학교학업성취도":88.97,
            "중학교학업성취도":80.1,
            "용적률":355,
            "건폐율":22,
            "Y":35.126094,
            "X":126.904813,
            "rank":127.0,
            "area_info":"23평(76.93), 23평(77.12), 32평(108.72)",
            "last_sales":"2021-12-27,14900.0,23평(76.93)"
        },
        {
            "index":83,
            "아파트명":"백운대흥스카이2차",
            "투자타입":"일반",
            "전용면적(m2)":"83.15",
            "전용면적(평)":"25평",
            "법정동주소":"광주시 남구 백운동 458",
            "도로명주소":"광주시 남구 백운로66번길 9",
            "세대수":0,
            "입주년차":0,
            "용적률점수":"--",
            "건폐율점수":"--",
            "세대당주차수":0,
            "난방방식":30,
            "공급면적":"--",
            "전용률":"--",
            "욕실수":50,
            "현관타입":10,
            "주거총점":9.0,
            "지역구공급총점":100.0,
            "역세권":"NA",
            "30분내 이동가능 거점":"NA",
            "1시간내 이동가능 거점":"NA",
            "교통총점":"NA",
            "백화점":100,
            "아울렛몰":80,
            "대형마트":0,
            "은행":0,
            "병원":30,
            "종합병원":100,
            "공원":0,
            "혐오시설":0,
            "인프라총점":61.0,
            "초등학군":80.97,
            "중학군":35.94,
            "학군총점":44.946,
            "인구수":23.61,
            "인구증감":-2.33,
            "인구총점":15.828,
            "일자리":8.1,
            "소득수준":50.26,
            "일자리총점":20.748,
            "가치 총점":38.7865,
            "매매실거래년":20220104.0,
            "매매실거래가":12000.0,
            "전세실거래년":20201114.0,
            "전세실거래가":11000.0,
            "전세가율":91.67,
            "장기전세가율평균":75.74,
            "전세가율거품지수":-15.93,
            "검색코드":4544,
            "세대수":214,
            "준공년월":"1996-05-28",
            "준공년차":27,
            "가까운역이름":"NA",
            "가까운역거리":"NA",
            "역세권여부":"NA",
            "30분이내주요거점역":"NA",
            "1시간이내주요거점역":"NA",
            "3km이내백화점수":1,
            "5km이내아울렛몰수":1,
            "1km이내대형먀트수":0,
            "500m이내은행수":0,
            "500m이내병원수":9,
            "5km이내대형병원수":12,
            "500m이내공원수":0,
            "3km이내혐오시설수":0,
            "초등학교학업성취도":80.97,
            "중학교학업성취도":59.9,
            "용적률":440,
            "건폐율":26,
            "Y":35.13957,
            "X":126.90698,
            "rank":128.0,
            "area_info":"25평(83.15), 31평(104.45), 33평(109.5)",
            "last_sales":"2022-01-04,12000.0,25평(83.15)"
        },
        {
            "index":296,
            "아파트명":"제일파크",
            "투자타입":"재건축",
            "전용면적(m2)":"77.07",
            "전용면적(평)":"23평",
            "법정동주소":"광주시 남구 월산동 411-3",
            "도로명주소":"광주시 남구 경열로76번길 33-5",
            "세대수":0,
            "입주년차":"--",
            "용적률점수":0,
            "건폐율점수":0,
            "세대당주차수":"--",
            "난방방식":"--",
            "공급면적":50,
            "전용률":80,
            "욕실수":"--",
            "현관타입":"--",
            "주거총점":6.5,
            "지역구공급총점":100.0,
            "역세권":"NA",
            "30분내 이동가능 거점":"NA",
            "1시간내 이동가능 거점":"NA",
            "교통총점":"NA",
            "백화점":100,
            "아울렛몰":80,
            "대형마트":0,
            "은행":0,
            "병원":30,
            "종합병원":100,
            "공원":0,
            "혐오시설":0,
            "인프라총점":61.0,
            "초등학군":87.51,
            "중학군":37.9,
            "학군총점":47.822,
            "인구수":23.61,
            "인구증감":-2.33,
            "인구총점":15.828,
            "일자리":8.1,
            "소득수준":50.26,
            "일자리총점":20.748,
            "가치 총점":38.6305,
            "매매실거래년":20211214.0,
            "매매실거래가":9300.0,
            "전세실거래년":20170617.0,
            "전세실거래가":7000.0,
            "전세가율":75.27,
            "장기전세가율평균":75.74,
            "전세가율거품지수":0.47,
            "검색코드":15661,
            "세대수":155,
            "준공년월":"1986-10-13",
            "준공년차":37,
            "가까운역이름":"NA",
            "가까운역거리":"NA",
            "역세권여부":"NA",
            "30분이내주요거점역":"NA",
            "1시간이내주요거점역":"NA",
            "3km이내백화점수":2,
            "5km이내아울렛몰수":1,
            "1km이내대형먀트수":0,
            "500m이내은행수":0,
            "500m이내병원수":8,
            "5km이내대형병원수":15,
            "500m이내공원수":0,
            "3km이내혐오시설수":0,
            "초등학교학업성취도":87.51,
            "중학교학업성취도":62.7,
            "용적률":0,
            "건폐율":0,
            "Y":35.14831,
            "X":126.89492,
            "rank":129.0,
            "area_info":"23평(77.07)",
            "last_sales":"2021-12-14,9300.0,23평(77.07)"
        },
        {
            "index":312,
            "아파트명":"금영푸르미",
            "투자타입":"일반",
            "전용면적(m2)":"106.93",
            "전용면적(평)":"32평",
            "법정동주소":"광주시 남구 주월동 1242-5",
            "도로명주소":"광주시 남구 서문대로 754",
            "세대수":0,
            "입주년차":40,
            "용적률점수":"--",
            "건폐율점수":"--",
            "세대당주차수":30,
            "난방방식":30,
            "공급면적":"--",
            "전용률":"--",
            "욕실수":50,
            "현관타입":100,
            "주거총점":30.5,
            "지역구공급총점":100.0,
            "역세권":"NA",
            "30분내 이동가능 거점":"NA",
            "1시간내 이동가능 거점":"NA",
            "교통총점":"NA",
            "백화점":0,
            "아울렛몰":80,
            "대형마트":0,
            "은행":0,
            "병원":60,
            "종합병원":100,
            "공원":0,
            "혐오시설":0,
            "인프라총점":34.0,
            "초등학군":90.81,
            "중학군":48.58,
            "학군총점":57.026,
            "인구수":23.61,
            "인구증감":-2.33,
            "인구총점":15.828,
            "일자리":8.1,
            "소득수준":50.26,
            "일자리총점":20.748,
            "가치 총점":38.5315,
            "매매실거래년":20211113.0,
            "매매실거래가":22600.0,
            "전세실거래년":20200925.0,
            "전세실거래가":18000.0,
            "전세가율":79.65,
            "장기전세가율평균":75.74,
            "전세가율거품지수":-3.91,
            "검색코드":100901,
            "세대수":140,
            "준공년월":"2005-07-29",
            "준공년차":18,
            "가까운역이름":"NA",
            "가까운역거리":"NA",
            "역세권여부":"NA",
            "30분이내주요거점역":"NA",
            "1시간이내주요거점역":"NA",
            "3km이내백화점수":0,
            "5km이내아울렛몰수":1,
            "1km이내대형먀트수":0,
            "500m이내은행수":1,
            "500m이내병원수":19,
            "5km이내대형병원수":13,
            "500m이내공원수":0,
            "3km이내혐오시설수":0,
            "초등학교학업성취도":90.81,
            "중학교학업성취도":80.1,
            "용적률":247,
            "건폐율":17,
            "Y":35.12652,
            "X":126.898137,
            "rank":130.0,
            "area_info":"32평(106.93), 35평(117.28)",
            "last_sales":"2021-11-13,22600.0,32평(106.93)"
        },
        {
            "index":455,
            "아파트명":"진아하이빌",
            "투자타입":"일반",
            "전용면적(m2)":"74.89",
            "전용면적(평)":"22평",
            "법정동주소":"광주시 남구 진월동 269",
            "도로명주소":"광주시 남구 광복마을3길 7",
            "세대수":0,
            "입주년차":20,
            "용적률점수":"--",
            "건폐율점수":"--",
            "세대당주차수":0,
            "난방방식":30,
            "공급면적":"--",
            "전용률":"--",
            "욕실수":50,
            "현관타입":100,
            "주거총점":22.0,
            "지역구공급총점":100.0,
            "역세권":"NA",
            "30분내 이동가능 거점":"NA",
            "1시간내 이동가능 거점":"NA",
            "교통총점":"NA",
            "백화점":0,
            "아울렛몰":80,
            "대형마트":0,
            "은행":20,
            "병원":80,
            "종합병원":100,
            "공원":100,
            "혐오시설":0,
            "인프라총점":41.0,
            "초등학군":89.68,
            "중학군":49.5,
            "학군총점":57.536,
            "인구수":23.61,
            "인구증감":-2.33,
            "인구총점":15.828,
            "일자리":8.1,
            "소득수준":50.26,
            "일자리총점":20.748,
            "가치 총점":38.484,
            "매매실거래년":20211111.0,
            "매매실거래가":27200.0,
            "전세실거래년":20191120.0,
            "전세실거래가":11000.0,
            "전세가율":88.0,
            "장기전세가율평균":75.74,
            "전세가율거품지수":-12.26,
            "검색코드":101032,
            "세대수":108,
            "준공년월":"2001-10-26",
            "준공년차":22,
            "가까운역이름":"NA",
            "가까운역거리":"NA",
            "역세권여부":"NA",
            "30분이내주요거점역":"NA",
            "1시간이내주요거점역":"NA",
            "3km이내백화점수":0,
            "5km이내아울렛몰수":1,
            "1km이내대형먀트수":0,
            "500m이내은행수":2,
            "500m이내병원수":45,
            "5km이내대형병원수":12,
            "500m이내공원수":4,
            "3km이내혐오시설수":0,
            "초등학교학업성취도":89.68,
            "중학교학업성취도":82.5,
            "용적률":246,
            "건폐율":22,
            "Y":35.11935,
            "X":126.897663,
            "rank":131.0,
            "area_info":"22평(74.89), 32평(108.09), 35평(117.27)",
            "last_sales":"2021-11-11,27200.0,35평(117.27)"
        },
        {
            "index":72,
            "아파트명":"목우",
            "투자타입":"재건축",
            "전용면적(m2)":"96.55",
            "전용면적(평)":"29평",
            "법정동주소":"광주시 남구 백운동 461-1",
            "도로명주소":"광주시 남구 백운로66번길 8",
            "세대수":0,
            "입주년차":"--",
            "용적률점수":0,
            "건폐율점수":0,
            "세대당주차수":"--",
            "난방방식":"--",
            "공급면적":70,
            "전용률":80,
            "욕실수":"--",
            "현관타입":"--",
            "주거총점":7.5,
            "지역구공급총점":100.0,
            "역세권":"NA",
            "30분내 이동가능 거점":"NA",
            "1시간내 이동가능 거점":"NA",
            "교통총점":"NA",
            "백화점":100,
            "아울렛몰":80,
            "대형마트":0,
            "은행":0,
            "병원":30,
            "종합병원":100,
            "공원":0,
            "혐오시설":0,
            "인프라총점":61.0,
            "초등학군":82.34,
            "중학군":35.94,
            "학군총점":45.22,
            "인구수":23.61,
            "인구증감":-2.33,
            "인구총점":15.828,
            "일자리":8.1,
            "소득수준":50.26,
            "일자리총점":20.748,
            "가치 총점":38.33,
            "매매실거래년":20210818.0,
            "매매실거래가":14600.0,
            "전세실거래년":20140714.0,
            "전세실거래가":9000.0,
            "전세가율":74.38,
            "장기전세가율평균":75.74,
            "전세가율거품지수":1.36,
            "검색코드":15621,
            "세대수":145,
            "준공년월":"1989-08-31",
            "준공년차":34,
            "가까운역이름":"NA",
            "가까운역거리":"NA",
            "역세권여부":"NA",
            "30분이내주요거점역":"NA",
            "1시간이내주요거점역":"NA",
            "3km이내백화점수":1,
            "5km이내아울렛몰수":1,
            "1km이내대형먀트수":0,
            "500m이내은행수":0,
            "500m이내병원수":9,
            "5km이내대형병원수":12,
            "500m이내공원수":0,
            "3km이내혐오시설수":0,
            "초등학교학업성취도":82.34,
            "중학교학업성취도":59.9,
            "용적률":0,
            "건폐율":0,
            "Y":35.138838,
            "X":126.906705,
            "rank":132.0,
            "area_info":"29평(96.55), 30평(102.38), 31평(103.94)",
            "last_sales":"2021-08-18,14600.0,31평(103.94)"
        },
        {
            "index":393,
            "아파트명":"호반베르디움2차",
            "투자타입":"일반",
            "전용면적(m2)":"131.43",
            "전용면적(평)":"39평",
            "법정동주소":"광주시 남구 주월동 535",
            "도로명주소":"광주시 남구 회재로 1174-14",
            "세대수":0,
            "입주년차":40,
            "용적률점수":"--",
            "건폐율점수":"--",
            "세대당주차수":30,
            "난방방식":30,
            "공급면적":"--",
            "전용률":"--",
            "욕실수":100,
            "현관타입":100,
            "주거총점":35.5,
            "지역구공급총점":100.0,
            "역세권":"NA",
            "30분내 이동가능 거점":"NA",
            "1시간내 이동가능 거점":"NA",
            "교통총점":"NA",
            "백화점":0,
            "아울렛몰":80,
            "대형마트":0,
            "은행":0,
            "병원":10,
            "종합병원":100,
            "공원":0,
            "혐오시설":0,
            "인프라총점":29.0,
            "초등학군":90.81,
            "중학군":47.44,
            "학군총점":56.114,
            "인구수":23.61,
            "인구증감":-2.33,
            "인구총점":15.828,
            "일자리":8.1,
            "소득수준":50.26,
            "일자리총점":20.748,
            "가치 총점":38.0535,
            "매매실거래년":20210926.0,
            "매매실거래가":45800.0,
            "전세실거래년":20200819.0,
            "전세실거래가":13000.0,
            "전세가율":28.38,
            "장기전세가율평균":75.74,
            "전세가율거품지수":47.36,
            "검색코드":24679,
            "세대수":296,
            "준공년월":"2008-09-19",
            "준공년차":15,
            "가까운역이름":"NA",
            "가까운역거리":"NA",
            "역세권여부":"NA",
            "30분이내주요거점역":"NA",
            "1시간이내주요거점역":"NA",
            "3km이내백화점수":0,
            "5km이내아울렛몰수":1,
            "1km이내대형먀트수":0,
            "500m이내은행수":0,
            "500m이내병원수":2,
            "5km이내대형병원수":13,
            "500m이내공원수":0,
            "3km이내혐오시설수":0,
            "초등학교학업성취도":90.81,
            "중학교학업성취도":78.6,
            "용적률":200,
            "건폐율":13,
            "Y":35.130743,
            "X":126.889741,
            "rank":133.0,
            "area_info":"39평(131.43), 43평(144.37)",
            "last_sales":"2021-09-26,45800.0,39평(131.43)"
        },
        {
            "index":499,
            "아파트명":"호반(리젠시빌)",
            "투자타입":"일반",
            "전용면적(m2)":"44.85",
            "전용면적(평)":"13평",
            "법정동주소":"광주시 남구 진월동 388",
            "도로명주소":"광주시 남구 서문대로663번안길 2",
            "세대수":30,
            "입주년차":20,
            "용적률점수":"--",
            "건폐율점수":"--",
            "세대당주차수":0,
            "난방방식":30,
            "공급면적":"--",
            "전용률":"--",
            "욕실수":50,
            "현관타입":10,
            "주거총점":23.5,
            "지역구공급총점":100.0,
            "역세권":"NA",
            "30분내 이동가능 거점":"NA",
            "1시간내 이동가능 거점":"NA",
            "교통총점":"NA",
            "백화점":0,
            "아울렛몰":80,
            "대형마트":0,
            "은행":0,
            "병원":60,
            "종합병원":100,
            "공원":100,
            "혐오시설":0,
            "인프라총점":37.0,
            "초등학군":89.68,
            "중학군":49.5,
            "학군총점":57.536,
            "인구수":23.61,
            "인구증감":-2.33,
            "인구총점":15.828,
            "일자리":8.1,
            "소득수준":50.26,
            "일자리총점":20.748,
            "가치 총점":37.409,
            "매매실거래년":20220111.0,
            "매매실거래가":6500.0,
            "전세실거래년":20211221.0,
            "전세실거래가":5800.0,
            "전세가율":89.23,
            "장기전세가율평균":75.74,
            "전세가율거품지수":-13.49,
            "검색코드":16594,
            "세대수":327,
            "준공년월":"1999-06-22",
            "준공년차":24,
            "가까운역이름":"NA",
            "가까운역거리":"NA",
            "역세권여부":"NA",
            "30분이내주요거점역":"NA",
            "1시간이내주요거점역":"NA",
            "3km이내백화점수":0,
            "5km이내아울렛몰수":1,
            "1km이내대형먀트수":0,
            "500m이내은행수":1,
            "500m이내병원수":28,
            "5km이내대형병원수":12,
            "500m이내공원수":4,
            "3km이내혐오시설수":0,
            "초등학교학업성취도":89.68,
            "중학교학업성취도":82.5,
            "용적률":258,
            "건폐율":28,
            "Y":35.117856,
            "X":126.89494,
            "rank":134.0,
            "area_info":"13평(44.85)",
            "last_sales":"2022-01-11,6500.0,13평(44.85)"
        },
        {
            "index":492,
            "아파트명":"진월현대3차",
            "투자타입":"일반",
            "전용면적(m2)":"75.97",
            "전용면적(평)":"22평",
            "법정동주소":"광주시 남구 진월동 241",
            "도로명주소":"광주시 남구 서문대로654번길 35",
            "세대수":0,
            "입주년차":0,
            "용적률점수":"--",
            "건폐율점수":"--",
            "세대당주차수":0,
            "난방방식":30,
            "공급면적":"--",
            "전용률":"--",
            "욕실수":50,
            "현관타입":100,
            "주거총점":18.0,
            "지역구공급총점":100.0,
            "역세권":"NA",
            "30분내 이동가능 거점":"NA",
            "1시간내 이동가능 거점":"NA",
            "교통총점":"NA",
            "백화점":0,
            "아울렛몰":80,
            "대형마트":0,
            "은행":0,
            "병원":60,
            "종합병원":100,
            "공원":100,
            "혐오시설":0,
            "인프라총점":37.0,
            "초등학군":95.15,
            "중학군":54.36,
            "학군총점":62.518,
            "인구수":23.61,
            "인구증감":-2.33,
            "인구총점":15.828,
            "일자리":8.1,
            "소득수준":50.26,
            "일자리총점":20.748,
            "가치 총점":36.7295,
            "매매실거래년":20220104.0,
            "매매실거래가":16800.0,
            "전세실거래년":20140514.0,
            "전세실거래가":13000.0,
            "전세가율":77.38,
            "장기전세가율평균":75.74,
            "전세가율거품지수":-1.64,
            "검색코드":4523,
            "세대수":186,
            "준공년월":"1998-05-28",
            "준공년차":25,
            "가까운역이름":"NA",
            "가까운역거리":"NA",
            "역세권여부":"NA",
            "30분이내주요거점역":"NA",
            "1시간이내주요거점역":"NA",
            "3km이내백화점수":0,
            "5km이내아울렛몰수":1,
            "1km이내대형먀트수":0,
            "500m이내은행수":0,
            "500m이내병원수":16,
            "5km이내대형병원수":10,
            "500m이내공원수":4,
            "3km이내혐오시설수":0,
            "초등학교학업성취도":95.15,
            "중학교학업성취도":90.6,
            "용적률":206,
            "건폐율":15,
            "Y":35.1167,
            "X":126.90311,
            "rank":135.0,
            "area_info":"22평(75.97), 28평(95.18), 32평(107.65)",
            "last_sales":"2022-01-04,16800.0,22평(75.97)"
        },
        {
            "index":414,
            "아파트명":"대덕",
            "투자타입":"일반",
            "전용면적(m2)":"78.4",
            "전용면적(평)":"23평",
            "법정동주소":"광주시 남구 진월동 333-30",
            "도로명주소":"광주시 남구 서문대로749번가길 30",
            "세대수":0,
            "입주년차":0,
            "용적률점수":"--",
            "건폐율점수":"--",
            "세대당주차수":0,
            "난방방식":30,
            "공급면적":"--",
            "전용률":"--",
            "욕실수":50,
            "현관타입":10,
            "주거총점":9.0,
            "지역구공급총점":100.0,
            "역세권":"NA",
            "30분내 이동가능 거점":"NA",
            "1시간내 이동가능 거점":"NA",
            "교통총점":"NA",
            "백화점":0,
            "아울렛몰":80,
            "대형마트":0,
            "은행":70,
            "병원":80,
            "종합병원":100,
            "공원":0,
            "혐오시설":0,
            "인프라총점":43.0,
            "초등학군":89.68,
            "중학군":55.0,
            "학군총점":61.936,
            "인구수":23.61,
            "인구증감":-2.33,
            "인구총점":15.828,
            "일자리":8.1,
            "소득수준":50.26,
            "일자리총점":20.748,
            "가치 총점":35.834,
            "매매실거래년":20211211.0,
            "매매실거래가":12000.0,
            "전세실거래년":20211229.0,
            "전세실거래가":11000.0,
            "전세가율":91.67,
            "장기전세가율평균":75.74,
            "전세가율거품지수":-15.93,
            "검색코드":4490,
            "세대수":144,
            "준공년월":"1996-07-02",
            "준공년차":27,
            "가까운역이름":"NA",
            "가까운역거리":"NA",
            "역세권여부":"NA",
            "30분이내주요거점역":"NA",
            "1시간이내주요거점역":"NA",
            "3km이내백화점수":0,
            "5km이내아울렛몰수":1,
            "1km이내대형먀트수":0,
            "500m이내은행수":3,
            "500m이내병원수":32,
            "5km이내대형병원수":12,
            "500m이내공원수":0,
            "3km이내혐오시설수":0,
            "초등학교학업성취도":89.68,
            "중학교학업성취도":91.4,
            "용적률":299,
            "건폐율":20,
            "Y":35.123218,
            "X":126.895877,
            "rank":136.0,
            "area_info":"23평(78.4)",
            "last_sales":"2021-12-11,12000.0,23평(78.4)"
        },
        {
            "index":405,
            "아파트명":"광명",
            "투자타입":"일반",
            "전용면적(m2)":"67.69",
            "전용면적(평)":"20평",
            "법정동주소":"광주시 남구 진월동 312-7",
            "도로명주소":"광주시 남구 광복마을길 63",
            "세대수":0,
            "입주년차":0,
            "용적률점수":"--",
            "건폐율점수":"--",
            "세대당주차수":0,
            "난방방식":30,
            "공급면적":"--",
            "전용률":"--",
            "욕실수":50,
            "현관타입":10,
            "주거총점":9.0,
            "지역구공급총점":100.0,
            "역세권":"NA",
            "30분내 이동가능 거점":"NA",
            "1시간내 이동가능 거점":"NA",
            "교통총점":"NA",
            "백화점":0,
            "아울렛몰":80,
            "대형마트":0,
            "은행":70,
            "병원":80,
            "종합병원":100,
            "공원":0,
            "혐오시설":0,
            "인프라총점":43.0,
            "초등학군":89.68,
            "중학군":55.0,
            "학군총점":61.936,
            "인구수":23.61,
            "인구증감":-2.33,
            "인구총점":15.828,
            "일자리":8.1,
            "소득수준":50.26,
            "일자리총점":20.748,
            "가치 총점":35.834,
            "매매실거래년":20210105.0,
            "매매실거래가":23000.0,
            "전세실거래년":20201030.0,
            "전세실거래가":10000.0,
            "전세가율":85.47,
            "장기전세가율평균":75.74,
            "전세가율거품지수":-9.73,
            "검색코드":4485,
            "세대수":200,
            "준공년월":"1998-02-14",
            "준공년차":25,
            "가까운역이름":"NA",
            "가까운역거리":"NA",
            "역세권여부":"NA",
            "30분이내주요거점역":"NA",
            "1시간이내주요거점역":"NA",
            "3km이내백화점수":0,
            "5km이내아울렛몰수":1,
            "1km이내대형먀트수":0,
            "500m이내은행수":3,
            "500m이내병원수":35,
            "5km이내대형병원수":12,
            "500m이내공원수":0,
            "3km이내혐오시설수":0,
            "초등학교학업성취도":89.68,
            "중학교학업성취도":91.4,
            "용적률":287,
            "건폐율":25,
            "Y":35.123408,
            "X":126.896961,
            "rank":136.0,
            "area_info":"20평(67.69), 23평(78.54), 26평(87.62), 27평(90.99), 27평(92.49), 29평(98.81), 33평(111.19)",
            "last_sales":"2021-01-05,23000.0,33평(111.19)"
        },
        {
            "index":320,
            "아파트명":"라인가든1차",
            "투자타입":"재건축",
            "전용면적(m2)":"30.3",
            "전용면적(평)":"9평",
            "법정동주소":"광주시 남구 주월동 1199-12",
            "도로명주소":"광주시 남구 서문대로 766",
            "세대수":0,
            "입주년차":"--",
            "용적률점수":0,
            "건폐율점수":80,
            "세대당주차수":"--",
            "난방방식":"--",
            "공급면적":50,
            "전용률":80,
            "욕실수":"--",
            "현관타입":"--",
            "주거총점":22.5,
            "지역구공급총점":100.0,
            "역세권":"NA",
            "30분내 이동가능 거점":"NA",
            "1시간내 이동가능 거점":"NA",
            "교통총점":"NA",
            "백화점":0,
            "아울렛몰":80,
            "대형마트":0,
            "은행":0,
            "병원":60,
            "종합병원":100,
            "공원":0,
            "혐오시설":0,
            "인프라총점":34.0,
            "초등학군":90.81,
            "중학군":48.58,
            "학군총점":57.026,
            "인구수":23.61,
            "인구증감":-2.33,
            "인구총점":15.828,
            "일자리":8.1,
            "소득수준":50.26,
            "일자리총점":20.748,
            "가치 총점":35.7315,
            "매매실거래년":20211213.0,
            "매매실거래가":9600.0,
            "전세실거래년":null,
            "전세실거래가":null,
            "전세가율":null,
            "장기전세가율평균":75.74,
            "전세가율거품지수":null,
            "검색코드":4697,
            "세대수":169,
            "준공년월":"1985-11-15",
            "준공년차":38,
            "가까운역이름":"NA",
            "가까운역거리":"NA",
            "역세권여부":"NA",
            "30분이내주요거점역":"NA",
            "1시간이내주요거점역":"NA",
            "3km이내백화점수":0,
            "5km이내아울렛몰수":1,
            "1km이내대형먀트수":0,
            "500m이내은행수":1,
            "500m이내병원수":12,
            "5km이내대형병원수":13,
            "500m이내공원수":0,
            "3km이내혐오시설수":0,
            "초등학교학업성취도":90.81,
            "중학교학업성취도":80.1,
            "용적률":257,
            "건폐율":22,
            "Y":35.128414,
            "X":126.898254,
            "rank":137.0,
            "area_info":"9평(30.3), 11평(37.62), 13평(46.09), 18평(59.88), 18평(60.49), 20평(68.97)",
            "last_sales":"2021-12-13,9600.0,20평(68.97)"
        },
        {
            "index":372,
            "아파트명":"주월현대2차",
            "투자타입":"일반",
            "전용면적(m2)":"79.56",
            "전용면적(평)":"24평",
            "법정동주소":"광주시 남구 주월동 456",
            "도로명주소":"광주시 남구 회재로1186번길 30",
            "세대수":50,
            "입주년차":0,
            "용적률점수":"--",
            "건폐율점수":"--",
            "세대당주차수":0,
            "난방방식":30,
            "공급면적":"--",
            "전용률":"--",
            "욕실수":50,
            "현관타입":10,
            "주거총점":26.5,
            "지역구공급총점":100.0,
            "역세권":"NA",
            "30분내 이동가능 거점":"NA",
            "1시간내 이동가능 거점":"NA",
            "교통총점":"NA",
            "백화점":0,
            "아울렛몰":80,
            "대형마트":0,
            "은행":0,
            "병원":10,
            "종합병원":100,
            "공원":0,
            "혐오시설":0,
            "인프라총점":29.0,
            "초등학군":90.81,
            "중학군":47.44,
            "학군총점":56.114,
            "인구수":23.61,
            "인구증감":-2.33,
            "인구총점":15.828,
            "일자리":8.1,
            "소득수준":50.26,
            "일자리총점":20.748,
            "가치 총점":34.9035,
            "매매실거래년":20211230.0,
            "매매실거래가":11400.0,
            "전세실거래년":20211221.0,
            "전세실거래가":10500.0,
            "전세가율":92.11,
            "장기전세가율평균":75.74,
            "전세가율거품지수":-16.37,
            "검색코드":4718,
            "세대수":647,
            "준공년월":"1995-06-17",
            "준공년차":28,
            "가까운역이름":"NA",
            "가까운역거리":"NA",
            "역세권여부":"NA",
            "30분이내주요거점역":"NA",
            "1시간이내주요거점역":"NA",
            "3km이내백화점수":0,
            "5km이내아울렛몰수":1,
            "1km이내대형먀트수":0,
            "500m이내은행수":0,
            "500m이내병원수":4,
            "5km이내대형병원수":13,
            "500m이내공원수":0,
            "3km이내혐오시설수":0,
            "초등학교학업성취도":90.81,
            "중학교학업성취도":78.6,
            "용적률":256,
            "건폐율":15,
            "Y":35.128916,
            "X":126.892015,
            "rank":138.0,
            "area_info":"24평(79.56), 27평(91.91), 30평(100.21), 30평(101.21), 30평(101.72), 31평(102.64)",
            "last_sales":"2021-12-30,11400.0,24평(79.56)"
        },
        {
            "index":439,
            "아파트명":"신흥타운",
            "투자타입":"재건축",
            "전용면적(m2)":"51.94",
            "전용면적(평)":"15평",
            "법정동주소":"광주시 남구 진월동 508-5",
            "도로명주소":"광주시 남구 서문대로 614",
            "세대수":30,
            "입주년차":"--",
            "용적률점수":0,
            "건폐율점수":0,
            "세대당주차수":"--",
            "난방방식":"--",
            "공급면적":50,
            "전용률":60,
            "욕실수":"--",
            "현관타입":"--",
            "주거총점":14.5,
            "지역구공급총점":100.0,
            "역세권":"NA",
            "30분내 이동가능 거점":"NA",
            "1시간내 이동가능 거점":"NA",
            "교통총점":"NA",
            "백화점":0,
            "아울렛몰":80,
            "대형마트":0,
            "은행":0,
            "병원":60,
            "종합병원":100,
            "공원":100,
            "혐오시설":0,
            "인프라총점":37.0,
            "초등학군":96.84,
            "중학군":49.5,
            "학군총점":58.968,
            "인구수":23.61,
            "인구증감":-2.33,
            "인구총점":15.828,
            "일자리":8.1,
            "소득수준":50.26,
            "일자리총점":20.748,
            "가치 총점":34.617,
            "매매실거래년":20211118.0,
            "매매실거래가":14000.0,
            "전세실거래년":20181017.0,
            "전세실거래가":6000.0,
            "전세가율":68.57,
            "장기전세가율평균":75.74,
            "전세가율거품지수":7.17,
            "검색코드":4511,
            "세대수":363,
            "준공년월":"1987-12-15",
            "준공년차":36,
            "가까운역이름":"NA",
            "가까운역거리":"NA",
            "역세권여부":"NA",
            "30분이내주요거점역":"NA",
            "1시간이내주요거점역":"NA",
            "3km이내백화점수":0,
            "5km이내아울렛몰수":1,
            "1km이내대형먀트수":0,
            "500m이내은행수":0,
            "500m이내병원수":18,
            "5km이내대형병원수":10,
            "500m이내공원수":4,
            "3km이내혐오시설수":0,
            "초등학교학업성취도":96.84,
            "중학교학업성취도":82.5,
            "용적률":0,
            "건폐율":0,
            "Y":35.11462,
            "X":126.897979,
            "rank":139.0,
            "area_info":"15평(51.94), 19평(63.43), 22평(73.5), 22평(74.83)",
            "last_sales":"2021-11-18,14000.0,22평(74.83)"
        },
        {
            "index":458,
            "아파트명":"진월(250-3)",
            "투자타입":"재건축",
            "전용면적(m2)":"72.0",
            "전용면적(평)":"21평",
            "법정동주소":"광주시 남구 진월동 250-3",
            "도로명주소":"광주시 남구 서문대로 668",
            "세대수":0,
            "입주년차":"--",
            "용적률점수":0,
            "건폐율점수":0,
            "세대당주차수":"--",
            "난방방식":"--",
            "공급면적":50,
            "전용률":100,
            "욕실수":"--",
            "현관타입":"--",
            "주거총점":7.5,
            "지역구공급총점":100.0,
            "역세권":"NA",
            "30분내 이동가능 거점":"NA",
            "1시간내 이동가능 거점":"NA",
            "교통총점":"NA",
            "백화점":0,
            "아울렛몰":80,
            "대형마트":0,
            "은행":20,
            "병원":80,
            "종합병원":100,
            "공원":100,
            "혐오시설":0,
            "인프라총점":41.0,
            "초등학군":95.15,
            "중학군":49.5,
            "학군총점":58.63,
            "인구수":23.61,
            "인구증감":-2.33,
            "인구총점":15.828,
            "일자리":8.1,
            "소득수준":50.26,
            "일자리총점":20.748,
            "가치 총점":33.6825,
            "매매실거래년":20211218.0,
            "매매실거래가":21000.0,
            "전세실거래년":20211116.0,
            "전세실거래가":10000.0,
            "전세가율":47.62,
            "장기전세가율평균":75.74,
            "전세가율거품지수":28.12,
            "검색코드":15678,
            "세대수":135,
            "준공년월":"1986-02-25",
            "준공년차":37,
            "가까운역이름":"NA",
            "가까운역거리":"NA",
            "역세권여부":"NA",
            "30분이내주요거점역":"NA",
            "1시간이내주요거점역":"NA",
            "3km이내백화점수":0,
            "5km이내아울렛몰수":1,
            "1km이내대형먀트수":0,
            "500m이내은행수":2,
            "500m이내병원수":45,
            "5km이내대형병원수":12,
            "500m이내공원수":4,
            "3km이내혐오시설수":0,
            "초등학교학업성취도":95.15,
            "중학교학업성취도":82.5,
            "용적률":0,
            "건폐율":0,
            "Y":35.119062,
            "X":126.899696,
            "rank":140.0,
            "area_info":"21평(72.0), 26평(87.3)",
            "last_sales":"2021-12-18,21000.0,21평(72.0)"
        },
        {
            "index":446,
            "아파트명":"옥천",
            "투자타입":"재건축",
            "전용면적(m2)":"66.06",
            "전용면적(평)":"19평",
            "법정동주소":"광주시 남구 진월동 363-4",
            "도로명주소":"광주시 남구 광복마을3길 26-3",
            "세대수":0,
            "입주년차":"--",
            "용적률점수":0,
            "건폐율점수":0,
            "세대당주차수":"--",
            "난방방식":"--",
            "공급면적":50,
            "전용률":100,
            "욕실수":"--",
            "현관타입":"--",
            "주거총점":7.5,
            "지역구공급총점":100.0,
            "역세권":"NA",
            "30분내 이동가능 거점":"NA",
            "1시간내 이동가능 거점":"NA",
            "교통총점":"NA",
            "백화점":0,
            "아울렛몰":80,
            "대형마트":0,
            "은행":20,
            "병원":80,
            "종합병원":100,
            "공원":0,
            "혐오시설":0,
            "인프라총점":38.0,
            "초등학군":89.68,
            "중학군":55.0,
            "학군총점":61.936,
            "인구수":23.61,
            "인구증감":-2.33,
            "인구총점":15.828,
            "일자리":8.1,
            "소득수준":50.26,
            "일자리총점":20.748,
            "가치 총점":33.309,
            "매매실거래년":20211014.0,
            "매매실거래가":14200.0,
            "전세실거래년":20211221.0,
            "전세실거래가":7800.0,
            "전세가율":59.54,
            "장기전세가율평균":75.74,
            "전세가율거품지수":16.2,
            "검색코드":16585,
            "세대수":120,
            "준공년월":"1982-12-16",
            "준공년차":41,
            "가까운역이름":"NA",
            "가까운역거리":"NA",
            "역세권여부":"NA",
            "30분이내주요거점역":"NA",
            "1시간이내주요거점역":"NA",
            "3km이내백화점수":0,
            "5km이내아울렛몰수":1,
            "1km이내대형먀트수":0,
            "500m이내은행수":2,
            "500m이내병원수":43,
            "5km이내대형병원수":12,
            "500m이내공원수":0,
            "3km이내혐오시설수":0,
            "초등학교학업성취도":89.68,
            "중학교학업성취도":91.4,
            "용적률":0,
            "건폐율":0,
            "Y":35.119999,
            "X":126.894791,
            "rank":141.0,
            "area_info":"19평(66.06), 22평(73.93)",
            "last_sales":"2021-10-14,14200.0,22평(73.93)"
        },
        {
            "index":395,
            "아파트명":"일진스위트포레",
            "투자타입":"일반",
            "전용면적(m2)":"102.21",
            "전용면적(평)":"30평",
            "법정동주소":"광주시 남구 지석동 444",
            "도로명주소":"광주시 남구 고싸움로164번길 22",
            "세대수":30,
            "입주년차":100,
            "용적률점수":"--",
            "건폐율점수":"--",
            "세대당주차수":30,
            "난방방식":30,
            "공급면적":"--",
            "전용률":"--",
            "욕실수":100,
            "현관타입":100,
            "주거총점":58.0,
            "지역구공급총점":100.0,
            "역세권":"NA",
            "30분내 이동가능 거점":"NA",
            "1시간내 이동가능 거점":"NA",
            "교통총점":"NA",
            "백화점":0,
            "아울렛몰":0,
            "대형마트":0,
            "은행":0,
            "병원":10,
            "종합병원":0,
            "공원":80,
            "혐오시설":0,
            "인프라총점":3.4,
            "초등학군":100.0,
            "중학군":30.72,
            "학군총점":44.576,
            "인구수":23.61,
            "인구증감":-2.33,
            "인구총점":15.828,
            "일자리":8.1,
            "소득수준":50.26,
            "일자리총점":20.748,
            "가치 총점":32.804,
            "매매실거래년":20201028.0,
            "매매실거래가":29180.0,
            "전세실거래년":null,
            "전세실거래가":null,
            "전세가율":null,
            "장기전세가율평균":75.74,
            "전세가율거품지수":null,
            "검색코드":122252,
            "세대수":347,
            "준공년월":"2020-07-01",
            "준공년차":3,
            "가까운역이름":"NA",
            "가까운역거리":"NA",
            "역세권여부":"NA",
            "30분이내주요거점역":"NA",
            "1시간이내주요거점역":"NA",
            "3km이내백화점수":0,
            "5km이내아울렛몰수":0,
            "1km이내대형먀트수":0,
            "500m이내은행수":0,
            "500m이내병원수":3,
            "5km이내대형병원수":0,
            "500m이내공원수":1,
            "3km이내혐오시설수":0,
            "초등학교학업성취도":100.0,
            "중학교학업성취도":51.2,
            "용적률":0,
            "건폐율":0,
            "Y":35.083993,
            "X":126.832883,
            "rank":142.0,
            "area_info":"30평(102.21), 31평(103.15), 33평(110.3), 33평(110.74)",
            "last_sales":"2020-10-28,29180.0,33평(110.74)"
        },
        {
            "index":399,
            "아파트명":"지석한일베라체",
            "투자타입":"일반",
            "전용면적(m2)":"114.62",
            "전용면적(평)":"34평",
            "법정동주소":"광주시 남구 지석동 443",
            "도로명주소":"광주시 남구 회재로 211",
            "세대수":50,
            "입주년차":40,
            "용적률점수":"--",
            "건폐율점수":"--",
            "세대당주차수":60,
            "난방방식":30,
            "공급면적":"--",
            "전용률":"--",
            "욕실수":100,
            "현관타입":100,
            "주거총점":57.5,
            "지역구공급총점":100.0,
            "역세권":"NA",
            "30분내 이동가능 거점":"NA",
            "1시간내 이동가능 거점":"NA",
            "교통총점":"NA",
            "백화점":0,
            "아울렛몰":0,
            "대형마트":0,
            "은행":0,
            "병원":10,
            "종합병원":0,
            "공원":80,
            "혐오시설":0,
            "인프라총점":3.4,
            "초등학군":100.0,
            "중학군":30.72,
            "학군총점":44.576,
            "인구수":23.61,
            "인구증감":-2.33,
            "인구총점":15.828,
            "일자리":8.1,
            "소득수준":50.26,
            "일자리총점":20.748,
            "가치 총점":32.629,
            "매매실거래년":20211230.0,
            "매매실거래가":26000.0,
            "전세실거래년":20211130.0,
            "전세실거래가":18000.0,
            "전세가율":69.23,
            "장기전세가율평균":75.74,
            "전세가율거품지수":6.51,
            "검색코드":104806,
            "세대수":448,
            "준공년월":"2008-09-24",
            "준공년차":15,
            "가까운역이름":"NA",
            "가까운역거리":"NA",
            "역세권여부":"NA",
            "30분이내주요거점역":"NA",
            "1시간이내주요거점역":"NA",
            "3km이내백화점수":0,
            "5km이내아울렛몰수":0,
            "1km이내대형먀트수":0,
            "500m이내은행수":0,
            "500m이내병원수":3,
            "5km이내대형병원수":0,
            "500m이내공원수":1,
            "3km이내혐오시설수":0,
            "초등학교학업성취도":100.0,
            "중학교학업성취도":51.2,
            "용적률":184,
            "건폐율":21,
            "Y":35.082244,
            "X":126.829825,
            "rank":143.0,
            "area_info":"34평(114.62), 37평(124.14), 47평(157.26)",
            "last_sales":"2021-12-30,26000.0,34평(114.62)"
        },
        {
            "index":435,
            "아파트명":"서라",
            "투자타입":"일반",
            "전용면적(m2)":"41.33",
            "전용면적(평)":"12평",
            "법정동주소":"광주시 남구 진월동 489-2",
            "도로명주소":"광주시 남구 화산로31번길 10",
            "세대수":0,
            "입주년차":0,
            "용적률점수":"--",
            "건폐율점수":"--",
            "세대당주차수":0,
            "난방방식":30,
            "공급면적":"--",
            "전용률":"--",
            "욕실수":50,
            "현관타입":10,
            "주거총점":9.0,
            "지역구공급총점":100.0,
            "역세권":"NA",
            "30분내 이동가능 거점":"NA",
            "1시간내 이동가능 거점":"NA",
            "교통총점":"NA",
            "백화점":0,
            "아울렛몰":80,
            "대형마트":0,
            "은행":0,
            "병원":30,
            "종합병원":100,
            "공원":100,
            "혐오시설":0,
            "인프라총점":34.0,
            "초등학군":96.84,
            "중학군":54.36,
            "학군총점":62.856,
            "인구수":23.61,
            "인구증감":-2.33,
            "인구총점":15.828,
            "일자리":8.1,
            "소득수준":50.26,
            "일자리총점":20.748,
            "가치 총점":32.464,
            "매매실거래년":20220105.0,
            "매매실거래가":7600.0,
            "전세실거래년":20180331.0,
            "전세실거래가":5500.0,
            "전세가율":91.67,
            "장기전세가율평균":75.74,
            "전세가율거품지수":-15.93,
            "검색코드":106346,
            "세대수":148,
            "준공년월":"1998-06-16",
            "준공년차":25,
            "가까운역이름":"NA",
            "가까운역거리":"NA",
            "역세권여부":"NA",
            "30분이내주요거점역":"NA",
            "1시간이내주요거점역":"NA",
            "3km이내백화점수":0,
            "5km이내아울렛몰수":1,
            "1km이내대형먀트수":0,
            "500m이내은행수":0,
            "500m이내병원수":5,
            "5km이내대형병원수":9,
            "500m이내공원수":6,
            "3km이내혐오시설수":0,
            "초등학교학업성취도":96.84,
            "중학교학업성취도":90.6,
            "용적률":0,
            "건폐율":0,
            "Y":35.113216,
            "X":126.901168,
            "rank":144.0,
            "area_info":"12평(41.33), 15평(52.01), 17평(57.01), 19평(65.93)",
            "last_sales":"2022-01-05,7600.0,17평(57.01)"
        },
        {
            "index":351,
            "아파트명":"주월마이다스빌",
            "투자타입":"일반",
            "전용면적(m2)":"53.3",
            "전용면적(평)":"16평",
            "법정동주소":"광주시 남구 주월동 543-9",
            "도로명주소":"광주시 남구 회재로1156번길 13",
            "세대수":0,
            "입주년차":20,
            "용적률점수":"--",
            "건폐율점수":"--",
            "세대당주차수":0,
            "난방방식":30,
            "공급면적":"--",
            "전용률":"--",
            "욕실수":50,
            "현관타입":10,
            "주거총점":13.0,
            "지역구공급총점":100.0,
            "역세권":"NA",
            "30분내 이동가능 거점":"NA",
            "1시간내 이동가능 거점":"NA",
            "교통총점":"NA",
            "백화점":0,
            "아울렛몰":80,
            "대형마트":0,
            "은행":0,
            "병원":10,
            "종합병원":100,
            "공원":0,
            "혐오시설":0,
            "인프라총점":29.0,
            "초등학군":90.81,
            "중학군":47.44,
            "학군총점":56.114,
            "인구수":23.61,
            "인구증감":-2.33,
            "인구총점":15.828,
            "일자리":8.1,
            "소득수준":50.26,
            "일자리총점":20.748,
            "가치 총점":30.1785,
            "매매실거래년":20211228.0,
            "매매실거래가":10700.0,
            "전세실거래년":20160503.0,
            "전세실거래가":5700.0,
            "전세가율":55.34,
            "장기전세가율평균":75.74,
            "전세가율거품지수":20.4,
            "검색코드":116087,
            "세대수":100,
            "준공년월":"1999-12-20",
            "준공년차":24,
            "가까운역이름":"NA",
            "가까운역거리":"NA",
            "역세권여부":"NA",
            "30분이내주요거점역":"NA",
            "1시간이내주요거점역":"NA",
            "3km이내백화점수":0,
            "5km이내아울렛몰수":1,
            "1km이내대형먀트수":0,
            "500m이내은행수":0,
            "500m이내병원수":2,
            "5km이내대형병원수":13,
            "500m이내공원수":0,
            "3km이내혐오시설수":0,
            "초등학교학업성취도":90.81,
            "중학교학업성취도":78.6,
            "용적률":288,
            "건폐율":22,
            "Y":35.129473,
            "X":126.888421,
            "rank":145.0,
            "area_info":"16평(53.3), 17평(58.26), 17평(58.16), 18평(60.17), 20평(67.46)",
            "last_sales":"2021-12-28,10700.0,20평(67.46)"
        },
        {
            "index":342,
            "아파트명":"신천그린맨션",
            "투자타입":"재건축",
            "전용면적(m2)":"105.84",
            "전용면적(평)":"32평",
            "법정동주소":"광주시 남구 주월동 1240-1",
            "도로명주소":"광주시 남구 서문대로 760",
            "세대수":0,
            "입주년차":"--",
            "용적률점수":0,
            "건폐율점수":0,
            "세대당주차수":"--",
            "난방방식":"--",
            "공급면적":90,
            "전용률":80,
            "욕실수":"--",
            "현관타입":"--",
            "주거총점":8.5,
            "지역구공급총점":100.0,
            "역세권":"NA",
            "30분내 이동가능 거점":"NA",
            "1시간내 이동가능 거점":"NA",
            "교통총점":"NA",
            "백화점":0,
            "아울렛몰":80,
            "대형마트":0,
            "은행":0,
            "병원":30,
            "종합병원":100,
            "공원":0,
            "혐오시설":0,
            "인프라총점":31.0,
            "초등학군":90.81,
            "중학군":48.58,
            "학군총점":57.026,
            "인구수":23.61,
            "인구증감":-2.33,
            "인구총점":15.828,
            "일자리":8.1,
            "소득수준":50.26,
            "일자리총점":20.748,
            "가치 총점":29.6315,
            "매매실거래년":20210724.0,
            "매매실거래가":13300.0,
            "전세실거래년":20210902.0,
            "전세실거래가":13700.0,
            "전세가율":103.01,
            "장기전세가율평균":75.74,
            "전세가율거품지수":-27.27,
            "검색코드":4701,
            "세대수":153,
            "준공년월":"1989-12-12",
            "준공년차":34,
            "가까운역이름":"NA",
            "가까운역거리":"NA",
            "역세권여부":"NA",
            "30분이내주요거점역":"NA",
            "1시간이내주요거점역":"NA",
            "3km이내백화점수":0,
            "5km이내아울렛몰수":1,
            "1km이내대형먀트수":0,
            "500m이내은행수":1,
            "500m이내병원수":8,
            "5km이내대형병원수":12,
            "500m이내공원수":0,
            "3km이내혐오시설수":0,
            "초등학교학업성취도":90.81,
            "중학교학업성취도":80.1,
            "용적률":0,
            "건폐율":0,
            "Y":35.127006,
            "X":126.899074,
            "rank":146.0,
            "area_info":"32평(105.84)",
            "last_sales":"2021-07-24,13300.0,32평(105.84)"
        },
        {
            "index":385,
            "아파트명":"한양",
            "투자타입":"재건축",
            "전용면적(m2)":"86.6",
            "전용면적(평)":"26평",
            "법정동주소":"광주시 남구 주월동 450-2",
            "도로명주소":"광주시 남구 광복마을7길 31",
            "세대수":0,
            "입주년차":"--",
            "용적률점수":0,
            "건폐율점수":0,
            "세대당주차수":"--",
            "난방방식":"--",
            "공급면적":70,
            "전용률":80,
            "욕실수":"--",
            "현관타입":"--",
            "주거총점":7.5,
            "지역구공급총점":100.0,
            "역세권":"NA",
            "30분내 이동가능 거점":"NA",
            "1시간내 이동가능 거점":"NA",
            "교통총점":"NA",
            "백화점":0,
            "아울렛몰":80,
            "대형마트":0,
            "은행":0,
            "병원":30,
            "종합병원":100,
            "공원":0,
            "혐오시설":0,
            "인프라총점":31.0,
            "초등학군":90.81,
            "중학군":47.44,
            "학군총점":56.114,
            "인구수":23.61,
            "인구증감":-2.33,
            "인구총점":15.828,
            "일자리":8.1,
            "소득수준":50.26,
            "일자리총점":20.748,
            "가치 총점":29.0535,
            "매매실거래년":20211019.0,
            "매매실거래가":15200.0,
            "전세실거래년":20181107.0,
            "전세실거래가":10000.0,
            "전세가율":76.92,
            "장기전세가율평균":75.74,
            "전세가율거품지수":-1.18,
            "검색코드":15668,
            "세대수":172,
            "준공년월":"1989-12-09",
            "준공년차":34,
            "가까운역이름":"NA",
            "가까운역거리":"NA",
            "역세권여부":"NA",
            "30분이내주요거점역":"NA",
            "1시간이내주요거점역":"NA",
            "3km이내백화점수":0,
            "5km이내아울렛몰수":1,
            "1km이내대형먀트수":0,
            "500m이내은행수":1,
            "500m이내병원수":8,
            "5km이내대형병원수":13,
            "500m이내공원수":0,
            "3km이내혐오시설수":0,
            "초등학교학업성취도":90.81,
            "중학교학업성취도":78.6,
            "용적률":0,
            "건폐율":0,
            "Y":35.12707,
            "X":126.89284,
            "rank":147.0,
            "area_info":"26평(86.6), 31평(103.12)",
            "last_sales":"2021-10-19,15200.0,31평(103.12)"
        },
        {
            "index":330,
            "아파트명":"무등파크맨션",
            "투자타입":"재건축",
            "전용면적(m2)":"102.73",
            "전용면적(평)":"31평",
            "법정동주소":"광주시 남구 주월동 541-4",
            "도로명주소":"광주시 남구 회재로1156번길 10",
            "세대수":0,
            "입주년차":"--",
            "용적률점수":0,
            "건폐율점수":0,
            "세대당주차수":"--",
            "난방방식":"--",
            "공급면적":90,
            "전용률":80,
            "욕실수":"--",
            "현관타입":"--",
            "주거총점":8.5,
            "지역구공급총점":100.0,
            "역세권":"NA",
            "30분내 이동가능 거점":"NA",
            "1시간내 이동가능 거점":"NA",
            "교통총점":"NA",
            "백화점":0,
            "아울렛몰":80,
            "대형마트":0,
            "은행":0,
            "병원":10,
            "종합병원":100,
            "공원":0,
            "혐오시설":0,
            "인프라총점":29.0,
            "초등학군":90.81,
            "중학군":47.44,
            "학군총점":56.114,
            "인구수":23.61,
            "인구증감":-2.33,
            "인구총점":15.828,
            "일자리":8.1,
            "소득수준":50.26,
            "일자리총점":20.748,
            "가치 총점":28.6035,
            "매매실거래년":20210930.0,
            "매매실거래가":17300.0,
            "전세실거래년":20210331.0,
            "전세실거래가":15000.0,
            "전세가율":94.34,
            "장기전세가율평균":75.74,
            "전세가율거품지수":-18.6,
            "검색코드":4699,
            "세대수":143,
            "준공년월":"1991-12-14",
            "준공년차":32,
            "가까운역이름":"NA",
            "가까운역거리":"NA",
            "역세권여부":"NA",
            "30분이내주요거점역":"NA",
            "1시간이내주요거점역":"NA",
            "3km이내백화점수":0,
            "5km이내아울렛몰수":1,
            "1km이내대형먀트수":0,
            "500m이내은행수":0,
            "500m이내병원수":2,
            "5km이내대형병원수":13,
            "500m이내공원수":0,
            "3km이내혐오시설수":0,
            "초등학교학업성취도":90.81,
            "중학교학업성취도":78.6,
            "용적률":0,
            "건폐율":0,
            "Y":35.129931,
            "X":126.887689,
            "rank":148.0,
            "area_info":"31평(102.73), 30평(102.36)",
            "last_sales":"2021-09-30,17300.0,30평(102.36)"
        },
        {
            "index":350,
            "아파트명":"종원",
            "투자타입":"재건축",
            "전용면적(m2)":"43.34",
            "전용면적(평)":"13평",
            "법정동주소":"광주시 남구 주월동 499",
            "도로명주소":"광주시 남구 회서로22번가길 13",
            "세대수":0,
            "입주년차":"--",
            "용적률점수":0,
            "건폐율점수":0,
            "세대당주차수":"--",
            "난방방식":"--",
            "공급면적":50,
            "전용률":80,
            "욕실수":"--",
            "현관타입":"--",
            "주거총점":6.5,
            "지역구공급총점":100.0,
            "역세권":"NA",
            "30분내 이동가능 거점":"NA",
            "1시간내 이동가능 거점":"NA",
            "교통총점":"NA",
            "백화점":0,
            "아울렛몰":80,
            "대형마트":0,
            "은행":0,
            "병원":10,
            "종합병원":100,
            "공원":0,
            "혐오시설":0,
            "인프라총점":29.0,
            "초등학군":90.81,
            "중학군":47.44,
            "학군총점":56.114,
            "인구수":23.61,
            "인구증감":-2.33,
            "인구총점":15.828,
            "일자리":8.1,
            "소득수준":50.26,
            "일자리총점":20.748,
            "가치 총점":27.9035,
            "매매실거래년":20211228.0,
            "매매실거래가":9500.0,
            "전세실거래년":20211029.0,
            "전세실거래가":4800.0,
            "전세가율":50.53,
            "장기전세가율평균":75.74,
            "전세가율거품지수":25.21,
            "검색코드":109261,
            "세대수":130,
            "준공년월":"1986-12-10",
            "준공년차":37,
            "가까운역이름":"NA",
            "가까운역거리":"NA",
            "역세권여부":"NA",
            "30분이내주요거점역":"NA",
            "1시간이내주요거점역":"NA",
            "3km이내백화점수":0,
            "5km이내아울렛몰수":1,
            "1km이내대형먀트수":0,
            "500m이내은행수":0,
            "500m이내병원수":2,
            "5km이내대형병원수":13,
            "500m이내공원수":0,
            "3km이내혐오시설수":0,
            "초등학교학업성취도":90.81,
            "중학교학업성취도":78.6,
            "용적률":0,
            "건폐율":0,
            "Y":35.131449,
            "X":126.892068,
            "rank":149.0,
            "area_info":"13평(43.34)",
            "last_sales":"2021-12-28,9500.0,13평(43.34)"
        }
    ]
}