{
    "schema":{
        "fields":[
            {
                "name":"index",
                "type":"integer"
            },
            {
                "name":"아파트명",
                "type":"string"
            },
            {
                "name":"투자타입",
                "type":"string"
            },
            {
                "name":"전용면적(m2)",
                "type":"string"
            },
            {
                "name":"전용면적(평)",
                "type":"string"
            },
            {
                "name":"법정동주소",
                "type":"string"
            },
            {
                "name":"도로명주소",
                "type":"string"
            },
            {
                "name":"세대수",
                "type":"integer"
            },
            {
                "name":"입주년차",
                "type":"string"
            },
            {
                "name":"용적률점수",
                "type":"string"
            },
            {
                "name":"건폐율점수",
                "type":"string"
            },
            {
                "name":"세대당주차수",
                "type":"string"
            },
            {
                "name":"난방방식",
                "type":"string"
            },
            {
                "name":"공급면적",
                "type":"string"
            },
            {
                "name":"전용률",
                "type":"string"
            },
            {
                "name":"욕실수",
                "type":"string"
            },
            {
                "name":"현관타입",
                "type":"string"
            },
            {
                "name":"주거총점",
                "type":"number"
            },
            {
                "name":"지역구공급총점",
                "type":"number"
            },
            {
                "name":"역세권",
                "type":"string"
            },
            {
                "name":"30분내 이동가능 거점",
                "type":"string"
            },
            {
                "name":"1시간내 이동가능 거점",
                "type":"string"
            },
            {
                "name":"교통총점",
                "type":"string"
            },
            {
                "name":"백화점",
                "type":"integer"
            },
            {
                "name":"아울렛몰",
                "type":"integer"
            },
            {
                "name":"대형마트",
                "type":"integer"
            },
            {
                "name":"은행",
                "type":"integer"
            },
            {
                "name":"병원",
                "type":"integer"
            },
            {
                "name":"종합병원",
                "type":"integer"
            },
            {
                "name":"공원",
                "type":"integer"
            },
            {
                "name":"혐오시설",
                "type":"integer"
            },
            {
                "name":"인프라총점",
                "type":"number"
            },
            {
                "name":"초등학군",
                "type":"number"
            },
            {
                "name":"중학군",
                "type":"number"
            },
            {
                "name":"학군총점",
                "type":"number"
            },
            {
                "name":"인구수",
                "type":"number"
            },
            {
                "name":"인구증감",
                "type":"number"
            },
            {
                "name":"인구총점",
                "type":"number"
            },
            {
                "name":"일자리",
                "type":"number"
            },
            {
                "name":"소득수준",
                "type":"number"
            },
            {
                "name":"일자리총점",
                "type":"number"
            },
            {
                "name":"가치 총점",
                "type":"number"
            },
            {
                "name":"매매실거래년",
                "type":"string"
            },
            {
                "name":"매매실거래가",
                "type":"number"
            },
            {
                "name":"전세실거래년",
                "type":"number"
            },
            {
                "name":"전세실거래가",
                "type":"number"
            },
            {
                "name":"전세가율",
                "type":"number"
            },
            {
                "name":"장기전세가율평균",
                "type":"number"
            },
            {
                "name":"전세가율거품지수",
                "type":"number"
            },
            {
                "name":"검색코드",
                "type":"integer"
            },
            {
                "name":"세대수",
                "type":"integer"
            },
            {
                "name":"준공년월",
                "type":"string"
            },
            {
                "name":"준공년차",
                "type":"integer"
            },
            {
                "name":"가까운역이름",
                "type":"string"
            },
            {
                "name":"가까운역거리",
                "type":"string"
            },
            {
                "name":"역세권여부",
                "type":"string"
            },
            {
                "name":"30분이내주요거점역",
                "type":"string"
            },
            {
                "name":"1시간이내주요거점역",
                "type":"string"
            },
            {
                "name":"3km이내백화점수",
                "type":"integer"
            },
            {
                "name":"5km이내아울렛몰수",
                "type":"integer"
            },
            {
                "name":"1km이내대형먀트수",
                "type":"integer"
            },
            {
                "name":"500m이내은행수",
                "type":"integer"
            },
            {
                "name":"500m이내병원수",
                "type":"integer"
            },
            {
                "name":"5km이내대형병원수",
                "type":"integer"
            },
            {
                "name":"500m이내공원수",
                "type":"integer"
            },
            {
                "name":"3km이내혐오시설수",
                "type":"integer"
            },
            {
                "name":"초등학교학업성취도",
                "type":"number"
            },
            {
                "name":"중학교학업성취도",
                "type":"number"
            },
            {
                "name":"용적률",
                "type":"integer"
            },
            {
                "name":"건폐율",
                "type":"integer"
            },
            {
                "name":"Y",
                "type":"number"
            },
            {
                "name":"X",
                "type":"number"
            },
            {
                "name":"rank",
                "type":"number"
            },
            {
                "name":"area_info",
                "type":"string"
            },
            {
                "name":"last_sales",
                "type":"string"
            }
        ],
        "primaryKey":[
            "index"
        ],
        "pandas_version":"1.4.0"
    },
    "data":[
        {
            "index":516,
            "아파트명":"한빛",
            "투자타입":"재건축",
            "전용면적(m2)":"63.71",
            "전용면적(평)":"19평",
            "법정동주소":"대전시 유성구 어은동 99",
            "도로명주소":"대전시 유성구 어은로 57",
            "세대수":100,
            "입주년차":"--",
            "용적률점수":20,
            "건폐율점수":100,
            "세대당주차수":"--",
            "난방방식":"--",
            "공급면적":50,
            "전용률":80,
            "욕실수":"--",
            "현관타입":"--",
            "주거총점":64.5,
            "지역구공급총점":0.0,
            "역세권":"NA",
            "30분내 이동가능 거점":"NA",
            "1시간내 이동가능 거점":"NA",
            "교통총점":"NA",
            "백화점":100,
            "아울렛몰":0,
            "대형마트":80,
            "은행":70,
            "병원":60,
            "종합병원":100,
            "공원":100,
            "혐오시설":0,
            "인프라총점":78.0,
            "초등학군":90.0,
            "중학군":55.62,
            "학군총점":62.496,
            "인구수":40.91,
            "인구증감":-8.31,
            "인구총점":26.144,
            "일자리":23.4,
            "소득수준":70.9,
            "일자리총점":37.65,
            "가치 총점":69.399,
            "매매실거래년":20211005.0,
            "매매실거래가":80000.0,
            "전세실거래년":20211016.0,
            "전세실거래가":27000.0,
            "전세가율":72.97,
            "장기전세가율평균":73.28,
            "전세가율거품지수":0.31,
            "검색코드":6041,
            "세대수":3144,
            "준공년월":"1992-12-19",
            "준공년차":31,
            "가까운역이름":"NA",
            "가까운역거리":"NA",
            "역세권여부":"NA",
            "30분이내주요거점역":"NA",
            "1시간이내주요거점역":"NA",
            "3km이내백화점수":2,
            "5km이내아울렛몰수":0,
            "1km이내대형먀트수":1,
            "500m이내은행수":3,
            "500m이내병원수":10,
            "5km이내대형병원수":2,
            "500m이내공원수":2,
            "3km이내혐오시설수":0,
            "초등학교학업성취도":90.0,
            "중학교학업성취도":89.1,
            "용적률":212,
            "건폐율":17,
            "Y":36.365058,
            "X":127.356097,
            "rank":1.0,
            "area_info":"19평(63.71), 24평(81.7), 24평(81.76), 28평(94.71), 28평(95.74), 29평(96.12), 29평(96.28), 33평(110.53), 33평(110.53), 38평(127.8), 38평(127.81), 39평(129.09), 46평(152.99), 46평(154.33), 46평(154.32)",
            "last_sales":"2021-10-05,80000.0,46평(154.33)"
        },
        {
            "index":271,
            "아파트명":"베르디움",
            "투자타입":"일반",
            "전용면적(m2)":"111.32",
            "전용면적(평)":"33평",
            "법정동주소":"대전시 유성구 봉명동 1021",
            "도로명주소":"대전시 유성구 도안동로 523",
            "세대수":90,
            "입주년차":80,
            "용적률점수":"--",
            "건폐율점수":"--",
            "세대당주차수":60,
            "난방방식":100,
            "공급면적":"--",
            "전용률":"--",
            "욕실수":100,
            "현관타입":100,
            "주거총점":86.5,
            "지역구공급총점":0.0,
            "역세권":"NA",
            "30분내 이동가능 거점":"NA",
            "1시간내 이동가능 거점":"NA",
            "교통총점":"NA",
            "백화점":100,
            "아울렛몰":0,
            "대형마트":0,
            "은행":0,
            "병원":60,
            "종합병원":100,
            "공원":100,
            "혐오시설":0,
            "인프라총점":59.0,
            "초등학군":89.48,
            "중학군":48.6,
            "학군총점":56.776,
            "인구수":40.91,
            "인구증감":-8.31,
            "인구총점":26.144,
            "일자리":23.4,
            "소득수준":70.9,
            "일자리총점":37.65,
            "가치 총점":68.069,
            "매매실거래년":20211216.0,
            "매매실거래가":80000.0,
            "전세실거래년":20220106.0,
            "전세실거래가":40000.0,
            "전세가율":50.0,
            "장기전세가율평균":73.28,
            "전세가율거품지수":23.28,
            "검색코드":103846,
            "세대수":970,
            "준공년월":"2014-02-10",
            "준공년차":9,
            "가까운역이름":"NA",
            "가까운역거리":"NA",
            "역세권여부":"NA",
            "30분이내주요거점역":"NA",
            "1시간이내주요거점역":"NA",
            "3km이내백화점수":1,
            "5km이내아울렛몰수":0,
            "1km이내대형먀트수":0,
            "500m이내은행수":1,
            "500m이내병원수":25,
            "5km이내대형병원수":3,
            "500m이내공원수":3,
            "3km이내혐오시설수":0,
            "초등학교학업성취도":89.48,
            "중학교학업성취도":79.2,
            "용적률":189,
            "건폐율":15,
            "Y":36.350155,
            "X":127.346861,
            "rank":2.0,
            "area_info":"33평(111.32), 33평(111.22), 33평(111.55), 33평(112.2)",
            "last_sales":"2021-12-16,80000.0,33평(111.32)"
        },
        {
            "index":223,
            "아파트명":"도안신도시7단지예미지백조의호수",
            "투자타입":"일반",
            "전용면적(m2)":"117.33",
            "전용면적(평)":"35평",
            "법정동주소":"대전시 유성구 봉명동 1037",
            "도로명주소":"대전시 유성구 봉명로 94",
            "세대수":90,
            "입주년차":80,
            "용적률점수":"--",
            "건폐율점수":"--",
            "세대당주차수":60,
            "난방방식":100,
            "공급면적":"--",
            "전용률":"--",
            "욕실수":100,
            "현관타입":100,
            "주거총점":86.5,
            "지역구공급총점":0.0,
            "역세권":"NA",
            "30분내 이동가능 거점":"NA",
            "1시간내 이동가능 거점":"NA",
            "교통총점":"NA",
            "백화점":100,
            "아울렛몰":0,
            "대형마트":0,
            "은행":20,
            "병원":30,
            "종합병원":100,
            "공원":100,
            "혐오시설":0,
            "인프라총점":58.0,
            "초등학군":89.48,
            "중학군":48.6,
            "학군총점":56.776,
            "인구수":40.91,
            "인구증감":-8.31,
            "인구총점":26.144,
            "일자리":23.4,
            "소득수준":70.9,
            "일자리총점":37.65,
            "가치 총점":67.669,
            "매매실거래년":20211026.0,
            "매매실거래가":82000.0,
            "전세실거래년":20211123.0,
            "전세실거래가":46000.0,
            "전세가율":56.1,
            "장기전세가율평균":73.28,
            "전세가율거품지수":17.18,
            "검색코드":103763,
            "세대수":1102,
            "준공년월":"2014-06-12",
            "준공년차":9,
            "가까운역이름":"NA",
            "가까운역거리":"NA",
            "역세권여부":"NA",
            "30분이내주요거점역":"NA",
            "1시간이내주요거점역":"NA",
            "3km이내백화점수":1,
            "5km이내아울렛몰수":0,
            "1km이내대형먀트수":0,
            "500m이내은행수":2,
            "500m이내병원수":5,
            "5km이내대형병원수":4,
            "500m이내공원수":4,
            "3km이내혐오시설수":0,
            "초등학교학업성취도":89.48,
            "중학교학업성취도":79.2,
            "용적률":187,
            "건폐율":13,
            "Y":36.347347,
            "X":127.345871,
            "rank":3.0,
            "area_info":"35평(117.33), 35평(118.56), 35평(118.87), 35평(118.84)",
            "last_sales":"2021-10-26,82000.0,35평(118.87)"
        },
        {
            "index":139,
            "아파트명":"도룡SK뷰",
            "투자타입":"일반",
            "전용면적(m2)":"79.41",
            "전용면적(평)":"24평",
            "법정동주소":"대전시 유성구 도룡동 391",
            "도로명주소":"대전시 유성구 가정로 306-6",
            "세대수":30,
            "입주년차":80,
            "용적률점수":"--",
            "건폐율점수":"--",
            "세대당주차수":60,
            "난방방식":30,
            "공급면적":"--",
            "전용률":"--",
            "욕실수":100,
            "현관타입":100,
            "주거총점":58.5,
            "지역구공급총점":0.0,
            "역세권":"NA",
            "30분내 이동가능 거점":"NA",
            "1시간내 이동가능 거점":"NA",
            "교통총점":"NA",
            "백화점":100,
            "아울렛몰":80,
            "대형마트":0,
            "은행":0,
            "병원":30,
            "종합병원":100,
            "공원":80,
            "혐오시설":0,
            "인프라총점":63.4,
            "초등학군":84.3,
            "중학군":58.2,
            "학군총점":63.42,
            "인구수":40.91,
            "인구증감":-8.31,
            "인구총점":26.144,
            "일자리":23.4,
            "소득수준":70.9,
            "일자리총점":37.65,
            "가치 총점":61.69,
            "매매실거래년":20211012.0,
            "매매실거래가":134000.0,
            "전세실거래년":20211016.0,
            "전세실거래가":26250.0,
            "전세가율":30.7,
            "장기전세가율평균":73.28,
            "전세가율거품지수":42.58,
            "검색코드":114293,
            "세대수":383,
            "준공년월":"2018-08-27",
            "준공년차":5,
            "가까운역이름":"NA",
            "가까운역거리":"NA",
            "역세권여부":"NA",
            "30분이내주요거점역":"NA",
            "1시간이내주요거점역":"NA",
            "3km이내백화점수":1,
            "5km이내아울렛몰수":1,
            "1km이내대형먀트수":0,
            "500m이내은행수":1,
            "500m이내병원수":5,
            "5km이내대형병원수":2,
            "500m이내공원수":1,
            "3km이내혐오시설수":0,
            "초등학교학업성취도":84.3,
            "중학교학업성취도":93.2,
            "용적률":204,
            "건폐율":24,
            "Y":36.384888,
            "X":127.37504,
            "rank":4.0,
            "area_info":"24평(79.41), 33평(110.67), 33평(110.67), 33평(112.05), 33평(112.05), 45평(151.23), 49평(165.12), 49평(165.12)",
            "last_sales":"2021-10-12,134000.0,33평(112.05)"
        },
        {
            "index":0,
            "아파트명":"도룡포레미소지움",
            "투자타입":"일반",
            "전용면적(m2)":"80.98",
            "전용면적(평)":"24평",
            "법정동주소":"대전시 유성구 가정동 277",
            "도로명주소":"대전시 유성구 대덕대로541번길 99",
            "세대수":0,
            "입주년차":100,
            "용적률점수":"--",
            "건폐율점수":"--",
            "세대당주차수":60,
            "난방방식":30,
            "공급면적":"--",
            "전용률":"--",
            "욕실수":100,
            "현관타입":100,
            "주거총점":52.0,
            "지역구공급총점":0.0,
            "역세권":"NA",
            "30분내 이동가능 거점":"NA",
            "1시간내 이동가능 거점":"NA",
            "교통총점":"NA",
            "백화점":100,
            "아울렛몰":80,
            "대형마트":0,
            "은행":0,
            "병원":30,
            "종합병원":100,
            "공원":80,
            "혐오시설":0,
            "인프라총점":63.4,
            "초등학군":84.3,
            "중학군":58.2,
            "학군총점":63.42,
            "인구수":40.91,
            "인구증감":-8.31,
            "인구총점":26.144,
            "일자리":23.4,
            "소득수준":70.9,
            "일자리총점":37.65,
            "가치 총점":59.415,
            "매매실거래년":20210608.0,
            "매매실거래가":140000.0,
            "전세실거래년":20210619.0,
            "전세실거래가":46000.0,
            "전세가율":96.03,
            "장기전세가율평균":73.28,
            "전세가율거품지수":-22.75,
            "검색코드":122872,
            "세대수":232,
            "준공년월":"2020-08-01",
            "준공년차":3,
            "가까운역이름":"NA",
            "가까운역거리":"NA",
            "역세권여부":"NA",
            "30분이내주요거점역":"NA",
            "1시간이내주요거점역":"NA",
            "3km이내백화점수":1,
            "5km이내아울렛몰수":1,
            "1km이내대형먀트수":0,
            "500m이내은행수":1,
            "500m이내병원수":5,
            "5km이내대형병원수":2,
            "500m이내공원수":1,
            "3km이내혐오시설수":0,
            "초등학교학업성취도":84.3,
            "중학교학업성취도":93.2,
            "용적률":0,
            "건폐율":0,
            "Y":36.384313,
            "X":127.374623,
            "rank":5.0,
            "area_info":"24평(80.98), 24평(81.99), 31평(105.09), 33평(110.22), 33평(110.22), 40평(132.95)",
            "last_sales":"2021-06-08,140000.0,40평(132.95)"
        },
        {
            "index":750,
            "아파트명":"노은한화꿈에그린2단지",
            "투자타입":"일반",
            "전용면적(m2)":"113.53",
            "전용면적(평)":"34평",
            "법정동주소":"대전시 유성구 지족동 1093",
            "도로명주소":"대전시 유성구 지족북로 60",
            "세대수":90,
            "입주년차":80,
            "용적률점수":"--",
            "건폐율점수":"--",
            "세대당주차수":30,
            "난방방식":100,
            "공급면적":"--",
            "전용률":"--",
            "욕실수":100,
            "현관타입":100,
            "주거총점":82.0,
            "지역구공급총점":0.0,
            "역세권":"NA",
            "30분내 이동가능 거점":"NA",
            "1시간내 이동가능 거점":"NA",
            "교통총점":"NA",
            "백화점":0,
            "아울렛몰":0,
            "대형마트":80,
            "은행":0,
            "병원":60,
            "종합병원":80,
            "공원":100,
            "혐오시설":0,
            "인프라총점":37.0,
            "초등학군":91.08,
            "중학군":55.3,
            "학군총점":62.456,
            "인구수":40.91,
            "인구증감":-8.31,
            "인구총점":26.144,
            "일자리":23.4,
            "소득수준":70.9,
            "일자리총점":37.65,
            "가치 총점":59.114,
            "매매실거래년":20220103.0,
            "매매실거래가":59900.0,
            "전세실거래년":20220111.0,
            "전세실거래가":28350.0,
            "전세가율":47.33,
            "장기전세가율평균":73.28,
            "전세가율거품지수":25.95,
            "검색코드":103357,
            "세대수":998,
            "준공년월":"2014-02-18",
            "준공년차":9,
            "가까운역이름":"NA",
            "가까운역거리":"NA",
            "역세권여부":"NA",
            "30분이내주요거점역":"NA",
            "1시간이내주요거점역":"NA",
            "3km이내백화점수":0,
            "5km이내아울렛몰수":0,
            "1km이내대형먀트수":1,
            "500m이내은행수":0,
            "500m이내병원수":13,
            "5km이내대형병원수":1,
            "500m이내공원수":4,
            "3km이내혐오시설수":0,
            "초등학교학업성취도":91.08,
            "중학교학업성취도":89.5,
            "용적률":209,
            "건폐율":14,
            "Y":36.387879,
            "X":127.304902,
            "rank":6.0,
            "area_info":"34평(113.53), 34평(115.58), 39평(130.59), 39평(131.05), 48평(160.98)",
            "last_sales":"2022-01-03,59900.0,34평(113.53)"
        },
        {
            "index":22,
            "아파트명":"대덕테크노밸리10단지꿈에그린",
            "투자타입":"일반",
            "전용면적(m2)":"112.93",
            "전용면적(평)":"34평",
            "법정동주소":"대전시 유성구 관평동 1280",
            "도로명주소":"대전시 유성구 배울2로 61",
            "세대수":90,
            "입주년차":40,
            "용적률점수":"--",
            "건폐율점수":"--",
            "세대당주차수":60,
            "난방방식":100,
            "공급면적":"--",
            "전용률":"--",
            "욕실수":100,
            "현관타입":100,
            "주거총점":78.5,
            "지역구공급총점":0.0,
            "역세권":"NA",
            "30분내 이동가능 거점":"NA",
            "1시간내 이동가능 거점":"NA",
            "교통총점":"NA",
            "백화점":0,
            "아울렛몰":80,
            "대형마트":80,
            "은행":100,
            "병원":60,
            "종합병원":0,
            "공원":100,
            "혐오시설":0,
            "인프라총점":39.0,
            "초등학군":90.66,
            "중학군":56.6,
            "학군총점":63.412,
            "인구수":40.91,
            "인구증감":-8.31,
            "인구총점":26.144,
            "일자리":23.4,
            "소득수준":70.9,
            "일자리총점":37.65,
            "가치 총점":58.928,
            "매매실거래년":20211210.0,
            "매매실거래가":85000.0,
            "전세실거래년":20211215.0,
            "전세실거래가":49500.0,
            "전세가율":67.81,
            "장기전세가율평균":73.28,
            "전세가율거품지수":5.47,
            "검색코드":24865,
            "세대수":1001,
            "준공년월":"2008-01-23",
            "준공년차":15,
            "가까운역이름":"NA",
            "가까운역거리":"NA",
            "역세권여부":"NA",
            "30분이내주요거점역":"NA",
            "1시간이내주요거점역":"NA",
            "3km이내백화점수":0,
            "5km이내아울렛몰수":1,
            "1km이내대형먀트수":1,
            "500m이내은행수":5,
            "500m이내병원수":24,
            "5km이내대형병원수":0,
            "500m이내공원수":4,
            "3km이내혐오시설수":0,
            "초등학교학업성취도":90.66,
            "중학교학업성취도":92.0,
            "용적률":213,
            "건폐율":17,
            "Y":36.421602,
            "X":127.392307,
            "rank":7.0,
            "area_info":"34평(112.93), 34평(113.67), 34평(114.9), 43평(144.96), 48평(161.88)",
            "last_sales":"2021-12-10,85000.0,43평(144.96)"
        },
        {
            "index":580,
            "아파트명":"양우내안애레이크힐",
            "투자타입":"일반",
            "전용면적(m2)":"95.83",
            "전용면적(평)":"28평",
            "법정동주소":"대전시 유성구 원신흥동 485",
            "도로명주소":"대전시 유성구 도안동로 446",
            "세대수":50,
            "입주년차":80,
            "용적률점수":"--",
            "건폐율점수":"--",
            "세대당주차수":30,
            "난방방식":100,
            "공급면적":"--",
            "전용률":"--",
            "욕실수":100,
            "현관타입":100,
            "주거총점":68.0,
            "지역구공급총점":0.0,
            "역세권":"NA",
            "30분내 이동가능 거점":"NA",
            "1시간내 이동가능 거점":"NA",
            "교통총점":"NA",
            "백화점":100,
            "아울렛몰":0,
            "대형마트":0,
            "은행":0,
            "병원":0,
            "종합병원":100,
            "공원":80,
            "혐오시설":0,
            "인프라총점":52.4,
            "초등학군":80.99,
            "중학군":48.6,
            "학군총점":55.078,
            "인구수":40.91,
            "인구증감":-8.31,
            "인구총점":26.144,
            "일자리":23.4,
            "소득수준":70.9,
            "일자리총점":37.65,
            "가치 총점":58.5295,
            "매매실거래년":20211113.0,
            "매매실거래가":68000.0,
            "전세실거래년":20211210.0,
            "전세실거래가":29400.0,
            "전세가율":43.24,
            "장기전세가율평균":73.28,
            "전세가율거품지수":30.04,
            "검색코드":107699,
            "세대수":500,
            "준공년월":"2015-10-12",
            "준공년차":8,
            "가까운역이름":"NA",
            "가까운역거리":"NA",
            "역세권여부":"NA",
            "30분이내주요거점역":"NA",
            "1시간이내주요거점역":"NA",
            "3km이내백화점수":1,
            "5km이내아울렛몰수":0,
            "1km이내대형먀트수":0,
            "500m이내은행수":0,
            "500m이내병원수":0,
            "5km이내대형병원수":4,
            "500m이내공원수":1,
            "3km이내혐오시설수":0,
            "초등학교학업성취도":80.99,
            "중학교학업성취도":79.2,
            "용적률":149,
            "건폐율":17,
            "Y":36.344901,
            "X":127.348531,
            "rank":8.0,
            "area_info":"28평(95.83), 29평(96.61), 29평(96.31), 29평(96.78), 33평(111.51), 33평(111.99)",
            "last_sales":"2021-11-13,68000.0,28평(95.83)"
        },
        {
            "index":114,
            "아파트명":"열매8단지새미래",
            "투자타입":"일반",
            "전용면적(m2)":"125.7",
            "전용면적(평)":"38평",
            "법정동주소":"대전시 유성구 노은동 520-1",
            "도로명주소":"대전시 유성구 은구비남로 34",
            "세대수":80,
            "입주년차":20,
            "용적률점수":"--",
            "건폐율점수":"--",
            "세대당주차수":80,
            "난방방식":30,
            "공급면적":"--",
            "전용률":"--",
            "욕실수":100,
            "현관타입":100,
            "주거총점":67.0,
            "지역구공급총점":0.0,
            "역세권":"NA",
            "30분내 이동가능 거점":"NA",
            "1시간내 이동가능 거점":"NA",
            "교통총점":"NA",
            "백화점":0,
            "아울렛몰":0,
            "대형마트":100,
            "은행":70,
            "병원":60,
            "종합병원":80,
            "공원":100,
            "혐오시설":0,
            "인프라총점":47.0,
            "초등학군":91.92,
            "중학군":55.58,
            "학군총점":62.848,
            "인구수":40.91,
            "인구증감":-8.31,
            "인구총점":26.144,
            "일자리":23.4,
            "소득수준":70.9,
            "일자리총점":37.65,
            "가치 총점":57.962,
            "매매실거래년":20211120.0,
            "매매실거래가":89000.0,
            "전세실거래년":20211227.0,
            "전세실거래가":35700.0,
            "전세가율":43.91,
            "장기전세가율평균":73.28,
            "전세가율거품지수":29.37,
            "검색코드":6080,
            "세대수":814,
            "준공년월":"2001-05-22",
            "준공년차":22,
            "가까운역이름":"NA",
            "가까운역거리":"NA",
            "역세권여부":"NA",
            "30분이내주요거점역":"NA",
            "1시간이내주요거점역":"NA",
            "3km이내백화점수":0,
            "5km이내아울렛몰수":0,
            "1km이내대형먀트수":2,
            "500m이내은행수":3,
            "500m이내병원수":26,
            "5km이내대형병원수":1,
            "500m이내공원수":6,
            "3km이내혐오시설수":0,
            "초등학교학업성취도":91.92,
            "중학교학업성취도":90.3,
            "용적률":229,
            "건폐율":16,
            "Y":36.370856,
            "X":127.31924,
            "rank":9.0,
            "area_info":"38평(125.7), 38평(127.38), 47평(158.3), 59평(197.49)",
            "last_sales":"2021-11-20,89000.0,38평(127.38)"
        },
        {
            "index":46,
            "아파트명":"대덕테크노밸리6단지네오미아",
            "투자타입":"일반",
            "전용면적(m2)":"116.67",
            "전용면적(평)":"35평",
            "법정동주소":"대전시 유성구 관평동 672",
            "도로명주소":"대전시 유성구 배울2로 78",
            "세대수":80,
            "입주년차":40,
            "용적률점수":"--",
            "건폐율점수":"--",
            "세대당주차수":60,
            "난방방식":100,
            "공급면적":"--",
            "전용률":"--",
            "욕실수":100,
            "현관타입":100,
            "주거총점":75.0,
            "지역구공급총점":0.0,
            "역세권":"NA",
            "30분내 이동가능 거점":"NA",
            "1시간내 이동가능 거점":"NA",
            "교통총점":"NA",
            "백화점":0,
            "아울렛몰":80,
            "대형마트":80,
            "은행":70,
            "병원":60,
            "종합병원":0,
            "공원":100,
            "혐오시설":0,
            "인프라총점":36.0,
            "초등학군":90.66,
            "중학군":56.6,
            "학군총점":63.412,
            "인구수":40.91,
            "인구증감":-8.31,
            "인구총점":26.144,
            "일자리":23.4,
            "소득수준":70.9,
            "일자리총점":37.65,
            "가치 총점":56.503,
            "매매실거래년":20211125.0,
            "매매실거래가":56500.0,
            "전세실거래년":20220110.0,
            "전세실거래가":39000.0,
            "전세가율":69.03,
            "장기전세가율평균":73.28,
            "전세가율거품지수":4.25,
            "검색코드":17468,
            "세대수":703,
            "준공년월":"2006-02-22",
            "준공년차":17,
            "가까운역이름":"NA",
            "가까운역거리":"NA",
            "역세권여부":"NA",
            "30분이내주요거점역":"NA",
            "1시간이내주요거점역":"NA",
            "3km이내백화점수":0,
            "5km이내아울렛몰수":1,
            "1km이내대형먀트수":1,
            "500m이내은행수":3,
            "500m이내병원수":13,
            "5km이내대형병원수":0,
            "500m이내공원수":3,
            "3km이내혐오시설수":0,
            "초등학교학업성취도":90.66,
            "중학교학업성취도":92.0,
            "용적률":216,
            "건폐율":15,
            "Y":36.419421,
            "X":127.39044,
            "rank":10.0,
            "area_info":"35평(116.67), 35평(118.16), 40평(135.29), 49평(164.84)",
            "last_sales":"2021-11-25,56500.0,35평(116.67)"
        },
        {
            "index":50,
            "아파트명":"대덕테크노밸리7단지백조예미지",
            "투자타입":"일반",
            "전용면적(m2)":"119.28",
            "전용면적(평)":"36평",
            "법정동주소":"대전시 유성구 관평동 892",
            "도로명주소":"대전시 유성구 관평1로 12",
            "세대수":50,
            "입주년차":40,
            "용적률점수":"--",
            "건폐율점수":"--",
            "세대당주차수":80,
            "난방방식":100,
            "공급면적":"--",
            "전용률":"--",
            "욕실수":100,
            "현관타입":100,
            "주거총점":67.5,
            "지역구공급총점":0.0,
            "역세권":"NA",
            "30분내 이동가능 거점":"NA",
            "1시간내 이동가능 거점":"NA",
            "교통총점":"NA",
            "백화점":0,
            "아울렛몰":80,
            "대형마트":80,
            "은행":100,
            "병원":80,
            "종합병원":0,
            "공원":100,
            "혐오시설":0,
            "인프라총점":41.0,
            "초등학군":91.68,
            "중학군":57.96,
            "학군총점":64.704,
            "인구수":40.91,
            "인구증감":-8.31,
            "인구총점":26.144,
            "일자리":23.4,
            "소득수준":70.9,
            "일자리총점":37.65,
            "가치 총점":56.201,
            "매매실거래년":20211223.0,
            "매매실거래가":64000.0,
            "전세실거래년":20211224.0,
            "전세실거래가":29400.0,
            "전세가율":45.94,
            "장기전세가율평균":73.28,
            "전세가율거품지수":27.34,
            "검색코드":23690,
            "세대수":493,
            "준공년월":"2007-12-05",
            "준공년차":16,
            "가까운역이름":"NA",
            "가까운역거리":"NA",
            "역세권여부":"NA",
            "30분이내주요거점역":"NA",
            "1시간이내주요거점역":"NA",
            "3km이내백화점수":0,
            "5km이내아울렛몰수":1,
            "1km이내대형먀트수":1,
            "500m이내은행수":5,
            "500m이내병원수":38,
            "5km이내대형병원수":0,
            "500m이내공원수":2,
            "3km이내혐오시설수":0,
            "초등학교학업성취도":91.68,
            "중학교학업성취도":93.6,
            "용적률":217,
            "건폐율":17,
            "Y":36.425309,
            "X":127.385832,
            "rank":11.0,
            "area_info":"36평(119.28), 40평(135.44), 50평(166.97)",
            "last_sales":"2021-12-23,64000.0,36평(119.28)"
        },
        {
            "index":41,
            "아파트명":"대덕테크노밸리5단지파밀리에",
            "투자타입":"일반",
            "전용면적(m2)":"96.35",
            "전용면적(평)":"29평",
            "법정동주소":"대전시 유성구 관평동 669",
            "도로명주소":"대전시 유성구 배울2로 42",
            "세대수":90,
            "입주년차":40,
            "용적률점수":"--",
            "건폐율점수":"--",
            "세대당주차수":30,
            "난방방식":100,
            "공급면적":"--",
            "전용률":"--",
            "욕실수":100,
            "현관타입":100,
            "주거총점":74.0,
            "지역구공급총점":0.0,
            "역세권":"NA",
            "30분내 이동가능 거점":"NA",
            "1시간내 이동가능 거점":"NA",
            "교통총점":"NA",
            "백화점":0,
            "아울렛몰":80,
            "대형마트":80,
            "은행":70,
            "병원":60,
            "종합병원":0,
            "공원":100,
            "혐오시설":0,
            "인프라총점":36.0,
            "초등학군":90.66,
            "중학군":56.6,
            "학군총점":63.412,
            "인구수":40.91,
            "인구증감":-8.31,
            "인구총점":26.144,
            "일자리":23.4,
            "소득수준":70.9,
            "일자리총점":37.65,
            "가치 총점":56.153,
            "매매실거래년":20220108.0,
            "매매실거래가":47000.0,
            "전세실거래년":20211216.0,
            "전세실거래가":38000.0,
            "전세가율":80.85,
            "장기전세가율평균":73.28,
            "전세가율거품지수":-7.57,
            "검색코드":17466,
            "세대수":922,
            "준공년월":"2006-02-22",
            "준공년차":17,
            "가까운역이름":"NA",
            "가까운역거리":"NA",
            "역세권여부":"NA",
            "30분이내주요거점역":"NA",
            "1시간이내주요거점역":"NA",
            "3km이내백화점수":0,
            "5km이내아울렛몰수":1,
            "1km이내대형먀트수":1,
            "500m이내은행수":3,
            "500m이내병원수":14,
            "5km이내대형병원수":0,
            "500m이내공원수":4,
            "3km이내혐오시설수":0,
            "초등학교학업성취도":90.66,
            "중학교학업성취도":92.0,
            "용적률":219,
            "건폐율":16,
            "Y":36.419963,
            "X":127.387235,
            "rank":12.0,
            "area_info":"29평(96.35), 33평(110.23), 34평(115.35), 39평(129.78), 45평(149.42)",
            "last_sales":"2022-01-08,47000.0,29평(96.35)"
        },
        {
            "index":794,
            "아파트명":"열매7단지현대",
            "투자타입":"일반",
            "전용면적(m2)":"96.4",
            "전용면적(평)":"29평",
            "법정동주소":"대전시 유성구 지족동 919",
            "도로명주소":"대전시 유성구 은구비남로 55",
            "세대수":80,
            "입주년차":20,
            "용적률점수":"--",
            "건폐율점수":"--",
            "세대당주차수":30,
            "난방방식":30,
            "공급면적":"--",
            "전용률":"--",
            "욕실수":100,
            "현관타입":100,
            "주거총점":59.5,
            "지역구공급총점":0.0,
            "역세권":"NA",
            "30분내 이동가능 거점":"NA",
            "1시간내 이동가능 거점":"NA",
            "교통총점":"NA",
            "백화점":0,
            "아울렛몰":0,
            "대형마트":100,
            "은행":70,
            "병원":80,
            "종합병원":80,
            "공원":100,
            "혐오시설":0,
            "인프라총점":49.0,
            "초등학군":91.36,
            "중학군":55.58,
            "학군총점":62.736,
            "인구수":40.91,
            "인구증감":-8.31,
            "인구총점":26.144,
            "일자리":23.4,
            "소득수준":70.9,
            "일자리총점":37.65,
            "가치 총점":56.109,
            "매매실거래년":20211201.0,
            "매매실거래가":55200.0,
            "전세실거래년":20220104.0,
            "전세실거래가":30000.0,
            "전세가율":54.05,
            "장기전세가율평균":73.28,
            "전세가율거품지수":19.23,
            "검색코드":6136,
            "세대수":887,
            "준공년월":"2000-12-11",
            "준공년차":23,
            "가까운역이름":"NA",
            "가까운역거리":"NA",
            "역세권여부":"NA",
            "30분이내주요거점역":"NA",
            "1시간이내주요거점역":"NA",
            "3km이내백화점수":0,
            "5km이내아울렛몰수":0,
            "1km이내대형먀트수":2,
            "500m이내은행수":3,
            "500m이내병원수":36,
            "5km이내대형병원수":1,
            "500m이내공원수":4,
            "3km이내혐오시설수":0,
            "초등학교학업성취도":91.36,
            "중학교학업성취도":90.3,
            "용적률":233,
            "건폐율":17,
            "Y":36.373483,
            "X":127.32158,
            "rank":13.0,
            "area_info":"29평(96.4), 31평(104.4), 32평(106.99)",
            "last_sales":"2021-12-01,55200.0,32평(106.99)"
        },
        {
            "index":239,
            "아파트명":"레자미리버뷰시티(도시형)",
            "투자타입":"일반",
            "전용면적(m2)":"26.01",
            "전용면적(평)":"7평",
            "법정동주소":"대전시 유성구 봉명동 677-5",
            "도로명주소":"대전시 유성구 문화원로146번길 7-21",
            "세대수":0,
            "입주년차":100,
            "용적률점수":"--",
            "건폐율점수":"--",
            "세대당주차수":0,
            "난방방식":30,
            "공급면적":"--",
            "전용률":"--",
            "욕실수":50,
            "현관타입":100,
            "주거총점":38.0,
            "지역구공급총점":0.0,
            "역세권":"NA",
            "30분내 이동가능 거점":"NA",
            "1시간내 이동가능 거점":"NA",
            "교통총점":"NA",
            "백화점":100,
            "아울렛몰":0,
            "대형마트":80,
            "은행":0,
            "병원":30,
            "종합병원":100,
            "공원":100,
            "혐오시설":0,
            "인프라총점":68.0,
            "초등학군":89.48,
            "중학군":55.62,
            "학군총점":62.392,
            "인구수":40.91,
            "인구증감":-8.31,
            "인구총점":26.144,
            "일자리":23.4,
            "소득수준":70.9,
            "일자리총점":37.65,
            "가치 총점":56.098,
            "매매실거래년":20211118.0,
            "매매실거래가":19000.0,
            "전세실거래년":null,
            "전세실거래가":null,
            "전세가율":null,
            "장기전세가율평균":73.28,
            "전세가율거품지수":null,
            "검색코드":130350,
            "세대수":131,
            "준공년월":"2020-04-07",
            "준공년차":3,
            "가까운역이름":"NA",
            "가까운역거리":"NA",
            "역세권여부":"NA",
            "30분이내주요거점역":"NA",
            "1시간이내주요거점역":"NA",
            "3km이내백화점수":1,
            "5km이내아울렛몰수":0,
            "1km이내대형먀트수":1,
            "500m이내은행수":0,
            "500m이내병원수":5,
            "5km이내대형병원수":2,
            "500m이내공원수":5,
            "3km이내혐오시설수":0,
            "초등학교학업성취도":89.48,
            "중학교학업성취도":89.1,
            "용적률":625,
            "건폐율":64,
            "Y":36.357571,
            "X":127.35285,
            "rank":14.0,
            "area_info":"7평(26.01), 8평(27.81), 8평(27.56), 8평(27.87), 9평(31.31), 13평(44.22), 14평(48.24), 16평(55.5), 18평(60.42), 19평(64.64), 28평(95.73)",
            "last_sales":"2021-11-18,19000.0,19평(64.64)"
        },
        {
            "index":147,
            "아파트명":"스마트시티2단지",
            "투자타입":"일반",
            "전용면적(m2)":"112.03",
            "전용면적(평)":"33평",
            "법정동주소":"대전시 유성구 도룡동 4-6",
            "도로명주소":"대전시 유성구 엑스포로123번길 65-38",
            "세대수":30,
            "입주년차":40,
            "용적률점수":"--",
            "건폐율점수":"--",
            "세대당주차수":100,
            "난방방식":30,
            "공급면적":"--",
            "전용률":"--",
            "욕실수":100,
            "현관타입":100,
            "주거총점":56.5,
            "지역구공급총점":0.0,
            "역세권":"NA",
            "30분내 이동가능 거점":"NA",
            "1시간내 이동가능 거점":"NA",
            "교통총점":"NA",
            "백화점":100,
            "아울렛몰":0,
            "대형마트":0,
            "은행":0,
            "병원":0,
            "종합병원":100,
            "공원":0,
            "혐오시설":0,
            "인프라총점":50.0,
            "초등학군":91.59,
            "중학군":58.2,
            "학군총점":64.878,
            "인구수":40.91,
            "인구증감":-8.31,
            "인구총점":26.144,
            "일자리":23.4,
            "소득수준":70.9,
            "일자리총점":37.65,
            "가치 총점":55.9945,
            "매매실거래년":20211122.0,
            "매매실거래가":170000.0,
            "전세실거래년":20210713.0,
            "전세실거래가":60000.0,
            "전세가율":50.85,
            "장기전세가율평균":73.28,
            "전세가율거품지수":22.43,
            "검색코드":101298,
            "세대수":357,
            "준공년월":"2008-12-26",
            "준공년차":15,
            "가까운역이름":"NA",
            "가까운역거리":"NA",
            "역세권여부":"NA",
            "30분이내주요거점역":"NA",
            "1시간이내주요거점역":"NA",
            "3km이내백화점수":1,
            "5km이내아울렛몰수":0,
            "1km이내대형먀트수":0,
            "500m이내은행수":1,
            "500m이내병원수":0,
            "5km이내대형병원수":3,
            "500m이내공원수":0,
            "3km이내혐오시설수":0,
            "초등학교학업성취도":91.59,
            "중학교학업성취도":93.2,
            "용적률":280,
            "건폐율":21,
            "Y":36.377843,
            "X":127.393327,
            "rank":15.0,
            "area_info":"33평(112.03), 43평(145.3), 54평(180.92), 68평(228.04), 74평(246.53), 79평(264.26), 85평(281.55), 97평(322.07), 98평(325.0), 104평(344.48)",
            "last_sales":"2021-11-22,170000.0,54평(180.92)"
        },
        {
            "index":263,
            "아파트명":"모나빌3(도시형)",
            "투자타입":"일반",
            "전용면적(m2)":"33.46",
            "전용면적(평)":"10평",
            "법정동주소":"대전시 유성구 봉명동 675-5",
            "도로명주소":"대전시 유성구 문화원로146번길 8-21",
            "세대수":0,
            "입주년차":100,
            "용적률점수":"--",
            "건폐율점수":"--",
            "세대당주차수":0,
            "난방방식":30,
            "공급면적":"--",
            "전용률":"--",
            "욕실수":50,
            "현관타입":100,
            "주거총점":38.0,
            "지역구공급총점":0.0,
            "역세권":"NA",
            "30분내 이동가능 거점":"NA",
            "1시간내 이동가능 거점":"NA",
            "교통총점":"NA",
            "백화점":100,
            "아울렛몰":0,
            "대형마트":80,
            "은행":0,
            "병원":10,
            "종합병원":100,
            "공원":100,
            "혐오시설":0,
            "인프라총점":66.0,
            "초등학군":89.74,
            "중학군":55.62,
            "학군총점":62.444,
            "인구수":40.91,
            "인구증감":-8.31,
            "인구총점":26.144,
            "일자리":23.4,
            "소득수준":70.9,
            "일자리총점":37.65,
            "가치 총점":55.311,
            "매매실거래년":"18000101",
            "매매실거래가":null,
            "전세실거래년":null,
            "전세실거래가":null,
            "전세가율":null,
            "장기전세가율평균":73.28,
            "전세가율거품지수":null,
            "검색코드":131497,
            "세대수":112,
            "준공년월":"2020-04-09",
            "준공년차":3,
            "가까운역이름":"NA",
            "가까운역거리":"NA",
            "역세권여부":"NA",
            "30분이내주요거점역":"NA",
            "1시간이내주요거점역":"NA",
            "3km이내백화점수":1,
            "5km이내아울렛몰수":0,
            "1km이내대형먀트수":1,
            "500m이내은행수":0,
            "500m이내병원수":4,
            "5km이내대형병원수":2,
            "500m이내공원수":5,
            "3km이내혐오시설수":0,
            "초등학교학업성취도":89.74,
            "중학교학업성취도":89.1,
            "용적률":409,
            "건폐율":69,
            "Y":36.357769,
            "X":127.350368,
            "rank":16.0,
            "area_info":"10평(33.46), 14평(47.75), 14평(49.29), 17평(57.82)",
            "last_sales":"1800-01-01,nan,10평(33.46)"
        },
        {
            "index":456,
            "아파트명":"도안신도시9BL트리풀시티",
            "투자타입":"일반",
            "전용면적(m2)":"127.76",
            "전용면적(평)":"38평",
            "법정동주소":"대전시 유성구 상대동 487",
            "도로명주소":"대전시 유성구 상대남로 26",
            "세대수":100,
            "입주년차":60,
            "용적률점수":"--",
            "건폐율점수":"--",
            "세대당주차수":80,
            "난방방식":100,
            "공급면적":"--",
            "전용률":"--",
            "욕실수":100,
            "현관타입":100,
            "주거총점":89.0,
            "지역구공급총점":0.0,
            "역세권":"NA",
            "30분내 이동가능 거점":"NA",
            "1시간내 이동가능 거점":"NA",
            "교통총점":"NA",
            "백화점":0,
            "아울렛몰":0,
            "대형마트":0,
            "은행":0,
            "병원":10,
            "종합병원":100,
            "공원":100,
            "혐오시설":0,
            "인프라총점":24.0,
            "초등학군":89.0,
            "중학군":49.68,
            "학군총점":57.544,
            "인구수":40.91,
            "인구증감":-8.31,
            "인구총점":26.144,
            "일자리":23.4,
            "소득수준":70.9,
            "일자리총점":37.65,
            "가치 총점":55.136,
            "매매실거래년":20211228.0,
            "매매실거래가":142000.0,
            "전세실거래년":20220113.0,
            "전세실거래가":45150.0,
            "전세가율":42.2,
            "장기전세가율평균":73.28,
            "전세가율거품지수":31.08,
            "검색코드":27629,
            "세대수":1828,
            "준공년월":"2011-11-17",
            "준공년차":12,
            "가까운역이름":"NA",
            "가까운역거리":"NA",
            "역세권여부":"NA",
            "30분이내주요거점역":"NA",
            "1시간이내주요거점역":"NA",
            "3km이내백화점수":0,
            "5km이내아울렛몰수":0,
            "1km이내대형먀트수":0,
            "500m이내은행수":0,
            "500m이내병원수":3,
            "5km이내대형병원수":4,
            "500m이내공원수":3,
            "3km이내혐오시설수":0,
            "초등학교학업성취도":89.0,
            "중학교학업성취도":81.0,
            "용적률":197,
            "건폐율":15,
            "Y":36.340581,
            "X":127.33504,
            "rank":17.0,
            "area_info":"38평(127.76), 38평(127.18), 38평(127.14), 44평(148.58), 44평(148.67), 44평(148.7), 44평(148.54), 44평(148.58), 44평(148.75), 51평(171.88), 55평(183.39), 55평(183.5), 55평(183.84), 70평(232.76)",
            "last_sales":"2021-12-28,142000.0,51평(171.88)"
        },
        {
            "index":441,
            "아파트명":"대전아이파크시티1단지",
            "투자타입":"일반",
            "전용면적(m2)":"111.27",
            "전용면적(평)":"33평",
            "법정동주소":"대전시 유성구 상대동 571",
            "도로명주소":"대전시 유성구 상대복용로29번길 52",
            "세대수":90,
            "입주년차":100,
            "용적률점수":"--",
            "건폐율점수":"--",
            "세대당주차수":60,
            "난방방식":100,
            "공급면적":"--",
            "전용률":"--",
            "욕실수":100,
            "현관타입":100,
            "주거총점":90.5,
            "지역구공급총점":0.0,
            "역세권":"NA",
            "30분내 이동가능 거점":"NA",
            "1시간내 이동가능 거점":"NA",
            "교통총점":"NA",
            "백화점":0,
            "아울렛몰":0,
            "대형마트":0,
            "은행":0,
            "병원":0,
            "종합병원":100,
            "공원":80,
            "혐오시설":0,
            "인프라총점":22.4,
            "초등학군":89.0,
            "중학군":49.68,
            "학군총점":57.544,
            "인구수":40.91,
            "인구증감":-8.31,
            "인구총점":26.144,
            "일자리":23.4,
            "소득수준":70.9,
            "일자리총점":37.65,
            "가치 총점":55.021,
            "매매실거래년":"18000101",
            "매매실거래가":null,
            "전세실거래년":null,
            "전세실거래가":null,
            "전세가율":null,
            "장기전세가율평균":73.28,
            "전세가율거품지수":null,
            "검색코드":125316,
            "세대수":1254,
            "준공년월":"2021-11-01",
            "준공년차":2,
            "가까운역이름":"NA",
            "가까운역거리":"NA",
            "역세권여부":"NA",
            "30분이내주요거점역":"NA",
            "1시간이내주요거점역":"NA",
            "3km이내백화점수":0,
            "5km이내아울렛몰수":0,
            "1km이내대형먀트수":0,
            "500m이내은행수":0,
            "500m이내병원수":0,
            "5km이내대형병원수":3,
            "500m이내공원수":1,
            "3km이내혐오시설수":0,
            "초등학교학업성취도":89.0,
            "중학교학업성취도":81.0,
            "용적률":219,
            "건폐율":15,
            "Y":36.337112,
            "X":127.330483,
            "rank":18.0,
            "area_info":"33평(111.27), 33평(111.86), 40평(133.59)",
            "last_sales":"1800-01-01,nan,33평(111.27)"
        },
        {
            "index":182,
            "아파트명":"대전반석더샵",
            "투자타입":"일반",
            "전용면적(m2)":"94.28",
            "전용면적(평)":"28평",
            "법정동주소":"대전시 유성구 반석동 711",
            "도로명주소":"대전시 유성구 반석로 80",
            "세대수":50,
            "입주년차":100,
            "용적률점수":"--",
            "건폐율점수":"--",
            "세대당주차수":60,
            "난방방식":30,
            "공급면적":"--",
            "전용률":"--",
            "욕실수":100,
            "현관타입":100,
            "주거총점":69.5,
            "지역구공급총점":0.0,
            "역세권":"NA",
            "30분내 이동가능 거점":"NA",
            "1시간내 이동가능 거점":"NA",
            "교통총점":"NA",
            "백화점":0,
            "아울렛몰":0,
            "대형마트":80,
            "은행":0,
            "병원":60,
            "종합병원":80,
            "공원":100,
            "혐오시설":0,
            "인프라총점":37.0,
            "초등학군":95.32,
            "중학군":55.3,
            "학군총점":63.304,
            "인구수":40.91,
            "인구증감":-8.31,
            "인구총점":26.144,
            "일자리":23.4,
            "소득수준":70.9,
            "일자리총점":37.65,
            "가치 총점":54.951,
            "매매실거래년":20210904.0,
            "매매실거래가":80000.0,
            "전세실거래년":20211204.0,
            "전세실거래가":38000.0,
            "전세가율":71.7,
            "장기전세가율평균":73.28,
            "전세가율거품지수":1.58,
            "검색코드":117898,
            "세대수":650,
            "준공년월":"2020-04-01",
            "준공년차":3,
            "가까운역이름":"NA",
            "가까운역거리":"NA",
            "역세권여부":"NA",
            "30분이내주요거점역":"NA",
            "1시간이내주요거점역":"NA",
            "3km이내백화점수":0,
            "5km이내아울렛몰수":0,
            "1km이내대형먀트수":1,
            "500m이내은행수":0,
            "500m이내병원수":15,
            "5km이내대형병원수":1,
            "500m이내공원수":3,
            "3km이내혐오시설수":0,
            "초등학교학업성취도":95.32,
            "중학교학업성취도":89.5,
            "용적률":0,
            "건폐율":0,
            "Y":36.390568,
            "X":127.305994,
            "rank":19.0,
            "area_info":"28평(94.28), 28평(94.16), 32평(107.68), 32평(108.37), 37평(124.63)",
            "last_sales":"2021-09-04,80000.0,32평(108.37)"
        },
        {
            "index":157,
            "아파트명":"스마트시티5단지",
            "투자타입":"일반",
            "전용면적(m2)":"112.04",
            "전용면적(평)":"33평",
            "법정동주소":"대전시 유성구 도룡동 4-7",
            "도로명주소":"대전시 유성구 엑스포로123번길 46-15",
            "세대수":30,
            "입주년차":40,
            "용적률점수":"--",
            "건폐율점수":"--",
            "세대당주차수":80,
            "난방방식":30,
            "공급면적":"--",
            "전용률":"--",
            "욕실수":100,
            "현관타입":100,
            "주거총점":53.5,
            "지역구공급총점":0.0,
            "역세권":"NA",
            "30분내 이동가능 거점":"NA",
            "1시간내 이동가능 거점":"NA",
            "교통총점":"NA",
            "백화점":100,
            "아울렛몰":0,
            "대형마트":0,
            "은행":0,
            "병원":0,
            "종합병원":100,
            "공원":0,
            "혐오시설":0,
            "인프라총점":50.0,
            "초등학군":91.59,
            "중학군":58.2,
            "학군총점":64.878,
            "인구수":40.91,
            "인구증감":-8.31,
            "인구총점":26.144,
            "일자리":23.4,
            "소득수준":70.9,
            "일자리총점":37.65,
            "가치 총점":54.9445,
            "매매실거래년":20211020.0,
            "매매실거래가":237500.0,
            "전세실거래년":20210910.0,
            "전세실거래가":55000.0,
            "전세가율":49.55,
            "장기전세가율평균":73.28,
            "전세가율거품지수":23.73,
            "검색코드":23993,
            "세대수":351,
            "준공년월":"2008-12-26",
            "준공년차":15,
            "가까운역이름":"NA",
            "가까운역거리":"NA",
            "역세권여부":"NA",
            "30분이내주요거점역":"NA",
            "1시간이내주요거점역":"NA",
            "3km이내백화점수":1,
            "5km이내아울렛몰수":0,
            "1km이내대형먀트수":0,
            "500m이내은행수":1,
            "500m이내병원수":0,
            "5km이내대형병원수":4,
            "500m이내공원수":0,
            "3km이내혐오시설수":0,
            "초등학교학업성취도":91.59,
            "중학교학업성취도":93.2,
            "용적률":279,
            "건폐율":21,
            "Y":36.37711,
            "X":127.394459,
            "rank":20.0,
            "area_info":"33평(112.04), 43평(145.32), 54평(180.94), 68평(228.07), 74평(246.57), 79평(264.3), 85평(281.59), 97평(322.12), 98평(325.05), 104평(344.54)",
            "last_sales":"2021-10-20,237500.0,74평(246.57)"
        },
        {
            "index":330,
            "아파트명":"에이스타운4차",
            "투자타입":"일반",
            "전용면적(m2)":"32.99",
            "전용면적(평)":"9평",
            "법정동주소":"대전시 유성구 봉명동 676-4",
            "도로명주소":"대전시 유성구 문화원로146번길 2",
            "세대수":0,
            "입주년차":80,
            "용적률점수":"--",
            "건폐율점수":"--",
            "세대당주차수":0,
            "난방방식":30,
            "공급면적":"--",
            "전용률":"--",
            "욕실수":50,
            "현관타입":100,
            "주거총점":34.0,
            "지역구공급총점":0.0,
            "역세권":"NA",
            "30분내 이동가능 거점":"NA",
            "1시간내 이동가능 거점":"NA",
            "교통총점":"NA",
            "백화점":100,
            "아울렛몰":0,
            "대형마트":80,
            "은행":0,
            "병원":30,
            "종합병원":100,
            "공원":100,
            "혐오시설":0,
            "인프라총점":68.0,
            "초등학군":89.74,
            "중학군":55.62,
            "학군총점":62.444,
            "인구수":40.91,
            "인구증감":-8.31,
            "인구총점":26.144,
            "일자리":23.4,
            "소득수준":70.9,
            "일자리총점":37.65,
            "가치 총점":54.711,
            "매매실거래년":20210827.0,
            "매매실거래가":10500.0,
            "전세실거래년":null,
            "전세실거래가":null,
            "전세가율":null,
            "장기전세가율평균":73.28,
            "전세가율거품지수":null,
            "검색코드":119950,
            "세대수":162,
            "준공년월":"2018-02-13",
            "준공년차":5,
            "가까운역이름":"NA",
            "가까운역거리":"NA",
            "역세권여부":"NA",
            "30분이내주요거점역":"NA",
            "1시간이내주요거점역":"NA",
            "3km이내백화점수":1,
            "5km이내아울렛몰수":0,
            "1km이내대형먀트수":1,
            "500m이내은행수":0,
            "500m이내병원수":5,
            "5km이내대형병원수":2,
            "500m이내공원수":4,
            "3km이내혐오시설수":0,
            "초등학교학업성취도":89.74,
            "중학교학업성취도":89.1,
            "용적률":559,
            "건폐율":69,
            "Y":36.358025,
            "X":127.351521,
            "rank":21.0,
            "area_info":"9평(32.99), 11평(36.59), 11평(39.5), 32평(108.95)",
            "last_sales":"2021-08-27,10500.0,11평(39.5)"
        },
        {
            "index":315,
            "아파트명":"스카이뷰리버(도시형)",
            "투자타입":"일반",
            "전용면적(m2)":"30.09",
            "전용면적(평)":"9평",
            "법정동주소":"대전시 유성구 봉명동 640-4",
            "도로명주소":"대전시 유성구 문화원로 111",
            "세대수":0,
            "입주년차":80,
            "용적률점수":"--",
            "건폐율점수":"--",
            "세대당주차수":0,
            "난방방식":30,
            "공급면적":"--",
            "전용률":"--",
            "욕실수":50,
            "현관타입":100,
            "주거총점":34.0,
            "지역구공급총점":0.0,
            "역세권":"NA",
            "30분내 이동가능 거점":"NA",
            "1시간내 이동가능 거점":"NA",
            "교통총점":"NA",
            "백화점":100,
            "아울렛몰":0,
            "대형마트":80,
            "은행":0,
            "병원":30,
            "종합병원":100,
            "공원":100,
            "혐오시설":0,
            "인프라총점":68.0,
            "초등학군":89.74,
            "중학군":55.62,
            "학군총점":62.444,
            "인구수":40.91,
            "인구증감":-8.31,
            "인구총점":26.144,
            "일자리":23.4,
            "소득수준":70.9,
            "일자리총점":37.65,
            "가치 총점":54.711,
            "매매실거래년":20211218.0,
            "매매실거래가":8800.0,
            "전세실거래년":null,
            "전세실거래가":null,
            "전세가율":null,
            "장기전세가율평균":73.28,
            "전세가율거품지수":null,
            "검색코드":111800,
            "세대수":143,
            "준공년월":"2016-01-28",
            "준공년차":7,
            "가까운역이름":"NA",
            "가까운역거리":"NA",
            "역세권여부":"NA",
            "30분이내주요거점역":"NA",
            "1시간이내주요거점역":"NA",
            "3km이내백화점수":1,
            "5km이내아울렛몰수":0,
            "1km이내대형먀트수":1,
            "500m이내은행수":0,
            "500m이내병원수":7,
            "5km이내대형병원수":2,
            "500m이내공원수":7,
            "3km이내혐오시설수":0,
            "초등학교학업성취도":89.74,
            "중학교학업성취도":89.1,
            "용적률":510,
            "건폐율":47,
            "Y":36.35895,
            "X":127.348236,
            "rank":21.0,
            "area_info":"9평(30.09), 12평(40.44)",
            "last_sales":"2021-12-18,8800.0,9평(30.09)"
        },
        {
            "index":174,
            "아파트명":"문지효성해링턴플레이스",
            "투자타입":"일반",
            "전용면적(m2)":"82.37",
            "전용면적(평)":"24평",
            "법정동주소":"대전시 유성구 문지동 657",
            "도로명주소":"대전시 유성구 문지로 300",
            "세대수":90,
            "입주년차":80,
            "용적률점수":"--",
            "건폐율점수":"--",
            "세대당주차수":30,
            "난방방식":30,
            "공급면적":"--",
            "전용률":"--",
            "욕실수":100,
            "현관타입":100,
            "주거총점":75.0,
            "지역구공급총점":0.0,
            "역세권":"NA",
            "30분내 이동가능 거점":"NA",
            "1시간내 이동가능 거점":"NA",
            "교통총점":"NA",
            "백화점":0,
            "아울렛몰":80,
            "대형마트":0,
            "은행":0,
            "병원":0,
            "종합병원":100,
            "공원":100,
            "혐오시설":-50,
            "인프라총점":30.0,
            "초등학군":90.08,
            "중학군":59.16,
            "학군총점":65.344,
            "인구수":40.91,
            "인구증감":-8.31,
            "인구총점":26.144,
            "일자리":23.4,
            "소득수준":70.9,
            "일자리총점":37.65,
            "가치 총점":54.586,
            "매매실거래년":20211120.0,
            "매매실거래가":55000.0,
            "전세실거래년":20220105.0,
            "전세실거래가":26250.0,
            "전세가율":47.73,
            "장기전세가율평균":73.28,
            "전세가율거품지수":25.55,
            "검색코드":109036,
            "세대수":1142,
            "준공년월":"2017-04-26",
            "준공년차":6,
            "가까운역이름":"NA",
            "가까운역거리":"NA",
            "역세권여부":"NA",
            "30분이내주요거점역":"NA",
            "1시간이내주요거점역":"NA",
            "3km이내백화점수":0,
            "5km이내아울렛몰수":1,
            "1km이내대형먀트수":0,
            "500m이내은행수":0,
            "500m이내병원수":1,
            "5km이내대형병원수":2,
            "500m이내공원수":2,
            "3km이내혐오시설수":1,
            "초등학교학업성취도":90.08,
            "중학교학업성취도":94.6,
            "용적률":216,
            "건폐율":17,
            "Y":36.393603,
            "X":127.408561,
            "rank":22.0,
            "area_info":"24평(82.37), 24평(82.1), 24평(82.3), 34평(113.45), 34평(113.57), 34평(114.24), 34평(114.52), 34평(114.29)",
            "last_sales":"2021-11-20,55000.0,24평(82.37)"
        },
        {
            "index":452,
            "아파트명":"도안신도시5블록트리풀시티",
            "투자타입":"일반",
            "전용면적(m2)":"112.66",
            "전용면적(평)":"34평",
            "법정동주소":"대전시 유성구 상대동 464",
            "도로명주소":"대전시 유성구 상대로 16",
            "세대수":90,
            "입주년차":80,
            "용적률점수":"--",
            "건폐율점수":"--",
            "세대당주차수":30,
            "난방방식":100,
            "공급면적":"--",
            "전용률":"--",
            "욕실수":100,
            "현관타입":100,
            "주거총점":82.0,
            "지역구공급총점":0.0,
            "역세권":"NA",
            "30분내 이동가능 거점":"NA",
            "1시간내 이동가능 거점":"NA",
            "교통총점":"NA",
            "백화점":0,
            "아울렛몰":0,
            "대형마트":0,
            "은행":0,
            "병원":60,
            "종합병원":100,
            "공원":100,
            "혐오시설":0,
            "인프라총점":29.0,
            "초등학군":85.47,
            "중학군":49.68,
            "학군총점":56.838,
            "인구수":40.91,
            "인구증감":-8.31,
            "인구총점":26.144,
            "일자리":23.4,
            "소득수준":70.9,
            "일자리총점":37.65,
            "가치 총점":54.5095,
            "매매실거래년":20211216.0,
            "매매실거래가":66900.0,
            "전세실거래년":20220111.0,
            "전세실거래가":34000.0,
            "전세가율":50.82,
            "장기전세가율평균":73.28,
            "전세가율거품지수":22.46,
            "검색코드":103949,
            "세대수":1220,
            "준공년월":"2014-06-27",
            "준공년차":9,
            "가까운역이름":"NA",
            "가까운역거리":"NA",
            "역세권여부":"NA",
            "30분이내주요거점역":"NA",
            "1시간이내주요거점역":"NA",
            "3km이내백화점수":0,
            "5km이내아울렛몰수":0,
            "1km이내대형먀트수":0,
            "500m이내은행수":1,
            "500m이내병원수":13,
            "5km이내대형병원수":3,
            "500m이내공원수":4,
            "3km이내혐오시설수":0,
            "초등학교학업성취도":85.47,
            "중학교학업성취도":81.0,
            "용적률":189,
            "건폐율":13,
            "Y":36.344946,
            "X":127.336978,
            "rank":23.0,
            "area_info":"34평(112.66), 34평(113.67), 34평(114.23), 34평(114.17)",
            "last_sales":"2021-12-16,66900.0,34평(112.66)"
        },
        {
            "index":216,
            "아파트명":"도안6단지센트럴시티",
            "투자타입":"일반",
            "전용면적(m2)":"99.54",
            "전용면적(평)":"30평",
            "법정동주소":"대전시 유성구 봉명동 1036",
            "도로명주소":"대전시 유성구 봉명로 93",
            "세대수":80,
            "입주년차":60,
            "용적률점수":"--",
            "건폐율점수":"--",
            "세대당주차수":60,
            "난방방식":100,
            "공급면적":"--",
            "전용률":"--",
            "욕실수":100,
            "현관타입":100,
            "주거총점":79.0,
            "지역구공급총점":0.0,
            "역세권":"NA",
            "30분내 이동가능 거점":"NA",
            "1시간내 이동가능 거점":"NA",
            "교통총점":"NA",
            "백화점":0,
            "아울렛몰":0,
            "대형마트":0,
            "은행":20,
            "병원":60,
            "종합병원":100,
            "공원":100,
            "혐오시설":0,
            "인프라총점":31.0,
            "초등학군":89.48,
            "중학군":48.6,
            "학군총점":56.776,
            "인구수":40.91,
            "인구증감":-8.31,
            "인구총점":26.144,
            "일자리":23.4,
            "소득수준":70.9,
            "일자리총점":37.65,
            "가치 총점":54.244,
            "매매실거래년":20211211.0,
            "매매실거래가":59000.0,
            "전세실거래년":20220105.0,
            "전세실거래가":31000.0,
            "전세가율":52.54,
            "장기전세가율평균":73.28,
            "전세가율거품지수":20.74,
            "검색코드":100360,
            "세대수":854,
            "준공년월":"2010-10-11",
            "준공년차":13,
            "가까운역이름":"NA",
            "가까운역거리":"NA",
            "역세권여부":"NA",
            "30분이내주요거점역":"NA",
            "1시간이내주요거점역":"NA",
            "3km이내백화점수":0,
            "5km이내아울렛몰수":0,
            "1km이내대형먀트수":0,
            "500m이내은행수":2,
            "500m이내병원수":11,
            "5km이내대형병원수":3,
            "500m이내공원수":5,
            "3km이내혐오시설수":0,
            "초등학교학업성취도":89.48,
            "중학교학업성취도":79.2,
            "용적률":183,
            "건폐율":17,
            "Y":36.347267,
            "X":127.342807,
            "rank":24.0,
            "area_info":"30평(99.54), 30평(99.38), 34평(112.92), 34평(112.67), 34평(112.44), 34평(112.8), 34평(112.48)",
            "last_sales":"2021-12-11,59000.0,30평(99.54)"
        },
        {
            "index":53,
            "아파트명":"대덕테크노밸리8단지백조예미지",
            "투자타입":"일반",
            "전용면적(m2)":"119.31",
            "전용면적(평)":"36평",
            "법정동주소":"대전시 유성구 관평동 896",
            "도로명주소":"대전시 유성구 배울2로 3",
            "세대수":50,
            "입주년차":40,
            "용적률점수":"--",
            "건폐율점수":"--",
            "세대당주차수":80,
            "난방방식":100,
            "공급면적":"--",
            "전용률":"--",
            "욕실수":100,
            "현관타입":100,
            "주거총점":67.5,
            "지역구공급총점":0.0,
            "역세권":"NA",
            "30분내 이동가능 거점":"NA",
            "1시간내 이동가능 거점":"NA",
            "교통총점":"NA",
            "백화점":0,
            "아울렛몰":80,
            "대형마트":80,
            "은행":70,
            "병원":60,
            "종합병원":0,
            "공원":100,
            "혐오시설":0,
            "인프라총점":36.0,
            "초등학군":91.68,
            "중학군":57.96,
            "학군총점":64.704,
            "인구수":40.91,
            "인구증감":-8.31,
            "인구총점":26.144,
            "일자리":23.4,
            "소득수준":70.9,
            "일자리총점":37.65,
            "가치 총점":54.201,
            "매매실거래년":20211101.0,
            "매매실거래가":66000.0,
            "전세실거래년":20211113.0,
            "전세실거래가":42000.0,
            "전세가율":63.64,
            "장기전세가율평균":73.28,
            "전세가율거품지수":9.64,
            "검색코드":23707,
            "세대수":426,
            "준공년월":"2007-12-05",
            "준공년차":16,
            "가까운역이름":"NA",
            "가까운역거리":"NA",
            "역세권여부":"NA",
            "30분이내주요거점역":"NA",
            "1시간이내주요거점역":"NA",
            "3km이내백화점수":0,
            "5km이내아울렛몰수":1,
            "1km이내대형먀트수":1,
            "500m이내은행수":4,
            "500m이내병원수":26,
            "5km이내대형병원수":0,
            "500m이내공원수":3,
            "3km이내혐오시설수":0,
            "초등학교학업성취도":91.68,
            "중학교학업성취도":93.6,
            "용적률":211,
            "건폐율":18,
            "Y":36.423736,
            "X":127.384953,
            "rank":25.0,
            "area_info":"36평(119.31), 40평(135.41), 50평(167.0)",
            "last_sales":"2021-11-01,66000.0,36평(119.31)"
        },
        {
            "index":499,
            "아파트명":"대림두레",
            "투자타입":"일반",
            "전용면적(m2)":"84.23",
            "전용면적(평)":"25평",
            "법정동주소":"대전시 유성구 신성동 152-1",
            "도로명주소":"대전시 유성구 가정로 65",
            "세대수":80,
            "입주년차":0,
            "용적률점수":"--",
            "건폐율점수":"--",
            "세대당주차수":0,
            "난방방식":30,
            "공급면적":"--",
            "전용률":"--",
            "욕실수":50,
            "현관타입":100,
            "주거총점":46.0,
            "지역구공급총점":0.0,
            "역세권":"NA",
            "30분내 이동가능 거점":"NA",
            "1시간내 이동가능 거점":"NA",
            "교통총점":"NA",
            "백화점":100,
            "아울렛몰":0,
            "대형마트":0,
            "은행":0,
            "병원":30,
            "종합병원":100,
            "공원":100,
            "혐오시설":0,
            "인프라총점":56.0,
            "초등학군":85.62,
            "중학군":56.2,
            "학군총점":62.084,
            "인구수":40.91,
            "인구증감":-8.31,
            "인구총점":26.144,
            "일자리":23.4,
            "소득수준":70.9,
            "일자리총점":37.65,
            "가치 총점":54.021,
            "매매실거래년":20220102.0,
            "매매실거래가":29000.0,
            "전세실거래년":20211105.0,
            "전세실거래가":17500.0,
            "전세가율":60.34,
            "장기전세가율평균":73.28,
            "전세가율거품지수":12.94,
            "검색코드":6147,
            "세대수":840,
            "준공년월":"1993-03-27",
            "준공년차":30,
            "가까운역이름":"NA",
            "가까운역거리":"NA",
            "역세권여부":"NA",
            "30분이내주요거점역":"NA",
            "1시간이내주요거점역":"NA",
            "3km이내백화점수":1,
            "5km이내아울렛몰수":0,
            "1km이내대형먀트수":0,
            "500m이내은행수":0,
            "500m이내병원수":8,
            "5km이내대형병원수":2,
            "500m이내공원수":4,
            "3km이내혐오시설수":0,
            "초등학교학업성취도":85.62,
            "중학교학업성취도":90.8,
            "용적률":194,
            "건폐율":17,
            "Y":36.386708,
            "X":127.351571,
            "rank":26.0,
            "area_info":"25평(84.23), 29평(97.56), 36평(122.23), 40평(132.98)",
            "last_sales":"2022-01-02,29000.0,25평(84.23)"
        },
        {
            "index":470,
            "아파트명":"도안신도시한라비발디",
            "투자타입":"일반",
            "전용면적(m2)":"132.54",
            "전용면적(평)":"40평",
            "법정동주소":"대전시 유성구 상대동 462",
            "도로명주소":"대전시 유성구 상대로 17",
            "세대수":80,
            "입주년차":60,
            "용적률점수":"--",
            "건폐율점수":"--",
            "세대당주차수":80,
            "난방방식":100,
            "공급면적":"--",
            "전용률":"--",
            "욕실수":100,
            "현관타입":100,
            "주거총점":82.0,
            "지역구공급총점":0.0,
            "역세권":"NA",
            "30분내 이동가능 거점":"NA",
            "1시간내 이동가능 거점":"NA",
            "교통총점":"NA",
            "백화점":0,
            "아울렛몰":0,
            "대형마트":0,
            "은행":0,
            "병원":30,
            "종합병원":100,
            "공원":100,
            "혐오시설":0,
            "인프라총점":26.0,
            "초등학군":89.0,
            "중학군":49.68,
            "학군총점":57.544,
            "인구수":40.91,
            "인구증감":-8.31,
            "인구총점":26.144,
            "일자리":23.4,
            "소득수준":70.9,
            "일자리총점":37.65,
            "가치 총점":53.486,
            "매매실거래년":20210828.0,
            "매매실거래가":110500.0,
            "전세실거래년":20211117.0,
            "전세실거래가":50000.0,
            "전세가율":45.25,
            "장기전세가율평균":73.28,
            "전세가율거품지수":28.03,
            "검색코드":100581,
            "세대수":752,
            "준공년월":"2011-06-15",
            "준공년차":12,
            "가까운역이름":"NA",
            "가까운역거리":"NA",
            "역세권여부":"NA",
            "30분이내주요거점역":"NA",
            "1시간이내주요거점역":"NA",
            "3km이내백화점수":0,
            "5km이내아울렛몰수":0,
            "1km이내대형먀트수":0,
            "500m이내은행수":0,
            "500m이내병원수":6,
            "5km이내대형병원수":3,
            "500m이내공원수":2,
            "3km이내혐오시설수":0,
            "초등학교학업성취도":89.0,
            "중학교학업성취도":81.0,
            "용적률":197,
            "건폐율":14,
            "Y":36.344263,
            "X":127.334166,
            "rank":27.0,
            "area_info":"40평(132.54), 40평(134.4), 48평(159.75), 48평(160.67), 49평(163.47)",
            "last_sales":"2021-08-28,110500.0,40평(132.54)"
        },
        {
            "index":733,
            "아파트명":"노은리슈빌3",
            "투자타입":"일반",
            "전용면적(m2)":"112.59",
            "전용면적(평)":"34평",
            "법정동주소":"대전시 유성구 지족동 1030",
            "도로명주소":"대전시 유성구 지족동로 122",
            "세대수":50,
            "입주년차":80,
            "용적률점수":"--",
            "건폐율점수":"--",
            "세대당주차수":60,
            "난방방식":100,
            "공급면적":"--",
            "전용률":"--",
            "욕실수":100,
            "현관타입":100,
            "주거총점":72.5,
            "지역구공급총점":0.0,
            "역세권":"NA",
            "30분내 이동가능 거점":"NA",
            "1시간내 이동가능 거점":"NA",
            "교통총점":"NA",
            "백화점":0,
            "아울렛몰":0,
            "대형마트":80,
            "은행":0,
            "병원":60,
            "종합병원":80,
            "공원":100,
            "혐오시설":0,
            "인프라총점":37.0,
            "초등학군":90.1,
            "중학군":43.96,
            "학군총점":53.188,
            "인구수":40.91,
            "인구증감":-8.31,
            "인구총점":26.144,
            "일자리":23.4,
            "소득수준":70.9,
            "일자리총점":37.65,
            "가치 총점":53.472,
            "매매실거래년":20211005.0,
            "매매실거래가":78500.0,
            "전세실거래년":20211009.0,
            "전세실거래가":33000.0,
            "전세가율":51.64,
            "장기전세가율평균":73.28,
            "전세가율거품지수":21.64,
            "검색코드":106185,
            "세대수":502,
            "준공년월":"2015-05-21",
            "준공년차":8,
            "가까운역이름":"NA",
            "가까운역거리":"NA",
            "역세권여부":"NA",
            "30분이내주요거점역":"NA",
            "1시간이내주요거점역":"NA",
            "3km이내백화점수":0,
            "5km이내아울렛몰수":0,
            "1km이내대형먀트수":1,
            "500m이내은행수":0,
            "500m이내병원수":13,
            "5km이내대형병원수":1,
            "500m이내공원수":3,
            "3km이내혐오시설수":0,
            "초등학교학업성취도":90.1,
            "중학교학업성취도":72.2,
            "용적률":186,
            "건폐율":12,
            "Y":36.385031,
            "X":127.30952,
            "rank":28.0,
            "area_info":"34평(112.59), 34평(113.16), 39평(132.19)",
            "last_sales":"2021-10-05,78500.0,39평(132.19)"
        },
        {
            "index":693,
            "아파트명":"죽동대원칸타빌",
            "투자타입":"일반",
            "전용면적(m2)":"100.0",
            "전용면적(평)":"30평",
            "법정동주소":"대전시 유성구 죽동 683",
            "도로명주소":"대전시 유성구 죽동로 39",
            "세대수":90,
            "입주년차":80,
            "용적률점수":"--",
            "건폐율점수":"--",
            "세대당주차수":60,
            "난방방식":30,
            "공급면적":"--",
            "전용률":"--",
            "욕실수":100,
            "현관타입":100,
            "주거총점":79.5,
            "지역구공급총점":0.0,
            "역세권":"NA",
            "30분내 이동가능 거점":"NA",
            "1시간내 이동가능 거점":"NA",
            "교통총점":"NA",
            "백화점":0,
            "아울렛몰":0,
            "대형마트":0,
            "은행":0,
            "병원":30,
            "종합병원":100,
            "공원":100,
            "혐오시설":0,
            "인프라총점":26.0,
            "초등학군":80.94,
            "중학군":55.58,
            "학군총점":60.652,
            "인구수":40.91,
            "인구증감":-8.31,
            "인구총점":26.144,
            "일자리":23.4,
            "소득수준":70.9,
            "일자리총점":37.65,
            "가치 총점":53.388,
            "매매실거래년":20211228.0,
            "매매실거래가":80000.0,
            "전세실거래년":20220110.0,
            "전세실거래가":40000.0,
            "전세가율":57.97,
            "장기전세가율평균":73.28,
            "전세가율거품지수":15.31,
            "검색코드":108785,
            "세대수":1132,
            "준공년월":"2017-04-28",
            "준공년차":6,
            "가까운역이름":"NA",
            "가까운역거리":"NA",
            "역세권여부":"NA",
            "30분이내주요거점역":"NA",
            "1시간이내주요거점역":"NA",
            "3km이내백화점수":0,
            "5km이내아울렛몰수":0,
            "1km이내대형먀트수":0,
            "500m이내은행수":0,
            "500m이내병원수":8,
            "5km이내대형병원수":2,
            "500m이내공원수":3,
            "3km이내혐오시설수":0,
            "초등학교학업성취도":80.94,
            "중학교학업성취도":90.3,
            "용적률":199,
            "건폐율":12,
            "Y":36.369917,
            "X":127.33354,
            "rank":29.0,
            "area_info":"30평(100.0), 30평(101.14), 34평(113.28), 34평(113.14), 34평(115.15)",
            "last_sales":"2021-12-28,80000.0,34평(115.15)"
        },
        {
            "index":771,
            "아파트명":"반석2단지계룡리슈빌",
            "투자타입":"일반",
            "전용면적(m2)":"130.56",
            "전용면적(평)":"39평",
            "법정동주소":"대전시 유성구 지족동 978",
            "도로명주소":"대전시 유성구 지족로 343",
            "세대수":50,
            "입주년차":40,
            "용적률점수":"--",
            "건폐율점수":"--",
            "세대당주차수":80,
            "난방방식":30,
            "공급면적":"--",
            "전용률":"--",
            "욕실수":100,
            "현관타입":100,
            "주거총점":60.5,
            "지역구공급총점":0.0,
            "역세권":"NA",
            "30분내 이동가능 거점":"NA",
            "1시간내 이동가능 거점":"NA",
            "교통총점":"NA",
            "백화점":0,
            "아울렛몰":0,
            "대형마트":100,
            "은행":20,
            "병원":60,
            "종합병원":80,
            "공원":100,
            "혐오시설":0,
            "인프라총점":42.0,
            "초등학군":91.08,
            "중학군":53.84,
            "학군총점":61.288,
            "인구수":40.91,
            "인구증감":-8.31,
            "인구총점":26.144,
            "일자리":23.4,
            "소득수준":70.9,
            "일자리총점":37.65,
            "가치 총점":53.297,
            "매매실거래년":20211004.0,
            "매매실거래가":115000.0,
            "전세실거래년":20211113.0,
            "전세실거래가":38850.0,
            "전세가율":44.66,
            "장기전세가율평균":73.28,
            "전세가율거품지수":28.62,
            "검색코드":11021,
            "세대수":561,
            "준공년월":"2005-11-11",
            "준공년차":18,
            "가까운역이름":"NA",
            "가까운역거리":"NA",
            "역세권여부":"NA",
            "30분이내주요거점역":"NA",
            "1시간이내주요거점역":"NA",
            "3km이내백화점수":0,
            "5km이내아울렛몰수":0,
            "1km이내대형먀트수":2,
            "500m이내은행수":2,
            "500m이내병원수":24,
            "5km이내대형병원수":1,
            "500m이내공원수":4,
            "3km이내혐오시설수":0,
            "초등학교학업성취도":91.08,
            "중학교학업성취도":88.2,
            "용적률":219,
            "건폐율":17,
            "Y":36.38817,
            "X":127.314697,
            "rank":30.0,
            "area_info":"39평(130.56), 49평(162.93), 57평(189.92)",
            "last_sales":"2021-10-04,115000.0,57평(189.92)"
        },
        {
            "index":27,
            "아파트명":"대덕테크노밸리1단지꿈에그린",
            "투자타입":"일반",
            "전용면적(m2)":"87.05",
            "전용면적(평)":"26평",
            "법정동주소":"대전시 유성구 관평동 664",
            "도로명주소":"대전시 유성구 배울2로 6",
            "세대수":50,
            "입주년차":40,
            "용적률점수":"--",
            "건폐율점수":"--",
            "세대당주차수":60,
            "난방방식":100,
            "공급면적":"--",
            "전용률":"--",
            "욕실수":100,
            "현관타입":100,
            "주거총점":64.5,
            "지역구공급총점":0.0,
            "역세권":"NA",
            "30분내 이동가능 거점":"NA",
            "1시간내 이동가능 거점":"NA",
            "교통총점":"NA",
            "백화점":0,
            "아울렛몰":80,
            "대형마트":80,
            "은행":70,
            "병원":60,
            "종합병원":0,
            "공원":100,
            "혐오시설":0,
            "인프라총점":36.0,
            "초등학군":89.0,
            "중학군":56.6,
            "학군총점":63.08,
            "인구수":40.91,
            "인구증감":-8.31,
            "인구총점":26.144,
            "일자리":23.4,
            "소득수준":70.9,
            "일자리총점":37.65,
            "가치 총점":52.745,
            "매매실거래년":20211126.0,
            "매매실거래가":44500.0,
            "전세실거래년":20211002.0,
            "전세실거래가":33000.0,
            "전세가율":74.16,
            "장기전세가율평균":73.28,
            "전세가율거품지수":-0.88,
            "검색코드":17471,
            "세대수":666,
            "준공년월":"2006-02-22",
            "준공년차":17,
            "가까운역이름":"NA",
            "가까운역거리":"NA",
            "역세권여부":"NA",
            "30분이내주요거점역":"NA",
            "1시간이내주요거점역":"NA",
            "3km이내백화점수":0,
            "5km이내아울렛몰수":1,
            "1km이내대형먀트수":1,
            "500m이내은행수":3,
            "500m이내병원수":13,
            "5km이내대형병원수":0,
            "500m이내공원수":3,
            "3km이내혐오시설수":0,
            "초등학교학업성취도":89.0,
            "중학교학업성취도":92.0,
            "용적률":219,
            "건폐율":18,
            "Y":36.421457,
            "X":127.383298,
            "rank":31.0,
            "area_info":"26평(87.05), 34평(113.2), 35평(118.12), 44평(146.39), 46평(152.68)",
            "last_sales":"2021-11-26,44500.0,26평(87.05)"
        },
        {
            "index":36,
            "아파트명":"대덕테크노밸리3단지중앙하이츠빌",
            "투자타입":"일반",
            "전용면적(m2)":"113.24",
            "전용면적(평)":"34평",
            "법정동주소":"대전시 유성구 관평동 668",
            "도로명주소":"대전시 유성구 배울2로 24",
            "세대수":50,
            "입주년차":40,
            "용적률점수":"--",
            "건폐율점수":"--",
            "세대당주차수":60,
            "난방방식":100,
            "공급면적":"--",
            "전용률":"--",
            "욕실수":100,
            "현관타입":100,
            "주거총점":64.5,
            "지역구공급총점":0.0,
            "역세권":"NA",
            "30분내 이동가능 거점":"NA",
            "1시간내 이동가능 거점":"NA",
            "교통총점":"NA",
            "백화점":0,
            "아울렛몰":80,
            "대형마트":80,
            "은행":70,
            "병원":60,
            "종합병원":0,
            "공원":100,
            "혐오시설":0,
            "인프라총점":36.0,
            "초등학군":89.0,
            "중학군":56.6,
            "학군총점":63.08,
            "인구수":40.91,
            "인구증감":-8.31,
            "인구총점":26.144,
            "일자리":23.4,
            "소득수준":70.9,
            "일자리총점":37.65,
            "가치 총점":52.745,
            "매매실거래년":20211223.0,
            "매매실거래가":54000.0,
            "전세실거래년":20211228.0,
            "전세실거래가":35500.0,
            "전세가율":65.74,
            "장기전세가율평균":73.28,
            "전세가율거품지수":7.54,
            "검색코드":19318,
            "세대수":535,
            "준공년월":"2006-02-22",
            "준공년차":17,
            "가까운역이름":"NA",
            "가까운역거리":"NA",
            "역세권여부":"NA",
            "30분이내주요거점역":"NA",
            "1시간이내주요거점역":"NA",
            "3km이내백화점수":0,
            "5km이내아울렛몰수":1,
            "1km이내대형먀트수":1,
            "500m이내은행수":3,
            "500m이내병원수":15,
            "5km이내대형병원수":0,
            "500m이내공원수":3,
            "3km이내혐오시설수":0,
            "초등학교학업성취도":89.0,
            "중학교학업성취도":92.0,
            "용적률":219,
            "건폐율":18,
            "Y":36.421154,
            "X":127.385698,
            "rank":31.0,
            "area_info":"34평(113.24), 50평(166.35), 50평(166.34)",
            "last_sales":"2021-12-23,54000.0,34평(113.24)"
        },
        {
            "index":421,
            "아파트명":"해나래(도시형)",
            "투자타입":"일반",
            "전용면적(m2)":"31.77",
            "전용면적(평)":"9평",
            "법정동주소":"대전시 유성구 봉명동 540-8",
            "도로명주소":"대전시 유성구 온천로107번길 19",
            "세대수":0,
            "입주년차":100,
            "용적률점수":"--",
            "건폐율점수":"--",
            "세대당주차수":0,
            "난방방식":30,
            "공급면적":"--",
            "전용률":"--",
            "욕실수":50,
            "현관타입":10,
            "주거총점":29.0,
            "지역구공급총점":0.0,
            "역세권":"NA",
            "30분내 이동가능 거점":"NA",
            "1시간내 이동가능 거점":"NA",
            "교통총점":"NA",
            "백화점":100,
            "아울렛몰":0,
            "대형마트":80,
            "은행":0,
            "병원":60,
            "종합병원":100,
            "공원":100,
            "혐오시설":0,
            "인프라총점":71.0,
            "초등학군":88.34,
            "중학군":48.6,
            "학군총점":56.548,
            "인구수":40.91,
            "인구증감":-8.31,
            "인구총점":26.144,
            "일자리":23.4,
            "소득수준":70.9,
            "일자리총점":37.65,
            "가치 총점":52.687,
            "매매실거래년":20211215.0,
            "매매실거래가":11600.0,
            "전세실거래년":null,
            "전세실거래가":null,
            "전세가율":null,
            "장기전세가율평균":73.28,
            "전세가율거품지수":null,
            "검색코드":128632,
            "세대수":150,
            "준공년월":"2020-02-04",
            "준공년차":3,
            "가까운역이름":"NA",
            "가까운역거리":"NA",
            "역세권여부":"NA",
            "30분이내주요거점역":"NA",
            "1시간이내주요거점역":"NA",
            "3km이내백화점수":1,
            "5km이내아울렛몰수":0,
            "1km이내대형먀트수":1,
            "500m이내은행수":1,
            "500m이내병원수":10,
            "5km이내대형병원수":2,
            "500m이내공원수":5,
            "3km이내혐오시설수":0,
            "초등학교학업성취도":88.34,
            "중학교학업성취도":79.2,
            "용적률":649,
            "건폐율":65,
            "Y":36.355057,
            "X":127.349387,
            "rank":32.0,
            "area_info":"9평(31.77), 9평(31.94), 12평(39.91), 11평(39.64), 12평(40.13), 21평(70.41), 21평(71.2), 24평(81.4), 24평(81.21)",
            "last_sales":"2021-12-15,11600.0,12평(40.13)"
        },
        {
            "index":187,
            "아파트명":"반석5단지예미지",
            "투자타입":"일반",
            "전용면적(m2)":"129.41",
            "전용면적(평)":"39평",
            "법정동주소":"대전시 유성구 반석동 622",
            "도로명주소":"대전시 유성구 반석동로 33",
            "세대수":50,
            "입주년차":40,
            "용적률점수":"--",
            "건폐율점수":"--",
            "세대당주차수":80,
            "난방방식":30,
            "공급면적":"--",
            "전용률":"--",
            "욕실수":100,
            "현관타입":100,
            "주거총점":60.5,
            "지역구공급총점":0.0,
            "역세권":"NA",
            "30분내 이동가능 거점":"NA",
            "1시간내 이동가능 거점":"NA",
            "교통총점":"NA",
            "백화점":0,
            "아울렛몰":0,
            "대형마트":80,
            "은행":0,
            "병원":80,
            "종합병원":80,
            "공원":100,
            "혐오시설":0,
            "인프라총점":39.0,
            "초등학군":91.08,
            "중학군":55.3,
            "학군총점":62.456,
            "인구수":40.91,
            "인구증감":-8.31,
            "인구총점":26.144,
            "일자리":23.4,
            "소득수준":70.9,
            "일자리총점":37.65,
            "가치 총점":52.389,
            "매매실거래년":20211028.0,
            "매매실거래가":97500.0,
            "전세실거래년":20200609.0,
            "전세실거래가":39000.0,
            "전세가율":52.35,
            "장기전세가율평균":73.28,
            "전세가율거품지수":20.93,
            "검색코드":17394,
            "세대수":536,
            "준공년월":"2005-08-12",
            "준공년차":18,
            "가까운역이름":"NA",
            "가까운역거리":"NA",
            "역세권여부":"NA",
            "30분이내주요거점역":"NA",
            "1시간이내주요거점역":"NA",
            "3km이내백화점수":0,
            "5km이내아울렛몰수":0,
            "1km이내대형먀트수":1,
            "500m이내은행수":0,
            "500m이내병원수":33,
            "5km이내대형병원수":1,
            "500m이내공원수":6,
            "3km이내혐오시설수":0,
            "초등학교학업성취도":91.08,
            "중학교학업성취도":89.5,
            "용적률":219,
            "건폐율":20,
            "Y":36.390554,
            "X":127.310808,
            "rank":33.0,
            "area_info":"39평(129.41), 39평(130.22), 48평(160.78), 48평(160.78), 48평(161.65)",
            "last_sales":"2021-10-28,97500.0,48평(161.65)"
        },
        {
            "index":786,
            "아파트명":"열매4단지현대",
            "투자타입":"일반",
            "전용면적(m2)":"79.44",
            "전용면적(평)":"24평",
            "법정동주소":"대전시 유성구 지족동 858",
            "도로명주소":"대전시 유성구 노은서로210번길 32",
            "세대수":90,
            "입주년차":20,
            "용적률점수":"--",
            "건폐율점수":"--",
            "세대당주차수":30,
            "난방방식":30,
            "공급면적":"--",
            "전용률":"--",
            "욕실수":50,
            "현관타입":100,
            "주거총점":58.0,
            "지역구공급총점":0.0,
            "역세권":"NA",
            "30분내 이동가능 거점":"NA",
            "1시간내 이동가능 거점":"NA",
            "교통총점":"NA",
            "백화점":0,
            "아울렛몰":0,
            "대형마트":100,
            "은행":20,
            "병원":60,
            "종합병원":80,
            "공원":100,
            "혐오시설":0,
            "인프라총점":42.0,
            "초등학군":88.11,
            "중학군":54.02,
            "학군총점":60.838,
            "인구수":40.91,
            "인구증감":-8.31,
            "인구총점":26.144,
            "일자리":23.4,
            "소득수준":70.9,
            "일자리총점":37.65,
            "가치 총점":52.3095,
            "매매실거래년":20211224.0,
            "매매실거래가":38500.0,
            "전세실거래년":20220107.0,
            "전세실거래가":19500.0,
            "전세가율":46.15,
            "장기전세가율평균":73.28,
            "전세가율거품지수":27.13,
            "검색코드":8472,
            "세대수":1084,
            "준공년월":"2001-12-24",
            "준공년차":22,
            "가까운역이름":"NA",
            "가까운역거리":"NA",
            "역세권여부":"NA",
            "30분이내주요거점역":"NA",
            "1시간이내주요거점역":"NA",
            "3km이내백화점수":0,
            "5km이내아울렛몰수":0,
            "1km이내대형먀트수":3,
            "500m이내은행수":2,
            "500m이내병원수":28,
            "5km이내대형병원수":1,
            "500m이내공원수":3,
            "3km이내혐오시설수":0,
            "초등학교학업성취도":88.11,
            "중학교학업성취도":88.5,
            "용적률":228,
            "건폐율":15,
            "Y":36.377178,
            "X":127.316811,
            "rank":34.0,
            "area_info":"24평(79.44), 24평(80.42)",
            "last_sales":"2021-12-24,38500.0,24평(80.42)"
        },
        {
            "index":745,
            "아파트명":"노은한화꿈에그린1단지",
            "투자타입":"일반",
            "전용면적(m2)":"115.71",
            "전용면적(평)":"35평",
            "법정동주소":"대전시 유성구 지족동 1089",
            "도로명주소":"대전시 유성구 지족북로 33",
            "세대수":80,
            "입주년차":80,
            "용적률점수":"--",
            "건폐율점수":"--",
            "세대당주차수":60,
            "난방방식":100,
            "공급면적":"--",
            "전용률":"--",
            "욕실수":100,
            "현관타입":100,
            "주거총점":83.0,
            "지역구공급총점":0.0,
            "역세권":"NA",
            "30분내 이동가능 거점":"NA",
            "1시간내 이동가능 거점":"NA",
            "교통총점":"NA",
            "백화점":0,
            "아울렛몰":0,
            "대형마트":0,
            "은행":0,
            "병원":0,
            "종합병원":80,
            "공원":100,
            "혐오시설":0,
            "인프라총점":19.0,
            "초등학군":91.08,
            "중학군":55.3,
            "학군총점":62.456,
            "인구수":40.91,
            "인구증감":-8.31,
            "인구총점":26.144,
            "일자리":23.4,
            "소득수준":70.9,
            "일자리총점":37.65,
            "가치 총점":52.264,
            "매매실거래년":20210928.0,
            "매매실거래가":68000.0,
            "전세실거래년":20211228.0,
            "전세실거래가":40000.0,
            "전세가율":61.54,
            "장기전세가율평균":73.28,
            "전세가율거품지수":11.74,
            "검색코드":103356,
            "세대수":887,
            "준공년월":"2014-02-20",
            "준공년차":9,
            "가까운역이름":"NA",
            "가까운역거리":"NA",
            "역세권여부":"NA",
            "30분이내주요거점역":"NA",
            "1시간이내주요거점역":"NA",
            "3km이내백화점수":0,
            "5km이내아울렛몰수":0,
            "1km이내대형먀트수":0,
            "500m이내은행수":0,
            "500m이내병원수":0,
            "5km이내대형병원수":1,
            "500m이내공원수":2,
            "3km이내혐오시설수":0,
            "초등학교학업성취도":91.08,
            "중학교학업성취도":89.5,
            "용적률":209,
            "건폐율":16,
            "Y":36.388487,
            "X":127.300984,
            "rank":35.0,
            "area_info":"35평(115.71), 35평(117.75), 40평(133.9), 40평(134.34), 49평(165.06)",
            "last_sales":"2021-09-28,68000.0,35평(117.75)"
        },
        {
            "index":792,
            "아파트명":"열매6단지현대",
            "투자타입":"일반",
            "전용면적(m2)":"97.8",
            "전용면적(평)":"29평",
            "법정동주소":"대전시 유성구 지족동 880",
            "도로명주소":"대전시 유성구 노은동로 187",
            "세대수":50,
            "입주년차":20,
            "용적률점수":"--",
            "건폐율점수":"--",
            "세대당주차수":30,
            "난방방식":30,
            "공급면적":"--",
            "전용률":"--",
            "욕실수":100,
            "현관타입":100,
            "주거총점":49.0,
            "지역구공급총점":0.0,
            "역세권":"NA",
            "30분내 이동가능 거점":"NA",
            "1시간내 이동가능 거점":"NA",
            "교통총점":"NA",
            "백화점":0,
            "아울렛몰":0,
            "대형마트":100,
            "은행":70,
            "병원":80,
            "종합병원":80,
            "공원":100,
            "혐오시설":0,
            "인프라총점":49.0,
            "초등학군":91.36,
            "중학군":54.02,
            "학군총점":61.488,
            "인구수":40.91,
            "인구증감":-8.31,
            "인구총점":26.144,
            "일자리":23.4,
            "소득수준":70.9,
            "일자리총점":37.65,
            "가치 총점":52.122,
            "매매실거래년":20211206.0,
            "매매실거래가":62000.0,
            "전세실거래년":20211209.0,
            "전세실거래가":20000.0,
            "전세가율":47.06,
            "장기전세가율평균":73.28,
            "전세가율거품지수":26.22,
            "검색코드":6137,
            "세대수":582,
            "준공년월":"2000-12-11",
            "준공년차":23,
            "가까운역이름":"NA",
            "가까운역거리":"NA",
            "역세권여부":"NA",
            "30분이내주요거점역":"NA",
            "1시간이내주요거점역":"NA",
            "3km이내백화점수":0,
            "5km이내아울렛몰수":0,
            "1km이내대형먀트수":3,
            "500m이내은행수":3,
            "500m이내병원수":34,
            "5km이내대형병원수":1,
            "500m이내공원수":3,
            "3km이내혐오시설수":0,
            "초등학교학업성취도":91.36,
            "중학교학업성취도":88.5,
            "용적률":233,
            "건폐율":18,
            "Y":36.376714,
            "X":127.320905,
            "rank":36.0,
            "area_info":"29평(97.8), 33평(110.95)",
            "last_sales":"2021-12-06,62000.0,33평(110.95)"
        },
        {
            "index":774,
            "아파트명":"반석3단지호반베르디움",
            "투자타입":"일반",
            "전용면적(m2)":"145.27",
            "전용면적(평)":"43평",
            "법정동주소":"대전시 유성구 지족동 992",
            "도로명주소":"대전시 유성구 지족로 362",
            "세대수":50,
            "입주년차":40,
            "용적률점수":"--",
            "건폐율점수":"--",
            "세대당주차수":80,
            "난방방식":30,
            "공급면적":"--",
            "전용률":"--",
            "욕실수":100,
            "현관타입":100,
            "주거총점":60.5,
            "지역구공급총점":0.0,
            "역세권":"NA",
            "30분내 이동가능 거점":"NA",
            "1시간내 이동가능 거점":"NA",
            "교통총점":"NA",
            "백화점":0,
            "아울렛몰":0,
            "대형마트":100,
            "은행":20,
            "병원":30,
            "종합병원":80,
            "공원":100,
            "혐오시설":0,
            "인프라총점":39.0,
            "초등학군":91.08,
            "중학군":53.84,
            "학군총점":61.288,
            "인구수":40.91,
            "인구증감":-8.31,
            "인구총점":26.144,
            "일자리":23.4,
            "소득수준":70.9,
            "일자리총점":37.65,
            "가치 총점":52.097,
            "매매실거래년":20211121.0,
            "매매실거래가":85000.0,
            "전세실거래년":20211027.0,
            "전세실거래가":38000.0,
            "전세가율":47.03,
            "장기전세가율평균":73.28,
            "전세가율거품지수":26.25,
            "검색코드":17472,
            "세대수":607,
            "준공년월":"2006-02-24",
            "준공년차":17,
            "가까운역이름":"NA",
            "가까운역거리":"NA",
            "역세권여부":"NA",
            "30분이내주요거점역":"NA",
            "1시간이내주요거점역":"NA",
            "3km이내백화점수":0,
            "5km이내아울렛몰수":0,
            "1km이내대형먀트수":2,
            "500m이내은행수":2,
            "500m이내병원수":6,
            "5km이내대형병원수":1,
            "500m이내공원수":5,
            "3km이내혐오시설수":0,
            "초등학교학업성취도":91.08,
            "중학교학업성취도":88.2,
            "용적률":219,
            "건폐율":16,
            "Y":36.386353,
            "X":127.31536,
            "rank":37.0,
            "area_info":"43평(145.27), 53평(177.8), 63평(211.39)",
            "last_sales":"2021-11-21,85000.0,53평(177.8)"
        },
        {
            "index":788,
            "아파트명":"열매5단지운암",
            "투자타입":"일반",
            "전용면적(m2)":"125.97",
            "전용면적(평)":"38평",
            "법정동주소":"대전시 유성구 지족동 877",
            "도로명주소":"대전시 유성구 은구비로 31",
            "세대수":50,
            "입주년차":20,
            "용적률점수":"--",
            "건폐율점수":"--",
            "세대당주차수":80,
            "난방방식":30,
            "공급면적":"--",
            "전용률":"--",
            "욕실수":100,
            "현관타입":100,
            "주거총점":56.5,
            "지역구공급총점":0.0,
            "역세권":"NA",
            "30분내 이동가능 거점":"NA",
            "1시간내 이동가능 거점":"NA",
            "교통총점":"NA",
            "백화점":0,
            "아울렛몰":0,
            "대형마트":100,
            "은행":20,
            "병원":60,
            "종합병원":80,
            "공원":100,
            "혐오시설":0,
            "인프라총점":42.0,
            "초등학군":91.36,
            "중학군":54.02,
            "학군총점":61.488,
            "인구수":40.91,
            "인구증감":-8.31,
            "인구총점":26.144,
            "일자리":23.4,
            "소득수준":70.9,
            "일자리총점":37.65,
            "가치 총점":51.947,
            "매매실거래년":20211113.0,
            "매매실거래가":88000.0,
            "전세실거래년":20211222.0,
            "전세실거래가":35000.0,
            "전세가율":46.67,
            "장기전세가율평균":73.28,
            "전세가율거품지수":26.61,
            "검색코드":8473,
            "세대수":500,
            "준공년월":"2001-06-02",
            "준공년차":22,
            "가까운역이름":"NA",
            "가까운역거리":"NA",
            "역세권여부":"NA",
            "30분이내주요거점역":"NA",
            "1시간이내주요거점역":"NA",
            "3km이내백화점수":0,
            "5km이내아울렛몰수":0,
            "1km이내대형먀트수":3,
            "500m이내은행수":2,
            "500m이내병원수":29,
            "5km이내대형병원수":1,
            "500m이내공원수":4,
            "3km이내혐오시설수":0,
            "초등학교학업성취도":91.36,
            "중학교학업성취도":88.5,
            "용적률":234,
            "건폐율":17,
            "Y":36.377354,
            "X":127.319172,
            "rank":38.0,
            "area_info":"38평(125.97), 38평(125.94), 48평(161.78), 60평(199.01)",
            "last_sales":"2021-11-13,88000.0,48평(161.78)"
        },
        {
            "index":401,
            "아파트명":"투유2차",
            "투자타입":"일반",
            "전용면적(m2)":"53.14",
            "전용면적(평)":"16평",
            "법정동주소":"대전시 유성구 봉명동 662-1",
            "도로명주소":"대전시 유성구 문화원로 131",
            "세대수":0,
            "입주년차":40,
            "용적률점수":"--",
            "건폐율점수":"--",
            "세대당주차수":0,
            "난방방식":30,
            "공급면적":"--",
            "전용률":"--",
            "욕실수":50,
            "현관타입":100,
            "주거총점":26.0,
            "지역구공급총점":0.0,
            "역세권":"NA",
            "30분내 이동가능 거점":"NA",
            "1시간내 이동가능 거점":"NA",
            "교통총점":"NA",
            "백화점":100,
            "아울렛몰":0,
            "대형마트":80,
            "은행":0,
            "병원":30,
            "종합병원":100,
            "공원":100,
            "혐오시설":0,
            "인프라총점":68.0,
            "초등학군":89.74,
            "중학군":55.62,
            "학군총점":62.444,
            "인구수":40.91,
            "인구증감":-8.31,
            "인구총점":26.144,
            "일자리":23.4,
            "소득수준":70.9,
            "일자리총점":37.65,
            "가치 총점":51.911,
            "매매실거래년":20211231.0,
            "매매실거래가":8700.0,
            "전세실거래년":20211115.0,
            "전세실거래가":7700.0,
            "전세가율":88.51,
            "장기전세가율평균":73.28,
            "전세가율거품지수":-15.23,
            "검색코드":22984,
            "세대수":138,
            "준공년월":"2004-11-17",
            "준공년차":19,
            "가까운역이름":"NA",
            "가까운역거리":"NA",
            "역세권여부":"NA",
            "30분이내주요거점역":"NA",
            "1시간이내주요거점역":"NA",
            "3km이내백화점수":1,
            "5km이내아울렛몰수":0,
            "1km이내대형먀트수":1,
            "500m이내은행수":0,
            "500m이내병원수":6,
            "5km이내대형병원수":2,
            "500m이내공원수":5,
            "3km이내혐오시설수":0,
            "초등학교학업성취도":89.74,
            "중학교학업성취도":89.1,
            "용적률":536,
            "건폐율":69,
            "Y":36.358638,
            "X":127.350523,
            "rank":39.0,
            "area_info":"16평(53.14), 17평(56.44), 19평(63.44), 19평(63.46), 25평(83.39)",
            "last_sales":"2021-12-31,8700.0,16평(53.14)"
        },
        {
            "index":14,
            "아파트명":"유성오투그란데리빙포레",
            "투자타입":"일반",
            "전용면적(m2)":"79.41",
            "전용면적(평)":"24평",
            "법정동주소":"대전시 유성구 계산동 722",
            "도로명주소":"대전시 유성구 학하중앙로 99",
            "세대수":80,
            "입주년차":80,
            "용적률점수":"--",
            "건폐율점수":"--",
            "세대당주차수":60,
            "난방방식":100,
            "공급면적":"--",
            "전용률":"--",
            "욕실수":100,
            "현관타입":100,
            "주거총점":83.0,
            "지역구공급총점":0.0,
            "역세권":"NA",
            "30분내 이동가능 거점":"NA",
            "1시간내 이동가능 거점":"NA",
            "교통총점":"NA",
            "백화점":0,
            "아울렛몰":0,
            "대형마트":0,
            "은행":0,
            "병원":10,
            "종합병원":80,
            "공원":100,
            "혐오시설":0,
            "인프라총점":20.0,
            "초등학군":91.8,
            "중학군":50.64,
            "학군총점":58.872,
            "인구수":40.91,
            "인구증감":-8.31,
            "인구총점":26.144,
            "일자리":23.4,
            "소득수준":70.9,
            "일자리총점":37.65,
            "가치 총점":51.768,
            "매매실거래년":20211017.0,
            "매매실거래가":61200.0,
            "전세실거래년":20210717.0,
            "전세실거래가":33000.0,
            "전세가율":73.33,
            "장기전세가율평균":73.28,
            "전세가율거품지수":-0.05,
            "검색코드":111335,
            "세대수":778,
            "준공년월":"2018-06-28",
            "준공년차":5,
            "가까운역이름":"NA",
            "가까운역거리":"NA",
            "역세권여부":"NA",
            "30분이내주요거점역":"NA",
            "1시간이내주요거점역":"NA",
            "3km이내백화점수":0,
            "5km이내아울렛몰수":0,
            "1km이내대형먀트수":0,
            "500m이내은행수":0,
            "500m이내병원수":4,
            "5km이내대형병원수":1,
            "500m이내공원수":2,
            "3km이내혐오시설수":0,
            "초등학교학업성취도":91.8,
            "중학교학업성취도":82.6,
            "용적률":209,
            "건폐율":14,
            "Y":36.343374,
            "X":127.304849,
            "rank":40.0,
            "area_info":"24평(79.41), 30평(101.79), 31평(104.34), 33평(111.29)",
            "last_sales":"2021-10-17,61200.0,33평(111.29)"
        },
        {
            "index":118,
            "아파트명":"열매9단지금성백조",
            "투자타입":"일반",
            "전용면적(m2)":"115.79",
            "전용면적(평)":"35평",
            "법정동주소":"대전시 유성구 노은동 521",
            "도로명주소":"대전시 유성구 은구비남로 56",
            "세대수":50,
            "입주년차":20,
            "용적률점수":"--",
            "건폐율점수":"--",
            "세대당주차수":30,
            "난방방식":30,
            "공급면적":"--",
            "전용률":"--",
            "욕실수":100,
            "현관타입":100,
            "주거총점":49.0,
            "지역구공급총점":0.0,
            "역세권":"NA",
            "30분내 이동가능 거점":"NA",
            "1시간내 이동가능 거점":"NA",
            "교통총점":"NA",
            "백화점":0,
            "아울렛몰":0,
            "대형마트":100,
            "은행":70,
            "병원":60,
            "종합병원":80,
            "공원":100,
            "혐오시설":0,
            "인프라총점":47.0,
            "초등학군":91.92,
            "중학군":55.58,
            "학군총점":62.848,
            "인구수":40.91,
            "인구증감":-8.31,
            "인구총점":26.144,
            "일자리":23.4,
            "소득수준":70.9,
            "일자리총점":37.65,
            "가치 총점":51.662,
            "매매실거래년":20211209.0,
            "매매실거래가":60000.0,
            "전세실거래년":20211225.0,
            "전세실거래가":39900.0,
            "전세가율":66.5,
            "장기전세가율평균":73.28,
            "전세가율거품지수":6.78,
            "검색코드":8475,
            "세대수":646,
            "준공년월":"2002-08-21",
            "준공년차":21,
            "가까운역이름":"NA",
            "가까운역거리":"NA",
            "역세권여부":"NA",
            "30분이내주요거점역":"NA",
            "1시간이내주요거점역":"NA",
            "3km이내백화점수":0,
            "5km이내아울렛몰수":0,
            "1km이내대형먀트수":2,
            "500m이내은행수":3,
            "500m이내병원수":23,
            "5km이내대형병원수":1,
            "500m이내공원수":5,
            "3km이내혐오시설수":0,
            "초등학교학업성취도":91.92,
            "중학교학업성취도":90.3,
            "용적률":228,
            "건폐율":14,
            "Y":36.371646,
            "X":127.321841,
            "rank":41.0,
            "area_info":"35평(115.79), 35평(116.19)",
            "last_sales":"2021-12-09,60000.0,35평(115.79)"
        },
        {
            "index":630,
            "아파트명":"세종",
            "투자타입":"일반",
            "전용면적(m2)":"76.69",
            "전용면적(평)":"23평",
            "법정동주소":"대전시 유성구 전민동 462-5",
            "도로명주소":"대전시 유성구 유성대로 1741",
            "세대수":90,
            "입주년차":0,
            "용적률점수":"--",
            "건폐율점수":"--",
            "세대당주차수":30,
            "난방방식":100,
            "공급면적":"--",
            "전용률":"--",
            "욕실수":50,
            "현관타입":100,
            "주거총점":61.0,
            "지역구공급총점":0.0,
            "역세권":"NA",
            "30분내 이동가능 거점":"NA",
            "1시간내 이동가능 거점":"NA",
            "교통총점":"NA",
            "백화점":0,
            "아울렛몰":80,
            "대형마트":0,
            "은행":20,
            "병원":60,
            "종합병원":80,
            "공원":100,
            "혐오시설":0,
            "인프라총점":35.0,
            "초등학군":87.18,
            "중학군":59.16,
            "학군총점":64.764,
            "인구수":40.91,
            "인구증감":-8.31,
            "인구총점":26.144,
            "일자리":23.4,
            "소득수준":70.9,
            "일자리총점":37.65,
            "가치 총점":51.541,
            "매매실거래년":20211208.0,
            "매매실거래가":30000.0,
            "전세실거래년":20220114.0,
            "전세실거래가":13500.0,
            "전세가율":56.25,
            "장기전세가율평균":73.28,
            "전세가율거품지수":17.03,
            "검색코드":6051,
            "세대수":980,
            "준공년월":"1994-09-13",
            "준공년차":29,
            "가까운역이름":"NA",
            "가까운역거리":"NA",
            "역세권여부":"NA",
            "30분이내주요거점역":"NA",
            "1시간이내주요거점역":"NA",
            "3km이내백화점수":0,
            "5km이내아울렛몰수":1,
            "1km이내대형먀트수":0,
            "500m이내은행수":2,
            "500m이내병원수":17,
            "5km이내대형병원수":1,
            "500m이내공원수":4,
            "3km이내혐오시설수":0,
            "초등학교학업성취도":87.18,
            "중학교학업성취도":94.6,
            "용적률":206,
            "건폐율":20,
            "Y":36.400304,
            "X":127.402741,
            "rank":42.0,
            "area_info":"23평(76.69), 28평(94.42), 31평(104.96), 38평(126.52), 42평(140.46), 51평(171.65)",
            "last_sales":"2021-12-08,30000.0,31평(104.96)"
        },
        {
            "index":6,
            "아파트명":"대전학하지구오투그란데미학",
            "투자타입":"일반",
            "전용면적(m2)":"118.6",
            "전용면적(평)":"35평",
            "법정동주소":"대전시 유성구 계산동 721",
            "도로명주소":"대전시 유성구 학하남로 10",
            "세대수":90,
            "입주년차":60,
            "용적률점수":"--",
            "건폐율점수":"--",
            "세대당주차수":60,
            "난방방식":100,
            "공급면적":"--",
            "전용률":"--",
            "욕실수":100,
            "현관타입":100,
            "주거총점":82.5,
            "지역구공급총점":0.0,
            "역세권":"NA",
            "30분내 이동가능 거점":"NA",
            "1시간내 이동가능 거점":"NA",
            "교통총점":"NA",
            "백화점":0,
            "아울렛몰":0,
            "대형마트":0,
            "은행":0,
            "병원":10,
            "종합병원":80,
            "공원":80,
            "혐오시설":0,
            "인프라총점":19.4,
            "초등학군":91.8,
            "중학군":50.64,
            "학군총점":58.872,
            "인구수":40.91,
            "인구증감":-8.31,
            "인구총점":26.144,
            "일자리":23.4,
            "소득수준":70.9,
            "일자리총점":37.65,
            "가치 총점":51.353,
            "매매실거래년":20211116.0,
            "매매실거래가":56500.0,
            "전세실거래년":20220113.0,
            "전세실거래가":23000.0,
            "전세가율":45.1,
            "장기전세가율평균":73.28,
            "전세가율거품지수":28.18,
            "검색코드":100352,
            "세대수":1000,
            "준공년월":"2011-10-17",
            "준공년차":12,
            "가까운역이름":"NA",
            "가까운역거리":"NA",
            "역세권여부":"NA",
            "30분이내주요거점역":"NA",
            "1시간이내주요거점역":"NA",
            "3km이내백화점수":0,
            "5km이내아울렛몰수":0,
            "1km이내대형먀트수":0,
            "500m이내은행수":0,
            "500m이내병원수":4,
            "5km이내대형병원수":1,
            "500m이내공원수":1,
            "3km이내혐오시설수":0,
            "초등학교학업성취도":91.8,
            "중학교학업성취도":82.6,
            "용적률":209,
            "건폐율":17,
            "Y":36.343467,
            "X":127.301966,
            "rank":43.0,
            "area_info":"35평(118.6), 35평(118.05), 35평(118.6), 35평(118.05), 35평(118.6), 39평(130.45), 45평(150.42), 45평(151.49)",
            "last_sales":"2021-11-16,56500.0,39평(130.45)"
        },
        {
            "index":813,
            "아파트명":"송림3단지이노스빌",
            "투자타입":"일반",
            "전용면적(m2)":"104.59",
            "전용면적(평)":"31평",
            "법정동주소":"대전시 유성구 하기동 513",
            "도로명주소":"대전시 유성구 노은로 353",
            "세대수":80,
            "입주년차":40,
            "용적률점수":"--",
            "건폐율점수":"--",
            "세대당주차수":30,
            "난방방식":30,
            "공급면적":"--",
            "전용률":"--",
            "욕실수":100,
            "현관타입":100,
            "주거총점":63.5,
            "지역구공급총점":0.0,
            "역세권":"NA",
            "30분내 이동가능 거점":"NA",
            "1시간내 이동가능 거점":"NA",
            "교통총점":"NA",
            "백화점":0,
            "아울렛몰":0,
            "대형마트":100,
            "은행":0,
            "병원":10,
            "종합병원":80,
            "공원":100,
            "혐오시설":0,
            "인프라총점":35.0,
            "초등학군":86.74,
            "중학군":53.84,
            "학군총점":60.42,
            "인구수":40.91,
            "인구증감":-8.31,
            "인구총점":26.144,
            "일자리":23.4,
            "소득수준":70.9,
            "일자리총점":37.65,
            "가치 총점":51.33,
            "매매실거래년":20211110.0,
            "매매실거래가":54000.0,
            "전세실거래년":20210811.0,
            "전세실거래가":37000.0,
            "전세가율":80.43,
            "장기전세가율평균":73.28,
            "전세가율거품지수":-7.15,
            "검색코드":12941,
            "세대수":713,
            "준공년월":"2005-06-02",
            "준공년차":18,
            "가까운역이름":"NA",
            "가까운역거리":"NA",
            "역세권여부":"NA",
            "30분이내주요거점역":"NA",
            "1시간이내주요거점역":"NA",
            "3km이내백화점수":0,
            "5km이내아울렛몰수":0,
            "1km이내대형먀트수":2,
            "500m이내은행수":0,
            "500m이내병원수":2,
            "5km이내대형병원수":1,
            "500m이내공원수":3,
            "3km이내혐오시설수":0,
            "초등학교학업성취도":86.74,
            "중학교학업성취도":88.2,
            "용적률":191,
            "건폐율":14,
            "Y":36.390422,
            "X":127.32248,
            "rank":44.0,
            "area_info":"31평(104.59), 35평(116.96)",
            "last_sales":"2021-11-10,54000.0,35평(116.96)"
        },
        {
            "index":39,
            "아파트명":"대덕테크노밸리4단지스윗닷홈",
            "투자타입":"일반",
            "전용면적(m2)":"109.79",
            "전용면적(평)":"33평",
            "법정동주소":"대전시 유성구 관평동 666",
            "도로명주소":"대전시 유성구 배울1로 35",
            "세대수":50,
            "입주년차":40,
            "용적률점수":"--",
            "건폐율점수":"--",
            "세대당주차수":30,
            "난방방식":100,
            "공급면적":"--",
            "전용률":"--",
            "욕실수":100,
            "현관타입":100,
            "주거총점":60.0,
            "지역구공급총점":0.0,
            "역세권":"NA",
            "30분내 이동가능 거점":"NA",
            "1시간내 이동가능 거점":"NA",
            "교통총점":"NA",
            "백화점":0,
            "아울렛몰":80,
            "대형마트":80,
            "은행":70,
            "병원":60,
            "종합병원":0,
            "공원":100,
            "혐오시설":0,
            "인프라총점":36.0,
            "초등학군":89.0,
            "중학군":56.6,
            "학군총점":63.08,
            "인구수":40.91,
            "인구증감":-8.31,
            "인구총점":26.144,
            "일자리":23.4,
            "소득수준":70.9,
            "일자리총점":37.65,
            "가치 총점":51.17,
            "매매실거래년":20211127.0,
            "매매실거래가":48500.0,
            "전세실거래년":20211224.0,
            "전세실거래가":34000.0,
            "전세가율":70.1,
            "장기전세가율평균":73.28,
            "전세가율거품지수":3.18,
            "검색코드":17467,
            "세대수":498,
            "준공년월":"2006-02-21",
            "준공년차":17,
            "가까운역이름":"NA",
            "가까운역거리":"NA",
            "역세권여부":"NA",
            "30분이내주요거점역":"NA",
            "1시간이내주요거점역":"NA",
            "3km이내백화점수":0,
            "5km이내아울렛몰수":1,
            "1km이내대형먀트수":1,
            "500m이내은행수":3,
            "500m이내병원수":13,
            "5km이내대형병원수":0,
            "500m이내공원수":3,
            "3km이내혐오시설수":0,
            "초등학교학업성취도":89.0,
            "중학교학업성취도":92.0,
            "용적률":219,
            "건폐율":19,
            "Y":36.419924,
            "X":127.38496,
            "rank":45.0,
            "area_info":"33평(109.79), 35평(115.73)",
            "last_sales":"2021-11-27,48500.0,33평(109.79)"
        },
        {
            "index":648,
            "아파트명":"엑스포3단지",
            "투자타입":"일반",
            "전용면적(m2)":"106.81",
            "전용면적(평)":"32평",
            "법정동주소":"대전시 유성구 전민동 464-1",
            "도로명주소":"대전시 유성구 엑스포로 448",
            "세대수":80,
            "입주년차":0,
            "용적률점수":"--",
            "건폐율점수":"--",
            "세대당주차수":30,
            "난방방식":80,
            "공급면적":"--",
            "전용률":"--",
            "욕실수":100,
            "현관타입":100,
            "주거총점":60.5,
            "지역구공급총점":0.0,
            "역세권":"NA",
            "30분내 이동가능 거점":"NA",
            "1시간내 이동가능 거점":"NA",
            "교통총점":"NA",
            "백화점":0,
            "아울렛몰":80,
            "대형마트":0,
            "은행":20,
            "병원":60,
            "종합병원":80,
            "공원":100,
            "혐오시설":-50,
            "인프라총점":34.0,
            "초등학군":90.08,
            "중학군":59.16,
            "학군총점":65.344,
            "인구수":40.91,
            "인구증감":-8.31,
            "인구총점":26.144,
            "일자리":23.4,
            "소득수준":70.9,
            "일자리총점":37.65,
            "가치 총점":51.111,
            "매매실거래년":"18000101",
            "매매실거래가":null,
            "전세실거래년":null,
            "전세실거래가":null,
            "전세가율":null,
            "장기전세가율평균":73.28,
            "전세가율거품지수":null,
            "검색코드":6070,
            "세대수":703,
            "준공년월":"1994-05-30",
            "준공년차":29,
            "가까운역이름":"NA",
            "가까운역거리":"NA",
            "역세권여부":"NA",
            "30분이내주요거점역":"NA",
            "1시간이내주요거점역":"NA",
            "3km이내백화점수":0,
            "5km이내아울렛몰수":1,
            "1km이내대형먀트수":0,
            "500m이내은행수":2,
            "500m이내병원수":15,
            "5km이내대형병원수":1,
            "500m이내공원수":3,
            "3km이내혐오시설수":1,
            "초등학교학업성취도":90.08,
            "중학교학업성취도":94.6,
            "용적률":196,
            "건폐율":15,
            "Y":36.398813,
            "X":127.40914,
            "rank":46.0,
            "area_info":"32평(106.81), 32평(107.81), 43평(143.0), 48평(161.23), 56평(186.93), 56평(187.57)",
            "last_sales":"1800-01-01,nan,32평(106.81)"
        },
        {
            "index":672,
            "아파트명":"죽동금성백조예미지",
            "투자타입":"일반",
            "전용면적(m2)":"98.88",
            "전용면적(평)":"29평",
            "법정동주소":"대전시 유성구 죽동 688",
            "도로명주소":"대전시 유성구 죽동로 321",
            "세대수":90,
            "입주년차":80,
            "용적률점수":"--",
            "건폐율점수":"--",
            "세대당주차수":60,
            "난방방식":30,
            "공급면적":"--",
            "전용률":"--",
            "욕실수":100,
            "현관타입":100,
            "주거총점":79.5,
            "지역구공급총점":0.0,
            "역세권":"NA",
            "30분내 이동가능 거점":"NA",
            "1시간내 이동가능 거점":"NA",
            "교통총점":"NA",
            "백화점":0,
            "아울렛몰":0,
            "대형마트":0,
            "은행":0,
            "병원":30,
            "종합병원":100,
            "공원":100,
            "혐오시설":0,
            "인프라총점":26.0,
            "초등학군":80.94,
            "중학군":43.44,
            "학군총점":50.94,
            "인구수":40.91,
            "인구증감":-8.31,
            "인구총점":26.144,
            "일자리":23.4,
            "소득수준":70.9,
            "일자리총점":37.65,
            "가치 총점":50.96,
            "매매실거래년":20220108.0,
            "매매실거래가":73000.0,
            "전세실거래년":20211226.0,
            "전세실거래가":36000.0,
            "전세가율":48.32,
            "장기전세가율평균":73.28,
            "전세가율거품지수":24.96,
            "검색코드":107708,
            "세대수":998,
            "준공년월":"2016-05-01",
            "준공년차":7,
            "가까운역이름":"NA",
            "가까운역거리":"NA",
            "역세권여부":"NA",
            "30분이내주요거점역":"NA",
            "1시간이내주요거점역":"NA",
            "3km이내백화점수":0,
            "5km이내아울렛몰수":0,
            "1km이내대형먀트수":0,
            "500m이내은행수":0,
            "500m이내병원수":8,
            "5km이내대형병원수":2,
            "500m이내공원수":5,
            "3km이내혐오시설수":0,
            "초등학교학업성취도":80.94,
            "중학교학업성취도":71.2,
            "용적률":199,
            "건폐율":15,
            "Y":36.368358,
            "X":127.336501,
            "rank":47.0,
            "area_info":"29평(98.88), 29평(98.89), 33평(111.75), 33평(111.83), 34평(112.42), 34평(112.89), 34평(112.44), 34평(112.45), 34평(112.47), 34평(112.51), 33평(112.39), 34평(112.52), 34평(113.39), 34평(114.87), 34평(115.5), 40평(134.23), 40평(134.99), 40평(134.32), 41평(135.59), 40평(135.09), 40평(135.15)",
            "last_sales":"2022-01-08,73000.0,34평(112.42)"
        },
        {
            "index":636,
            "아파트명":"엑스포1단지",
            "투자타입":"일반",
            "전용면적(m2)":"106.81",
            "전용면적(평)":"32평",
            "법정동주소":"대전시 유성구 전민동 464-1",
            "도로명주소":"대전시 유성구 엑스포로 448",
            "세대수":90,
            "입주년차":0,
            "용적률점수":"--",
            "건폐율점수":"--",
            "세대당주차수":0,
            "난방방식":80,
            "공급면적":"--",
            "전용률":"--",
            "욕실수":100,
            "현관타입":100,
            "주거총점":59.5,
            "지역구공급총점":0.0,
            "역세권":"NA",
            "30분내 이동가능 거점":"NA",
            "1시간내 이동가능 거점":"NA",
            "교통총점":"NA",
            "백화점":0,
            "아울렛몰":80,
            "대형마트":0,
            "은행":20,
            "병원":60,
            "종합병원":80,
            "공원":80,
            "혐오시설":0,
            "인프라총점":34.4,
            "초등학군":90.08,
            "중학군":59.16,
            "학군총점":65.344,
            "인구수":40.91,
            "인구증감":-8.31,
            "인구총점":26.144,
            "일자리":23.4,
            "소득수준":70.9,
            "일자리총점":37.65,
            "가치 총점":50.921,
            "매매실거래년":"18000101",
            "매매실거래가":null,
            "전세실거래년":null,
            "전세실거래가":null,
            "전세가율":null,
            "장기전세가율평균":73.28,
            "전세가율거품지수":null,
            "검색코드":8679,
            "세대수":906,
            "준공년월":"1994-05-30",
            "준공년차":29,
            "가까운역이름":"NA",
            "가까운역거리":"NA",
            "역세권여부":"NA",
            "30분이내주요거점역":"NA",
            "1시간이내주요거점역":"NA",
            "3km이내백화점수":0,
            "5km이내아울렛몰수":1,
            "1km이내대형먀트수":0,
            "500m이내은행수":2,
            "500m이내병원수":14,
            "5km이내대형병원수":1,
            "500m이내공원수":1,
            "3km이내혐오시설수":0,
            "초등학교학업성취도":90.08,
            "중학교학업성취도":94.6,
            "용적률":181,
            "건폐율":13,
            "Y":36.40247,
            "X":127.406804,
            "rank":48.0,
            "area_info":"32평(106.81), 32평(107.81), 43평(143.0), 48평(161.23), 56평(186.93), 56평(187.57)",
            "last_sales":"1800-01-01,nan,32평(106.81)"
        },
        {
            "index":642,
            "아파트명":"엑스포2단지",
            "투자타입":"일반",
            "전용면적(m2)":"106.81",
            "전용면적(평)":"32평",
            "법정동주소":"대전시 유성구 전민동 464-1",
            "도로명주소":"대전시 유성구 엑스포로 448",
            "세대수":90,
            "입주년차":0,
            "용적률점수":"--",
            "건폐율점수":"--",
            "세대당주차수":0,
            "난방방식":80,
            "공급면적":"--",
            "전용률":"--",
            "욕실수":100,
            "현관타입":100,
            "주거총점":59.5,
            "지역구공급총점":0.0,
            "역세권":"NA",
            "30분내 이동가능 거점":"NA",
            "1시간내 이동가능 거점":"NA",
            "교통총점":"NA",
            "백화점":0,
            "아울렛몰":80,
            "대형마트":0,
            "은행":20,
            "병원":60,
            "종합병원":80,
            "공원":80,
            "혐오시설":0,
            "인프라총점":34.4,
            "초등학군":90.08,
            "중학군":59.16,
            "학군총점":65.344,
            "인구수":40.91,
            "인구증감":-8.31,
            "인구총점":26.144,
            "일자리":23.4,
            "소득수준":70.9,
            "일자리총점":37.65,
            "가치 총점":50.921,
            "매매실거래년":20220113.0,
            "매매실거래가":54000.0,
            "전세실거래년":20220109.0,
            "전세실거래가":20000.0,
            "전세가율":41.67,
            "장기전세가율평균":73.28,
            "전세가율거품지수":31.61,
            "검색코드":8680,
            "세대수":972,
            "준공년월":"1994-05-30",
            "준공년차":29,
            "가까운역이름":"NA",
            "가까운역거리":"NA",
            "역세권여부":"NA",
            "30분이내주요거점역":"NA",
            "1시간이내주요거점역":"NA",
            "3km이내백화점수":0,
            "5km이내아울렛몰수":1,
            "1km이내대형먀트수":0,
            "500m이내은행수":2,
            "500m이내병원수":14,
            "5km이내대형병원수":1,
            "500m이내공원수":1,
            "3km이내혐오시설수":0,
            "초등학교학업성취도":90.08,
            "중학교학업성취도":94.6,
            "용적률":196,
            "건폐율":15,
            "Y":36.401563,
            "X":127.409275,
            "rank":48.0,
            "area_info":"32평(106.81), 32평(107.81), 43평(143.0), 48평(161.23), 56평(186.93), 56평(187.57)",
            "last_sales":"2022-01-13,54000.0,48평(161.23)"
        },
        {
            "index":59,
            "아파트명":"미메이드",
            "투자타입":"일반",
            "전용면적(m2)":"112.6",
            "전용면적(평)":"34평",
            "법정동주소":"대전시 유성구 교촌동 616",
            "도로명주소":"대전시 유성구 진잠로149번길 30",
            "세대수":80,
            "입주년차":40,
            "용적률점수":"--",
            "건폐율점수":"--",
            "세대당주차수":30,
            "난방방식":30,
            "공급면적":"--",
            "전용률":"--",
            "욕실수":100,
            "현관타입":100,
            "주거총점":63.5,
            "지역구공급총점":0.0,
            "역세권":"NA",
            "30분내 이동가능 거점":"NA",
            "1시간내 이동가능 거점":"NA",
            "교통총점":"NA",
            "백화점":0,
            "아울렛몰":0,
            "대형마트":100,
            "은행":0,
            "병원":0,
            "종합병원":100,
            "공원":100,
            "혐오시설":0,
            "인프라총점":38.0,
            "초등학군":86.94,
            "중학군":45.08,
            "학군총점":53.452,
            "인구수":40.91,
            "인구증감":-8.31,
            "인구총점":26.144,
            "일자리":23.4,
            "소득수준":70.9,
            "일자리총점":37.65,
            "가치 총점":50.788,
            "매매실거래년":20220113.0,
            "매매실거래가":41800.0,
            "전세실거래년":20220109.0,
            "전세실거래가":21000.0,
            "전세가율":50.24,
            "장기전세가율평균":73.28,
            "전세가율거품지수":23.04,
            "검색코드":19623,
            "세대수":737,
            "준공년월":"2006-11-30",
            "준공년차":17,
            "가까운역이름":"NA",
            "가까운역거리":"NA",
            "역세권여부":"NA",
            "30분이내주요거점역":"NA",
            "1시간이내주요거점역":"NA",
            "3km이내백화점수":0,
            "5km이내아울렛몰수":0,
            "1km이내대형먀트수":2,
            "500m이내은행수":0,
            "500m이내병원수":1,
            "5km이내대형병원수":2,
            "500m이내공원수":2,
            "3km이내혐오시설수":0,
            "초등학교학업성취도":86.94,
            "중학교학업성취도":73.6,
            "용적률":218,
            "건폐율":16,
            "Y":36.306178,
            "X":127.318411,
            "rank":49.0,
            "area_info":"34평(112.6), 34평(113.18), 34평(113.05), 45평(151.7)",
            "last_sales":"2022-01-13,41800.0,34평(112.6)"
        },
        {
            "index":195,
            "아파트명":"반석7단지삼부르네상스",
            "투자타입":"일반",
            "전용면적(m2)":"103.55",
            "전용면적(평)":"31평",
            "법정동주소":"대전시 유성구 반석동 612",
            "도로명주소":"대전시 유성구 반석서로 109",
            "세대수":80,
            "입주년차":40,
            "용적률점수":"--",
            "건폐율점수":"--",
            "세대당주차수":30,
            "난방방식":30,
            "공급면적":"--",
            "전용률":"--",
            "욕실수":100,
            "현관타입":100,
            "주거총점":63.5,
            "지역구공급총점":0.0,
            "역세권":"NA",
            "30분내 이동가능 거점":"NA",
            "1시간내 이동가능 거점":"NA",
            "교통총점":"NA",
            "백화점":0,
            "아울렛몰":0,
            "대형마트":80,
            "은행":0,
            "병원":0,
            "종합병원":80,
            "공원":100,
            "혐오시설":0,
            "인프라총점":31.0,
            "초등학군":95.32,
            "중학군":55.3,
            "학군총점":63.304,
            "인구수":40.91,
            "인구증감":-8.31,
            "인구총점":26.144,
            "일자리":23.4,
            "소득수준":70.9,
            "일자리총점":37.65,
            "가치 총점":50.451,
            "매매실거래년":20211213.0,
            "매매실거래가":45500.0,
            "전세실거래년":20211206.0,
            "전세실거래가":19845.0,
            "전세가율":43.62,
            "장기전세가율평균":73.28,
            "전세가율거품지수":29.66,
            "검색코드":10351,
            "세대수":834,
            "준공년월":"2004-11-10",
            "준공년차":19,
            "가까운역이름":"NA",
            "가까운역거리":"NA",
            "역세권여부":"NA",
            "30분이내주요거점역":"NA",
            "1시간이내주요거점역":"NA",
            "3km이내백화점수":0,
            "5km이내아울렛몰수":0,
            "1km이내대형먀트수":1,
            "500m이내은행수":0,
            "500m이내병원수":0,
            "5km이내대형병원수":1,
            "500m이내공원수":2,
            "3km이내혐오시설수":0,
            "초등학교학업성취도":95.32,
            "중학교학업성취도":89.5,
            "용적률":218,
            "건폐율":15,
            "Y":36.396097,
            "X":127.309344,
            "rank":50.0,
            "area_info":"31평(103.55), 34평(112.55), 34평(112.55)",
            "last_sales":"2021-12-13,45500.0,31평(103.55)"
        },
        {
            "index":56,
            "아파트명":"대덕테크노밸리9단지꿈에그린",
            "투자타입":"일반",
            "전용면적(m2)":"111.45",
            "전용면적(평)":"33평",
            "법정동주소":"대전시 유성구 관평동 898",
            "도로명주소":"대전시 유성구 배울2로 19",
            "세대수":30,
            "입주년차":40,
            "용적률점수":"--",
            "건폐율점수":"--",
            "세대당주차수":60,
            "난방방식":100,
            "공급면적":"--",
            "전용률":"--",
            "욕실수":100,
            "현관타입":100,
            "주거총점":57.5,
            "지역구공급총점":0.0,
            "역세권":"NA",
            "30분내 이동가능 거점":"NA",
            "1시간내 이동가능 거점":"NA",
            "교통총점":"NA",
            "백화점":0,
            "아울렛몰":80,
            "대형마트":80,
            "은행":70,
            "병원":60,
            "종합병원":0,
            "공원":100,
            "혐오시설":0,
            "인프라총점":36.0,
            "초등학군":91.68,
            "중학군":56.6,
            "학군총점":63.616,
            "인구수":40.91,
            "인구증감":-8.31,
            "인구총점":26.144,
            "일자리":23.4,
            "소득수준":70.9,
            "일자리총점":37.65,
            "가치 총점":50.429,
            "매매실거래년":20211125.0,
            "매매실거래가":37000.0,
            "전세실거래년":20211209.0,
            "전세실거래가":31500.0,
            "전세가율":85.14,
            "장기전세가율평균":73.28,
            "전세가율거품지수":-11.86,
            "검색코드":100524,
            "세대수":357,
            "준공년월":"2008-01-23",
            "준공년차":15,
            "가까운역이름":"NA",
            "가까운역거리":"NA",
            "역세권여부":"NA",
            "30분이내주요거점역":"NA",
            "1시간이내주요거점역":"NA",
            "3km이내백화점수":0,
            "5km이내아울렛몰수":1,
            "1km이내대형먀트수":1,
            "500m이내은행수":4,
            "500m이내병원수":26,
            "5km이내대형병원수":0,
            "500m이내공원수":4,
            "3km이내혐오시설수":0,
            "초등학교학업성취도":91.68,
            "중학교학업성취도":92.0,
            "용적률":210,
            "건폐율":19,
            "Y":36.422646,
            "X":127.386768,
            "rank":51.0,
            "area_info":"33평(111.45), 44평(145.9), 47평(158.51)",
            "last_sales":"2021-11-25,37000.0,33평(111.45)"
        },
        {
            "index":724,
            "아파트명":"경남아너스빌2차",
            "투자타입":"일반",
            "전용면적(m2)":"105.23",
            "전용면적(평)":"31평",
            "법정동주소":"대전시 유성구 지족동 905-5",
            "도로명주소":"대전시 유성구 은구비남로33번길 5",
            "세대수":0,
            "입주년차":40,
            "용적률점수":"--",
            "건폐율점수":"--",
            "세대당주차수":80,
            "난방방식":30,
            "공급면적":"--",
            "전용률":"--",
            "욕실수":100,
            "현관타입":100,
            "주거총점":43.0,
            "지역구공급총점":0.0,
            "역세권":"NA",
            "30분내 이동가능 거점":"NA",
            "1시간내 이동가능 거점":"NA",
            "교통총점":"NA",
            "백화점":0,
            "아울렛몰":0,
            "대형마트":100,
            "은행":70,
            "병원":80,
            "종합병원":80,
            "공원":100,
            "혐오시설":0,
            "인프라총점":49.0,
            "초등학군":91.36,
            "중학군":55.58,
            "학군총점":62.736,
            "인구수":40.91,
            "인구증감":-8.31,
            "인구총점":26.144,
            "일자리":23.4,
            "소득수준":70.9,
            "일자리총점":37.65,
            "가치 총점":50.334,
            "매매실거래년":20211210.0,
            "매매실거래가":42500.0,
            "전세실거래년":20210524.0,
            "전세실거래가":16250.0,
            "전세가율":73.86,
            "장기전세가율평균":73.28,
            "전세가율거품지수":-0.58,
            "검색코드":17288,
            "세대수":104,
            "준공년월":"2005-12-28",
            "준공년차":18,
            "가까운역이름":"NA",
            "가까운역거리":"NA",
            "역세권여부":"NA",
            "30분이내주요거점역":"NA",
            "1시간이내주요거점역":"NA",
            "3km이내백화점수":0,
            "5km이내아울렛몰수":0,
            "1km이내대형먀트수":2,
            "500m이내은행수":3,
            "500m이내병원수":36,
            "5km이내대형병원수":1,
            "500m이내공원수":4,
            "3km이내혐오시설수":0,
            "초등학교학업성취도":91.36,
            "중학교학업성취도":90.3,
            "용적률":698,
            "건폐율":69,
            "Y":36.372566,
            "X":127.318891,
            "rank":52.0,
            "area_info":"31평(105.23), 31평(105.41), 44평(147.63), 46평(153.04)",
            "last_sales":"2021-12-10,42500.0,46평(153.04)"
        },
        {
            "index":495,
            "아파트명":"한마을",
            "투자타입":"일반",
            "전용면적(m2)":"107.06",
            "전용면적(평)":"32평",
            "법정동주소":"대전시 유성구 송강동 200-4",
            "도로명주소":"대전시 유성구 구즉로 16",
            "세대수":90,
            "입주년차":20,
            "용적률점수":"--",
            "건폐율점수":"--",
            "세대당주차수":60,
            "난방방식":100,
            "공급면적":"--",
            "전용률":"--",
            "욕실수":100,
            "현관타입":100,
            "주거총점":74.5,
            "지역구공급총점":0.0,
            "역세권":"NA",
            "30분내 이동가능 거점":"NA",
            "1시간내 이동가능 거점":"NA",
            "교통총점":"NA",
            "백화점":0,
            "아울렛몰":80,
            "대형마트":80,
            "은행":0,
            "병원":30,
            "종합병원":0,
            "공원":100,
            "혐오시설":0,
            "인프라총점":26.0,
            "초등학군":84.48,
            "중학군":47.34,
            "학군총점":54.768,
            "인구수":40.91,
            "인구증감":-8.31,
            "인구총점":26.144,
            "일자리":23.4,
            "소득수준":70.9,
            "일자리총점":37.65,
            "가치 총점":50.167,
            "매매실거래년":20211216.0,
            "매매실거래가":37600.0,
            "전세실거래년":20211227.0,
            "전세실거래가":27000.0,
            "전세가율":71.81,
            "장기전세가율평균":73.28,
            "전세가율거품지수":1.47,
            "검색코드":6143,
            "세대수":1206,
            "준공년월":"1999-04-29",
            "준공년차":24,
            "가까운역이름":"NA",
            "가까운역거리":"NA",
            "역세권여부":"NA",
            "30분이내주요거점역":"NA",
            "1시간이내주요거점역":"NA",
            "3km이내백화점수":0,
            "5km이내아울렛몰수":1,
            "1km이내대형먀트수":1,
            "500m이내은행수":0,
            "500m이내병원수":5,
            "5km이내대형병원수":0,
            "500m이내공원수":3,
            "3km이내혐오시설수":0,
            "초등학교학업성취도":84.48,
            "중학교학업성취도":78.3,
            "용적률":197,
            "건폐율":20,
            "Y":36.430316,
            "X":127.385135,
            "rank":53.0,
            "area_info":"32평(107.06), 47평(158.47)",
            "last_sales":"2021-12-16,37600.0,32평(107.06)"
        },
        {
            "index":391,
            "아파트명":"좋은하루3차(도시형)",
            "투자타입":"일반",
            "전용면적(m2)":"26.14",
            "전용면적(평)":"7평",
            "법정동주소":"대전시 유성구 봉명동 540-18",
            "도로명주소":"대전시 유성구 온천로107번길 15",
            "세대수":0,
            "입주년차":60,
            "용적률점수":"--",
            "건폐율점수":"--",
            "세대당주차수":0,
            "난방방식":30,
            "공급면적":"--",
            "전용률":"--",
            "욕실수":50,
            "현관타입":50,
            "주거총점":25.0,
            "지역구공급총점":0.0,
            "역세권":"NA",
            "30분내 이동가능 거점":"NA",
            "1시간내 이동가능 거점":"NA",
            "교통총점":"NA",
            "백화점":100,
            "아울렛몰":0,
            "대형마트":80,
            "은행":0,
            "병원":30,
            "종합병원":100,
            "공원":100,
            "혐오시설":0,
            "인프라총점":68.0,
            "초등학군":89.74,
            "중학군":48.6,
            "학군총점":56.828,
            "인구수":40.91,
            "인구증감":-8.31,
            "인구총점":26.144,
            "일자리":23.4,
            "소득수준":70.9,
            "일자리총점":37.65,
            "가치 총점":50.157,
            "매매실거래년":20211008.0,
            "매매실거래가":7000.0,
            "전세실거래년":20210721.0,
            "전세실거래가":5000.0,
            "전세가율":87.72,
            "장기전세가율평균":73.28,
            "전세가율거품지수":-14.44,
            "검색코드":107306,
            "세대수":140,
            "준공년월":"2013-05-10",
            "준공년차":10,
            "가까운역이름":"NA",
            "가까운역거리":"NA",
            "역세권여부":"NA",
            "30분이내주요거점역":"NA",
            "1시간이내주요거점역":"NA",
            "3km이내백화점수":1,
            "5km이내아울렛몰수":0,
            "1km이내대형먀트수":1,
            "500m이내은행수":1,
            "500m이내병원수":9,
            "5km이내대형병원수":2,
            "500m이내공원수":4,
            "3km이내혐오시설수":0,
            "초등학교학업성취도":89.74,
            "중학교학업성취도":79.2,
            "용적률":642,
            "건폐율":66,
            "Y":36.354966,
            "X":127.349773,
            "rank":54.0,
            "area_info":"7평(26.14), 8평(28.63), 9평(30.48), 9평(30.92), 9평(30.94), 9평(31.89)",
            "last_sales":"2021-10-08,7000.0,9평(31.89)"
        },
        {
            "index":167,
            "아파트명":"스타빌플러스(도시형)",
            "투자타입":"일반",
            "전용면적(m2)":"38.78",
            "전용면적(평)":"11평",
            "법정동주소":"대전시 유성구 도룡동 399-22",
            "도로명주소":"대전시 유성구 대덕대로 524",
            "세대수":0,
            "입주년차":100,
            "용적률점수":"--",
            "건폐율점수":"--",
            "세대당주차수":0,
            "난방방식":30,
            "공급면적":"--",
            "전용률":"--",
            "욕실수":50,
            "현관타입":100,
            "주거총점":38.0,
            "지역구공급총점":0.0,
            "역세권":"NA",
            "30분내 이동가능 거점":"NA",
            "1시간내 이동가능 거점":"NA",
            "교통총점":"NA",
            "백화점":100,
            "아울렛몰":0,
            "대형마트":0,
            "은행":0,
            "병원":0,
            "종합병원":100,
            "공원":80,
            "혐오시설":0,
            "인프라총점":52.4,
            "초등학군":84.3,
            "중학군":58.2,
            "학군총점":63.42,
            "인구수":40.91,
            "인구증감":-8.31,
            "인구총점":26.144,
            "일자리":23.4,
            "소득수준":70.9,
            "일자리총점":37.65,
            "가치 총점":50.115,
            "매매실거래년":20211005.0,
            "매매실거래가":15284.0,
            "전세실거래년":20200702.0,
            "전세실거래가":10000.0,
            "전세가율":65.43,
            "장기전세가율평균":73.28,
            "전세가율거품지수":7.85,
            "검색코드":128217,
            "세대수":150,
            "준공년월":"2019-12-13",
            "준공년차":4,
            "가까운역이름":"NA",
            "가까운역거리":"NA",
            "역세권여부":"NA",
            "30분이내주요거점역":"NA",
            "1시간이내주요거점역":"NA",
            "3km이내백화점수":1,
            "5km이내아울렛몰수":0,
            "1km이내대형먀트수":0,
            "500m이내은행수":0,
            "500m이내병원수":0,
            "5km이내대형병원수":3,
            "500m이내공원수":1,
            "3km이내혐오시설수":0,
            "초등학교학업성취도":84.3,
            "중학교학업성취도":93.2,
            "용적률":589,
            "건폐율":59,
            "Y":36.379712,
            "X":127.379028,
            "rank":55.0,
            "area_info":"11평(38.78), 11평(38.77), 11평(39.02)",
            "last_sales":"2021-10-05,15284.0,11평(38.78)"
        },
        {
            "index":594,
            "아파트명":"싸이언스빌",
            "투자타입":"일반",
            "전용면적(m2)":"176.34",
            "전용면적(평)":"53평",
            "법정동주소":"대전시 유성구 원촌동 257-23",
            "도로명주소":"대전시 유성구 엑스포로339번길 320",
            "세대수":0,
            "입주년차":40,
            "용적률점수":"--",
            "건폐율점수":"--",
            "세대당주차수":0,
            "난방방식":30,
            "공급면적":"--",
            "전용률":"--",
            "욕실수":100,
            "현관타입":100,
            "주거총점":31.0,
            "지역구공급총점":0.0,
            "역세권":"NA",
            "30분내 이동가능 거점":"NA",
            "1시간내 이동가능 거점":"NA",
            "교통총점":"NA",
            "백화점":100,
            "아울렛몰":80,
            "대형마트":0,
            "은행":0,
            "병원":0,
            "종합병원":100,
            "공원":0,
            "혐오시설":0,
            "인프라총점":58.0,
            "초등학군":84.3,
            "중학군":58.2,
            "학군총점":63.42,
            "인구수":40.91,
            "인구증감":-8.31,
            "인구총점":26.144,
            "일자리":23.4,
            "소득수준":70.9,
            "일자리총점":37.65,
            "가치 총점":49.905,
            "매매실거래년":"18000101",
            "매매실거래가":null,
            "전세실거래년":null,
            "전세실거래가":null,
            "전세가율":null,
            "장기전세가율평균":73.28,
            "전세가율거품지수":null,
            "검색코드":104749,
            "세대수":152,
            "준공년월":"2007-06-04",
            "준공년차":16,
            "가까운역이름":"NA",
            "가까운역거리":"NA",
            "역세권여부":"NA",
            "30분이내주요거점역":"NA",
            "1시간이내주요거점역":"NA",
            "3km이내백화점수":1,
            "5km이내아울렛몰수":1,
            "1km이내대형먀트수":0,
            "500m이내은행수":0,
            "500m이내병원수":0,
            "5km이내대형병원수":2,
            "500m이내공원수":0,
            "3km이내혐오시설수":0,
            "초등학교학업성취도":84.3,
            "중학교학업성취도":93.2,
            "용적률":0,
            "건폐율":0,
            "Y":36.386555,
            "X":127.387577,
            "rank":56.0,
            "area_info":"53평(176.34), 53평(176.52), 53평(176.52), 63평(210.13), 73평(243.72), 73평(243.88), 86평(286.65)",
            "last_sales":"1800-01-01,nan,53평(176.34)"
        },
        {
            "index":768,
            "아파트명":"반석1단지호반리젠시빌",
            "투자타입":"일반",
            "전용면적(m2)":"98.16",
            "전용면적(평)":"29평",
            "법정동주소":"대전시 유성구 지족동 977",
            "도로명주소":"대전시 유성구 지족로 317",
            "세대수":50,
            "입주년차":40,
            "용적률점수":"--",
            "건폐율점수":"--",
            "세대당주차수":30,
            "난방방식":30,
            "공급면적":"--",
            "전용률":"--",
            "욕실수":100,
            "현관타입":100,
            "주거총점":53.0,
            "지역구공급총점":0.0,
            "역세권":"NA",
            "30분내 이동가능 거점":"NA",
            "1시간내 이동가능 거점":"NA",
            "교통총점":"NA",
            "백화점":0,
            "아울렛몰":0,
            "대형마트":80,
            "은행":0,
            "병원":80,
            "종합병원":80,
            "공원":100,
            "혐오시설":0,
            "인프라총점":39.0,
            "초등학군":91.08,
            "중학군":55.3,
            "학군총점":62.456,
            "인구수":40.91,
            "인구증감":-8.31,
            "인구총점":26.144,
            "일자리":23.4,
            "소득수준":70.9,
            "일자리총점":37.65,
            "가치 총점":49.764,
            "매매실거래년":20211111.0,
            "매매실거래가":64500.0,
            "전세실거래년":20210610.0,
            "전세실거래가":18000.0,
            "전세가율":33.52,
            "장기전세가율평균":73.28,
            "전세가율거품지수":39.76,
            "검색코드":11049,
            "세대수":536,
            "준공년월":"2005-02-18",
            "준공년차":18,
            "가까운역이름":"NA",
            "가까운역거리":"NA",
            "역세권여부":"NA",
            "30분이내주요거점역":"NA",
            "1시간이내주요거점역":"NA",
            "3km이내백화점수":0,
            "5km이내아울렛몰수":0,
            "1km이내대형먀트수":1,
            "500m이내은행수":0,
            "500m이내병원수":33,
            "5km이내대형병원수":1,
            "500m이내공원수":3,
            "3km이내혐오시설수":0,
            "초등학교학업성취도":91.08,
            "중학교학업성취도":89.5,
            "용적률":218,
            "건폐율":16,
            "Y":36.388675,
            "X":127.311694,
            "rank":57.0,
            "area_info":"29평(98.16), 34평(113.12), 34평(115.12)",
            "last_sales":"2021-11-11,64500.0,34평(115.12)"
        },
        {
            "index":18,
            "아파트명":"학하리슈빌학의뜰",
            "투자타입":"일반",
            "전용면적(m2)":"112.83",
            "전용면적(평)":"34평",
            "법정동주소":"대전시 유성구 계산동 749",
            "도로명주소":"대전시 유성구 학하로 33",
            "세대수":80,
            "입주년차":60,
            "용적률점수":"--",
            "건폐율점수":"--",
            "세대당주차수":60,
            "난방방식":100,
            "공급면적":"--",
            "전용률":"--",
            "욕실수":100,
            "현관타입":100,
            "주거총점":79.0,
            "지역구공급총점":0.0,
            "역세권":"NA",
            "30분내 이동가능 거점":"NA",
            "1시간내 이동가능 거점":"NA",
            "교통총점":"NA",
            "백화점":0,
            "아울렛몰":0,
            "대형마트":0,
            "은행":0,
            "병원":0,
            "종합병원":80,
            "공원":80,
            "혐오시설":0,
            "인프라총점":18.4,
            "초등학군":91.8,
            "중학군":50.64,
            "학군총점":58.872,
            "인구수":40.91,
            "인구증감":-8.31,
            "인구총점":26.144,
            "일자리":23.4,
            "소득수준":70.9,
            "일자리총점":37.65,
            "가치 총점":49.728,
            "매매실거래년":20211212.0,
            "매매실거래가":71500.0,
            "전세실거래년":20211217.0,
            "전세실거래가":24000.0,
            "전세가율":43.24,
            "장기전세가율평균":73.28,
            "전세가율거품지수":30.04,
            "검색코드":100350,
            "세대수":704,
            "준공년월":"2011-08-29",
            "준공년차":12,
            "가까운역이름":"NA",
            "가까운역거리":"NA",
            "역세권여부":"NA",
            "30분이내주요거점역":"NA",
            "1시간이내주요거점역":"NA",
            "3km이내백화점수":0,
            "5km이내아울렛몰수":0,
            "1km이내대형먀트수":0,
            "500m이내은행수":0,
            "500m이내병원수":1,
            "5km이내대형병원수":1,
            "500m이내공원수":1,
            "3km이내혐오시설수":0,
            "초등학교학업성취도":91.8,
            "중학교학업성취도":82.6,
            "용적률":206,
            "건폐율":16,
            "Y":36.337735,
            "X":127.301928,
            "rank":58.0,
            "area_info":"34평(112.83), 34평(115.24), 39평(132.18), 47평(158.66)",
            "last_sales":"2021-12-12,71500.0,47평(158.66)"
        },
        {
            "index":397,
            "아파트명":"투유1차",
            "투자타입":"일반",
            "전용면적(m2)":"46.27",
            "전용면적(평)":"13평",
            "법정동주소":"대전시 유성구 봉명동 692-6",
            "도로명주소":"대전시 유성구 온천북로 73",
            "세대수":0,
            "입주년차":40,
            "용적률점수":"--",
            "건폐율점수":"--",
            "세대당주차수":0,
            "난방방식":30,
            "공급면적":"--",
            "전용률":"--",
            "욕실수":50,
            "현관타입":100,
            "주거총점":26.0,
            "지역구공급총점":0.0,
            "역세권":"NA",
            "30분내 이동가능 거점":"NA",
            "1시간내 이동가능 거점":"NA",
            "교통총점":"NA",
            "백화점":100,
            "아울렛몰":0,
            "대형마트":80,
            "은행":0,
            "병원":10,
            "종합병원":100,
            "공원":100,
            "혐오시설":0,
            "인프라총점":66.0,
            "초등학군":89.74,
            "중학군":48.6,
            "학군총점":56.828,
            "인구수":40.91,
            "인구증감":-8.31,
            "인구총점":26.144,
            "일자리":23.4,
            "소득수준":70.9,
            "일자리총점":37.65,
            "가치 총점":49.707,
            "매매실거래년":20211201.0,
            "매매실거래가":8300.0,
            "전세실거래년":20210315.0,
            "전세실거래가":6500.0,
            "전세가율":90.28,
            "장기전세가율평균":73.28,
            "전세가율거품지수":-17.0,
            "검색코드":23002,
            "세대수":132,
            "준공년월":"2004-11-16",
            "준공년차":19,
            "가까운역이름":"NA",
            "가까운역거리":"NA",
            "역세권여부":"NA",
            "30분이내주요거점역":"NA",
            "1시간이내주요거점역":"NA",
            "3km이내백화점수":1,
            "5km이내아울렛몰수":0,
            "1km이내대형먀트수":1,
            "500m이내은행수":0,
            "500m이내병원수":4,
            "5km이내대형병원수":2,
            "500m이내공원수":4,
            "3km이내혐오시설수":0,
            "초등학교학업성취도":89.74,
            "중학교학업성취도":79.2,
            "용적률":547,
            "건폐율":53,
            "Y":36.356433,
            "X":127.351109,
            "rank":59.0,
            "area_info":"13평(46.27), 15평(51.73), 16평(55.82), 32평(108.68)",
            "last_sales":"2021-12-01,8300.0,16평(55.82)"
        },
        {
            "index":444,
            "아파트명":"대전아이파크시티2단지",
            "투자타입":"일반",
            "전용면적(m2)":"111.56",
            "전용면적(평)":"33평",
            "법정동주소":"대전시 유성구 상대동 580",
            "도로명주소":"대전시 유성구 상대복용로29번길 51",
            "세대수":90,
            "입주년차":100,
            "용적률점수":"--",
            "건폐율점수":"--",
            "세대당주차수":80,
            "난방방식":100,
            "공급면적":"--",
            "전용률":"--",
            "욕실수":100,
            "현관타입":100,
            "주거총점":93.5,
            "지역구공급총점":0.0,
            "역세권":"NA",
            "30분내 이동가능 거점":"NA",
            "1시간내 이동가능 거점":"NA",
            "교통총점":"NA",
            "백화점":0,
            "아울렛몰":0,
            "대형마트":0,
            "은행":0,
            "병원":0,
            "종합병원":100,
            "공원":80,
            "혐오시설":0,
            "인프라총점":22.4,
            "초등학군":89.0,
            "중학군":17.04,
            "학군총점":31.432,
            "인구수":40.91,
            "인구증감":-8.31,
            "인구총점":26.144,
            "일자리":23.4,
            "소득수준":70.9,
            "일자리총점":37.65,
            "가치 총점":49.543,
            "매매실거래년":"18000101",
            "매매실거래가":null,
            "전세실거래년":null,
            "전세실거래가":null,
            "전세가율":null,
            "장기전세가율평균":73.28,
            "전세가율거품지수":null,
            "검색코드":125317,
            "세대수":1306,
            "준공년월":"2021-10-29",
            "준공년차":2,
            "가까운역이름":"NA",
            "가까운역거리":"NA",
            "역세권여부":"NA",
            "30분이내주요거점역":"NA",
            "1시간이내주요거점역":"NA",
            "3km이내백화점수":0,
            "5km이내아울렛몰수":0,
            "1km이내대형먀트수":0,
            "500m이내은행수":0,
            "500m이내병원수":0,
            "5km이내대형병원수":3,
            "500m이내공원수":1,
            "3km이내혐오시설수":0,
            "초등학교학업성취도":89.0,
            "중학교학업성취도":28.4,
            "용적률":219,
            "건폐율":14,
            "Y":36.335322,
            "X":127.331877,
            "rank":60.0,
            "area_info":"33평(111.56), 33평(112.15), 40평(134.38), 40평(134.41), 46평(152.93), 53평(178.0), 68평(226.24), 89평(295.12)",
            "last_sales":"1800-01-01,nan,33평(111.56)"
        },
        {
            "index":654,
            "아파트명":"엑스포4단지",
            "투자타입":"일반",
            "전용면적(m2)":"106.81",
            "전용면적(평)":"32평",
            "법정동주소":"대전시 유성구 전민동 464-1",
            "도로명주소":"대전시 유성구 엑스포로 448",
            "세대수":80,
            "입주년차":0,
            "용적률점수":"--",
            "건폐율점수":"--",
            "세대당주차수":0,
            "난방방식":80,
            "공급면적":"--",
            "전용률":"--",
            "욕실수":100,
            "현관타입":100,
            "주거총점":56.0,
            "지역구공급총점":0.0,
            "역세권":"NA",
            "30분내 이동가능 거점":"NA",
            "1시간내 이동가능 거점":"NA",
            "교통총점":"NA",
            "백화점":0,
            "아울렛몰":80,
            "대형마트":0,
            "은행":20,
            "병원":60,
            "종합병원":80,
            "공원":100,
            "혐오시설":-50,
            "인프라총점":34.0,
            "초등학군":90.08,
            "중학군":59.16,
            "학군총점":65.344,
            "인구수":40.91,
            "인구증감":-8.31,
            "인구총점":26.144,
            "일자리":23.4,
            "소득수준":70.9,
            "일자리총점":37.65,
            "가치 총점":49.536,
            "매매실거래년":"18000101",
            "매매실거래가":null,
            "전세실거래년":null,
            "전세실거래가":null,
            "전세가율":null,
            "장기전세가율평균":73.28,
            "전세가율거품지수":null,
            "검색코드":8574,
            "세대수":873,
            "준공년월":"1994-05-30",
            "준공년차":29,
            "가까운역이름":"NA",
            "가까운역거리":"NA",
            "역세권여부":"NA",
            "30분이내주요거점역":"NA",
            "1시간이내주요거점역":"NA",
            "3km이내백화점수":0,
            "5km이내아울렛몰수":1,
            "1km이내대형먀트수":0,
            "500m이내은행수":2,
            "500m이내병원수":16,
            "5km이내대형병원수":1,
            "500m이내공원수":4,
            "3km이내혐오시설수":1,
            "초등학교학업성취도":90.08,
            "중학교학업성취도":94.6,
            "용적률":196,
            "건폐율":15,
            "Y":36.39727,
            "X":127.406911,
            "rank":61.0,
            "area_info":"32평(106.81), 32평(107.81), 43평(143.0), 48평(161.23), 56평(186.93), 56평(187.57)",
            "last_sales":"1800-01-01,nan,32평(106.81)"
        },
        {
            "index":763,
            "아파트명":"노은해랑숲마을6단지",
            "투자타입":"일반",
            "전용면적(m2)":"97.81",
            "전용면적(평)":"29평",
            "법정동주소":"대전시 유성구 지족동 1031",
            "도로명주소":"대전시 유성구 지족동로 123",
            "세대수":30,
            "입주년차":80,
            "용적률점수":"--",
            "건폐율점수":"--",
            "세대당주차수":30,
            "난방방식":100,
            "공급면적":"--",
            "전용률":"--",
            "욕실수":100,
            "현관타입":100,
            "주거총점":61.0,
            "지역구공급총점":0.0,
            "역세권":"NA",
            "30분내 이동가능 거점":"NA",
            "1시간내 이동가능 거점":"NA",
            "교통총점":"NA",
            "백화점":0,
            "아울렛몰":0,
            "대형마트":80,
            "은행":0,
            "병원":60,
            "종합병원":80,
            "공원":100,
            "혐오시설":0,
            "인프라총점":37.0,
            "초등학군":90.1,
            "중학군":43.96,
            "학군총점":53.188,
            "인구수":40.91,
            "인구증감":-8.31,
            "인구총점":26.144,
            "일자리":23.4,
            "소득수준":70.9,
            "일자리총점":37.65,
            "가치 총점":49.447,
            "매매실거래년":20220104.0,
            "매매실거래가":43800.0,
            "전세실거래년":20211012.0,
            "전세실거래가":23100.0,
            "전세가율":49.15,
            "장기전세가율평균":73.28,
            "전세가율거품지수":24.13,
            "검색코드":106497,
            "세대수":342,
            "준공년월":"2014-06-02",
            "준공년차":9,
            "가까운역이름":"NA",
            "가까운역거리":"NA",
            "역세권여부":"NA",
            "30분이내주요거점역":"NA",
            "1시간이내주요거점역":"NA",
            "3km이내백화점수":0,
            "5km이내아울렛몰수":0,
            "1km이내대형먀트수":1,
            "500m이내은행수":0,
            "500m이내병원수":13,
            "5km이내대형병원수":1,
            "500m이내공원수":5,
            "3km이내혐오시설수":0,
            "초등학교학업성취도":90.1,
            "중학교학업성취도":72.2,
            "용적률":178,
            "건폐율":20,
            "Y":36.385686,
            "X":127.307586,
            "rank":62.0,
            "area_info":"29평(97.81), 29평(97.77), 29평(97.81), 33평(110.84), 33평(110.84)",
            "last_sales":"2022-01-04,43800.0,29평(97.77)"
        },
        {
            "index":810,
            "아파트명":"송림2단지이노스빌",
            "투자타입":"일반",
            "전용면적(m2)":"113.92",
            "전용면적(평)":"34평",
            "법정동주소":"대전시 유성구 하기동 516",
            "도로명주소":"대전시 유성구 송림로 20",
            "세대수":50,
            "입주년차":40,
            "용적률점수":"--",
            "건폐율점수":"--",
            "세대당주차수":30,
            "난방방식":30,
            "공급면적":"--",
            "전용률":"--",
            "욕실수":100,
            "현관타입":100,
            "주거총점":53.0,
            "지역구공급총점":0.0,
            "역세권":"NA",
            "30분내 이동가능 거점":"NA",
            "1시간내 이동가능 거점":"NA",
            "교통총점":"NA",
            "백화점":0,
            "아울렛몰":0,
            "대형마트":100,
            "은행":20,
            "병원":30,
            "종합병원":80,
            "공원":100,
            "혐오시설":0,
            "인프라총점":39.0,
            "초등학군":86.74,
            "중학군":53.84,
            "학군총점":60.42,
            "인구수":40.91,
            "인구증감":-8.31,
            "인구총점":26.144,
            "일자리":23.4,
            "소득수준":70.9,
            "일자리총점":37.65,
            "가치 총점":49.255,
            "매매실거래년":20211102.0,
            "매매실거래가":51000.0,
            "전세실거래년":20211215.0,
            "전세실거래가":26250.0,
            "전세가율":47.38,
            "장기전세가율평균":73.28,
            "전세가율거품지수":25.9,
            "검색코드":10268,
            "세대수":477,
            "준공년월":"2004-09-08",
            "준공년차":19,
            "가까운역이름":"NA",
            "가까운역거리":"NA",
            "역세권여부":"NA",
            "30분이내주요거점역":"NA",
            "1시간이내주요거점역":"NA",
            "3km이내백화점수":0,
            "5km이내아울렛몰수":0,
            "1km이내대형먀트수":2,
            "500m이내은행수":2,
            "500m이내병원수":6,
            "5km이내대형병원수":1,
            "500m이내공원수":4,
            "3km이내혐오시설수":0,
            "초등학교학업성취도":86.74,
            "중학교학업성취도":88.2,
            "용적률":212,
            "건폐율":16,
            "Y":36.387519,
            "X":127.320644,
            "rank":63.0,
            "area_info":"34평(113.92), 35평(116.77), 37평(122.45)",
            "last_sales":"2021-11-02,51000.0,37평(122.45)"
        },
        {
            "index":807,
            "아파트명":"송림1단지호반리젠시빌",
            "투자타입":"일반",
            "전용면적(m2)":"98.81",
            "전용면적(평)":"29평",
            "법정동주소":"대전시 유성구 하기동 512",
            "도로명주소":"대전시 유성구 송림로 13",
            "세대수":50,
            "입주년차":40,
            "용적률점수":"--",
            "건폐율점수":"--",
            "세대당주차수":30,
            "난방방식":30,
            "공급면적":"--",
            "전용률":"--",
            "욕실수":100,
            "현관타입":100,
            "주거총점":53.0,
            "지역구공급총점":0.0,
            "역세권":"NA",
            "30분내 이동가능 거점":"NA",
            "1시간내 이동가능 거점":"NA",
            "교통총점":"NA",
            "백화점":0,
            "아울렛몰":0,
            "대형마트":100,
            "은행":20,
            "병원":30,
            "종합병원":80,
            "공원":100,
            "혐오시설":0,
            "인프라총점":39.0,
            "초등학군":86.74,
            "중학군":53.84,
            "학군총점":60.42,
            "인구수":40.91,
            "인구증감":-8.31,
            "인구총점":26.144,
            "일자리":23.4,
            "소득수준":70.9,
            "일자리총점":37.65,
            "가치 총점":49.255,
            "매매실거래년":20210930.0,
            "매매실거래가":53000.0,
            "전세실거래년":20211211.0,
            "전세실거래가":25000.0,
            "전세가율":53.76,
            "장기전세가율평균":73.28,
            "전세가율거품지수":19.52,
            "검색코드":11051,
            "세대수":452,
            "준공년월":"2005-02-18",
            "준공년차":18,
            "가까운역이름":"NA",
            "가까운역거리":"NA",
            "역세권여부":"NA",
            "30분이내주요거점역":"NA",
            "1시간이내주요거점역":"NA",
            "3km이내백화점수":0,
            "5km이내아울렛몰수":0,
            "1km이내대형먀트수":2,
            "500m이내은행수":2,
            "500m이내병원수":8,
            "5km이내대형병원수":1,
            "500m이내공원수":3,
            "3km이내혐오시설수":0,
            "초등학교학업성취도":86.74,
            "중학교학업성취도":88.2,
            "용적률":218,
            "건폐율":16,
            "Y":36.388732,
            "X":127.318415,
            "rank":63.0,
            "area_info":"29평(98.81), 34평(114.37), 34평(115.32)",
            "last_sales":"2021-09-30,53000.0,34평(115.32)"
        },
        {
            "index":192,
            "아파트명":"반석6단지삼부르네상스",
            "투자타입":"일반",
            "전용면적(m2)":"116.61",
            "전용면적(평)":"35평",
            "법정동주소":"대전시 유성구 반석동 613",
            "도로명주소":"대전시 유성구 반석서로 98",
            "세대수":50,
            "입주년차":40,
            "용적률점수":"--",
            "건폐율점수":"--",
            "세대당주차수":30,
            "난방방식":30,
            "공급면적":"--",
            "전용률":"--",
            "욕실수":100,
            "현관타입":100,
            "주거총점":53.0,
            "지역구공급총점":0.0,
            "역세권":"NA",
            "30분내 이동가능 거점":"NA",
            "1시간내 이동가능 거점":"NA",
            "교통총점":"NA",
            "백화점":0,
            "아울렛몰":0,
            "대형마트":80,
            "은행":0,
            "병원":60,
            "종합병원":80,
            "공원":100,
            "혐오시설":0,
            "인프라총점":37.0,
            "초등학군":95.32,
            "중학군":55.3,
            "학군총점":63.304,
            "인구수":40.91,
            "인구증감":-8.31,
            "인구총점":26.144,
            "일자리":23.4,
            "소득수준":70.9,
            "일자리총점":37.65,
            "가치 총점":49.176,
            "매매실거래년":20211211.0,
            "매매실거래가":63700.0,
            "전세실거래년":20211126.0,
            "전세실거래가":23000.0,
            "전세가율":41.97,
            "장기전세가율평균":73.28,
            "전세가율거품지수":31.31,
            "검색코드":11047,
            "세대수":642,
            "준공년월":"2005-04-28",
            "준공년차":18,
            "가까운역이름":"NA",
            "가까운역거리":"NA",
            "역세권여부":"NA",
            "30분이내주요거점역":"NA",
            "1시간이내주요거점역":"NA",
            "3km이내백화점수":0,
            "5km이내아울렛몰수":0,
            "1km이내대형먀트수":1,
            "500m이내은행수":0,
            "500m이내병원수":13,
            "5km이내대형병원수":1,
            "500m이내공원수":2,
            "3km이내혐오시설수":0,
            "초등학교학업성취도":95.32,
            "중학교학업성취도":89.5,
            "용적률":212,
            "건폐율":15,
            "Y":36.394686,
            "X":127.308453,
            "rank":64.0,
            "area_info":"35평(116.61), 35평(117.94), 36평(122.21)",
            "last_sales":"2021-12-11,63700.0,36평(122.21)"
        },
        {
            "index":406,
            "아파트명":"하이랜드2(도시형)",
            "투자타입":"일반",
            "전용면적(m2)":"25.13",
            "전용면적(평)":"7평",
            "법정동주소":"대전시 유성구 봉명동 640-3",
            "도로명주소":"대전시 유성구 문화원로 109",
            "세대수":0,
            "입주년차":60,
            "용적률점수":"--",
            "건폐율점수":"--",
            "세대당주차수":0,
            "난방방식":30,
            "공급면적":"--",
            "전용률":"--",
            "욕실수":50,
            "현관타입":50,
            "주거총점":25.0,
            "지역구공급총점":0.0,
            "역세권":"NA",
            "30분내 이동가능 거점":"NA",
            "1시간내 이동가능 거점":"NA",
            "교통총점":"NA",
            "백화점":100,
            "아울렛몰":0,
            "대형마트":80,
            "은행":0,
            "병원":30,
            "종합병원":100,
            "공원":100,
            "혐오시설":0,
            "인프라총점":68.0,
            "초등학군":89.74,
            "중학군":43.44,
            "학군총점":52.7,
            "인구수":40.91,
            "인구증감":-8.31,
            "인구총점":26.144,
            "일자리":23.4,
            "소득수준":70.9,
            "일자리총점":37.65,
            "가치 총점":49.125,
            "매매실거래년":20200526.0,
            "매매실거래가":6500.0,
            "전세실거래년":20200110.0,
            "전세실거래가":5000.0,
            "전세가율":108.7,
            "장기전세가율평균":73.28,
            "전세가율거품지수":-35.42,
            "검색코드":104789,
            "세대수":149,
            "준공년월":"2011-10-17",
            "준공년차":12,
            "가까운역이름":"NA",
            "가까운역거리":"NA",
            "역세권여부":"NA",
            "30분이내주요거점역":"NA",
            "1시간이내주요거점역":"NA",
            "3km이내백화점수":1,
            "5km이내아울렛몰수":0,
            "1km이내대형먀트수":1,
            "500m이내은행수":0,
            "500m이내병원수":7,
            "5km이내대형병원수":2,
            "500m이내공원수":7,
            "3km이내혐오시설수":0,
            "초등학교학업성취도":89.74,
            "중학교학업성취도":71.2,
            "용적률":499,
            "건폐율":41,
            "Y":36.358984,
            "X":127.347879,
            "rank":65.0,
            "area_info":"7평(25.13), 7평(25.05), 7평(25.45), 7평(26.22), 7평(26.33), 11평(37.47), 11평(38.58), 11평(38.66), 11평(39.02), 12평(40.23)",
            "last_sales":"2020-05-26,6500.0,11평(38.58)"
        },
        {
            "index":130,
            "아파트명":"유성숲오투그란데3차",
            "투자타입":"일반",
            "전용면적(m2)":"81.52",
            "전용면적(평)":"24평",
            "법정동주소":"대전시 유성구 덕명동 614",
            "도로명주소":"대전시 유성구 학하중앙로 60",
            "세대수":50,
            "입주년차":100,
            "용적률점수":"--",
            "건폐율점수":"--",
            "세대당주차수":60,
            "난방방식":100,
            "공급면적":"--",
            "전용률":"--",
            "욕실수":100,
            "현관타입":100,
            "주거총점":76.5,
            "지역구공급총점":0.0,
            "역세권":"NA",
            "30분내 이동가능 거점":"NA",
            "1시간내 이동가능 거점":"NA",
            "교통총점":"NA",
            "백화점":0,
            "아울렛몰":0,
            "대형마트":0,
            "은행":0,
            "병원":0,
            "종합병원":80,
            "공원":80,
            "혐오시설":0,
            "인프라총점":18.4,
            "초등학군":91.8,
            "중학군":50.64,
            "학군총점":58.872,
            "인구수":40.91,
            "인구증감":-8.31,
            "인구총점":26.144,
            "일자리":23.4,
            "소득수준":70.9,
            "일자리총점":37.65,
            "가치 총점":48.853,
            "매매실거래년":20191128.0,
            "매매실거래가":32960.0,
            "전세실거래년":null,
            "전세실거래가":null,
            "전세가율":null,
            "장기전세가율평균":73.28,
            "전세가율거품지수":null,
            "검색코드":114450,
            "세대수":662,
            "준공년월":"2019-10-22",
            "준공년차":4,
            "가까운역이름":"NA",
            "가까운역거리":"NA",
            "역세권여부":"NA",
            "30분이내주요거점역":"NA",
            "1시간이내주요거점역":"NA",
            "3km이내백화점수":0,
            "5km이내아울렛몰수":0,
            "1km이내대형먀트수":0,
            "500m이내은행수":1,
            "500m이내병원수":1,
            "5km이내대형병원수":1,
            "500m이내공원수":1,
            "3km이내혐오시설수":0,
            "초등학교학업성취도":91.8,
            "중학교학업성취도":82.6,
            "용적률":204,
            "건폐율":15,
            "Y":36.346131,
            "X":127.300087,
            "rank":66.0,
            "area_info":"24평(81.52), 28평(93.89), 32평(107.57)",
            "last_sales":"2019-11-28,32960.0,32평(107.57)"
        },
        {
            "index":275,
            "아파트명":"봉명시티빌",
            "투자타입":"일반",
            "전용면적(m2)":"34.16",
            "전용면적(평)":"10평",
            "법정동주소":"대전시 유성구 봉명동 640-7",
            "도로명주소":"대전시 유성구 문화원로 119",
            "세대수":0,
            "입주년차":40,
            "용적률점수":"--",
            "건폐율점수":"--",
            "세대당주차수":0,
            "난방방식":30,
            "공급면적":"--",
            "전용률":"--",
            "욕실수":50,
            "현관타입":10,
            "주거총점":17.0,
            "지역구공급총점":0.0,
            "역세권":"NA",
            "30분내 이동가능 거점":"NA",
            "1시간내 이동가능 거점":"NA",
            "교통총점":"NA",
            "백화점":100,
            "아울렛몰":0,
            "대형마트":80,
            "은행":0,
            "병원":30,
            "종합병원":100,
            "공원":100,
            "혐오시설":0,
            "인프라총점":68.0,
            "초등학군":89.74,
            "중학군":55.62,
            "학군총점":62.444,
            "인구수":40.91,
            "인구증감":-8.31,
            "인구총점":26.144,
            "일자리":23.4,
            "소득수준":70.9,
            "일자리총점":37.65,
            "가치 총점":48.761,
            "매매실거래년":20220114.0,
            "매매실거래가":5500.0,
            "전세실거래년":20211213.0,
            "전세실거래가":5250.0,
            "전세가율":106.06,
            "장기전세가율평균":73.28,
            "전세가율거품지수":-32.78,
            "검색코드":22594,
            "세대수":160,
            "준공년월":"2004-07-02",
            "준공년차":19,
            "가까운역이름":"NA",
            "가까운역거리":"NA",
            "역세권여부":"NA",
            "30분이내주요거점역":"NA",
            "1시간이내주요거점역":"NA",
            "3km이내백화점수":1,
            "5km이내아울렛몰수":0,
            "1km이내대형먀트수":1,
            "500m이내은행수":0,
            "500m이내병원수":5,
            "5km이내대형병원수":2,
            "500m이내공원수":6,
            "3km이내혐오시설수":0,
            "초등학교학업성취도":89.74,
            "중학교학업성취도":89.1,
            "용적률":547,
            "건폐율":67,
            "Y":36.358856,
            "X":127.349139,
            "rank":67.0,
            "area_info":"10평(34.16), 10평(35.04), 11평(36.81), 15평(50.22), 15평(52.75), 19평(65.0)",
            "last_sales":"2022-01-14,5500.0,15평(50.22)"
        },
        {
            "index":624,
            "아파트명":"나래",
            "투자타입":"일반",
            "전용면적(m2)":"72.35",
            "전용면적(평)":"21평",
            "법정동주소":"대전시 유성구 전민동 462-4",
            "도로명주소":"대전시 유성구 엑스포로 501",
            "세대수":80,
            "입주년차":0,
            "용적률점수":"--",
            "건폐율점수":"--",
            "세대당주차수":0,
            "난방방식":100,
            "공급면적":"--",
            "전용률":"--",
            "욕실수":50,
            "현관타입":100,
            "주거총점":53.0,
            "지역구공급총점":0.0,
            "역세권":"NA",
            "30분내 이동가능 거점":"NA",
            "1시간내 이동가능 거점":"NA",
            "교통총점":"NA",
            "백화점":0,
            "아울렛몰":80,
            "대형마트":0,
            "은행":20,
            "병원":60,
            "종합병원":80,
            "공원":100,
            "혐오시설":0,
            "인프라총점":35.0,
            "초등학군":87.18,
            "중학군":59.16,
            "학군총점":64.764,
            "인구수":40.91,
            "인구증감":-8.31,
            "인구총점":26.144,
            "일자리":23.4,
            "소득수준":70.9,
            "일자리총점":37.65,
            "가치 총점":48.741,
            "매매실거래년":20211231.0,
            "매매실거래가":49000.0,
            "전세실거래년":20220114.0,
            "전세실거래가":20000.0,
            "전세가율":74.63,
            "장기전세가율평균":73.28,
            "전세가율거품지수":-1.35,
            "검색코드":6077,
            "세대수":894,
            "준공년월":"1994-11-28",
            "준공년차":29,
            "가까운역이름":"NA",
            "가까운역거리":"NA",
            "역세권여부":"NA",
            "30분이내주요거점역":"NA",
            "1시간이내주요거점역":"NA",
            "3km이내백화점수":0,
            "5km이내아울렛몰수":1,
            "1km이내대형먀트수":0,
            "500m이내은행수":2,
            "500m이내병원수":17,
            "5km이내대형병원수":1,
            "500m이내공원수":4,
            "3km이내혐오시설수":0,
            "초등학교학업성취도":87.18,
            "중학교학업성취도":94.6,
            "용적률":199,
            "건폐율":17,
            "Y":36.402059,
            "X":127.403998,
            "rank":68.0,
            "area_info":"21평(72.35), 27평(90.71), 32평(106.51), 36평(120.91), 37평(122.72), 43평(142.24)",
            "last_sales":"2021-12-31,49000.0,37평(122.72)"
        },
        {
            "index":380,
            "아파트명":"유성자이",
            "투자타입":"일반",
            "전용면적(m2)":"137.82",
            "전용면적(평)":"41평",
            "법정동주소":"대전시 유성구 봉명동 469-46",
            "도로명주소":"대전시 유성구 계룡로 55",
            "세대수":30,
            "입주년차":60,
            "용적률점수":"--",
            "건폐율점수":"--",
            "세대당주차수":60,
            "난방방식":30,
            "공급면적":"--",
            "전용률":"--",
            "욕실수":100,
            "현관타입":100,
            "주거총점":54.5,
            "지역구공급총점":0.0,
            "역세권":"NA",
            "30분내 이동가능 거점":"NA",
            "1시간내 이동가능 거점":"NA",
            "교통총점":"NA",
            "백화점":0,
            "아울렛몰":0,
            "대형마트":0,
            "은행":100,
            "병원":80,
            "종합병원":100,
            "공원":100,
            "혐오시설":0,
            "인프라총점":41.0,
            "초등학군":89.74,
            "중학군":43.44,
            "학군총점":52.7,
            "인구수":40.91,
            "인구증감":-8.31,
            "인구총점":26.144,
            "일자리":23.4,
            "소득수준":70.9,
            "일자리총점":37.65,
            "가치 총점":48.65,
            "매매실거래년":20211208.0,
            "매매실거래가":50000.0,
            "전세실거래년":20121029.0,
            "전세실거래가":22500.0,
            "전세가율":41.67,
            "장기전세가율평균":73.28,
            "전세가율거품지수":31.61,
            "검색코드":26929,
            "세대수":350,
            "준공년월":"2010-10-28",
            "준공년차":13,
            "가까운역이름":"NA",
            "가까운역거리":"NA",
            "역세권여부":"NA",
            "30분이내주요거점역":"NA",
            "1시간이내주요거점역":"NA",
            "3km이내백화점수":0,
            "5km이내아울렛몰수":0,
            "1km이내대형먀트수":0,
            "500m이내은행수":5,
            "500m이내병원수":44,
            "5km이내대형병원수":2,
            "500m이내공원수":6,
            "3km이내혐오시설수":0,
            "초등학교학업성취도":89.74,
            "중학교학업성취도":71.2,
            "용적률":879,
            "건폐율":68,
            "Y":36.355968,
            "X":127.336918,
            "rank":69.0,
            "area_info":"41평(137.82), 41평(138.48), 49평(162.63), 49평(164.55), 69평(230.18), 90평(300.37)",
            "last_sales":"2021-12-08,50000.0,49평(164.55)"
        },
        {
            "index":782,
            "아파트명":"열매3단지대우",
            "투자타입":"일반",
            "전용면적(m2)":"95.7",
            "전용면적(평)":"28평",
            "법정동주소":"대전시 유성구 지족동 874",
            "도로명주소":"대전시 유성구 노은동로 219",
            "세대수":50,
            "입주년차":20,
            "용적률점수":"--",
            "건폐율점수":"--",
            "세대당주차수":30,
            "난방방식":30,
            "공급면적":"--",
            "전용률":"--",
            "욕실수":100,
            "현관타입":100,
            "주거총점":49.0,
            "지역구공급총점":0.0,
            "역세권":"NA",
            "30분내 이동가능 거점":"NA",
            "1시간내 이동가능 거점":"NA",
            "교통총점":"NA",
            "백화점":0,
            "아울렛몰":0,
            "대형마트":100,
            "은행":0,
            "병원":60,
            "종합병원":80,
            "공원":100,
            "혐오시설":0,
            "인프라총점":40.0,
            "초등학군":88.11,
            "중학군":54.02,
            "학군총점":60.838,
            "인구수":40.91,
            "인구증감":-8.31,
            "인구총점":26.144,
            "일자리":23.4,
            "소득수준":70.9,
            "일자리총점":37.65,
            "가치 총점":48.3595,
            "매매실거래년":20211019.0,
            "매매실거래가":52000.0,
            "전세실거래년":20220108.0,
            "전세실거래가":24000.0,
            "전세가율":61.54,
            "장기전세가율평균":73.28,
            "전세가율거품지수":11.74,
            "검색코드":6135,
            "세대수":588,
            "준공년월":"2000-11-22",
            "준공년차":23,
            "가까운역이름":"NA",
            "가까운역거리":"NA",
            "역세권여부":"NA",
            "30분이내주요거점역":"NA",
            "1시간이내주요거점역":"NA",
            "3km이내백화점수":0,
            "5km이내아울렛몰수":0,
            "1km이내대형먀트수":3,
            "500m이내은행수":1,
            "500m이내병원수":22,
            "5km이내대형병원수":1,
            "500m이내공원수":5,
            "3km이내혐오시설수":0,
            "초등학교학업성취도":88.11,
            "중학교학업성취도":88.5,
            "용적률":206,
            "건폐율":16,
            "Y":36.379078,
            "X":127.319648,
            "rank":70.0,
            "area_info":"28평(95.7), 32평(106.69), 32평(108.04), 32평(108.96)",
            "last_sales":"2021-10-19,52000.0,32평(108.96)"
        },
        {
            "index":777,
            "아파트명":"열매1단지삼부",
            "투자타입":"일반",
            "전용면적(m2)":"100.07",
            "전용면적(평)":"30평",
            "법정동주소":"대전시 유성구 지족동 853",
            "도로명주소":"대전시 유성구 노은서로 222",
            "세대수":50,
            "입주년차":20,
            "용적률점수":"--",
            "건폐율점수":"--",
            "세대당주차수":30,
            "난방방식":30,
            "공급면적":"--",
            "전용률":"--",
            "욕실수":100,
            "현관타입":100,
            "주거총점":49.0,
            "지역구공급총점":0.0,
            "역세권":"NA",
            "30분내 이동가능 거점":"NA",
            "1시간내 이동가능 거점":"NA",
            "교통총점":"NA",
            "백화점":0,
            "아울렛몰":0,
            "대형마트":100,
            "은행":0,
            "병원":60,
            "종합병원":80,
            "공원":100,
            "혐오시설":0,
            "인프라총점":40.0,
            "초등학군":88.11,
            "중학군":54.02,
            "학군총점":60.838,
            "인구수":40.91,
            "인구증감":-8.31,
            "인구총점":26.144,
            "일자리":23.4,
            "소득수준":70.9,
            "일자리총점":37.65,
            "가치 총점":48.3595,
            "매매실거래년":20210626.0,
            "매매실거래가":43000.0,
            "전세실거래년":null,
            "전세실거래가":null,
            "전세가율":null,
            "장기전세가율평균":73.28,
            "전세가율거품지수":null,
            "검색코드":8468,
            "세대수":516,
            "준공년월":"2001-10-17",
            "준공년차":22,
            "가까운역이름":"NA",
            "가까운역거리":"NA",
            "역세권여부":"NA",
            "30분이내주요거점역":"NA",
            "1시간이내주요거점역":"NA",
            "3km이내백화점수":0,
            "5km이내아울렛몰수":0,
            "1km이내대형먀트수":3,
            "500m이내은행수":1,
            "500m이내병원수":14,
            "5km이내대형병원수":1,
            "500m이내공원수":4,
            "3km이내혐오시설수":0,
            "초등학교학업성취도":88.11,
            "중학교학업성취도":88.5,
            "용적률":213,
            "건폐율":16,
            "Y":36.379322,
            "X":127.316614,
            "rank":70.0,
            "area_info":"30평(100.07), 30평(101.93), 34평(113.04)",
            "last_sales":"2021-06-26,43000.0,34평(113.04)"
        },
        {
            "index":207,
            "아파트명":"나이스팰리스(도시형)",
            "투자타입":"일반",
            "전용면적(m2)":"30.2",
            "전용면적(평)":"9평",
            "법정동주소":"대전시 유성구 봉명동 624-2",
            "도로명주소":"대전시 유성구 온천북로33번길 35-17",
            "세대수":0,
            "입주년차":80,
            "용적률점수":"--",
            "건폐율점수":"--",
            "세대당주차수":0,
            "난방방식":30,
            "공급면적":"--",
            "전용률":"--",
            "욕실수":50,
            "현관타입":10,
            "주거총점":25.0,
            "지역구공급총점":0.0,
            "역세권":"NA",
            "30분내 이동가능 거점":"NA",
            "1시간내 이동가능 거점":"NA",
            "교통총점":"NA",
            "백화점":100,
            "아울렛몰":0,
            "대형마트":80,
            "은행":0,
            "병원":10,
            "종합병원":100,
            "공원":100,
            "혐오시설":0,
            "인프라총점":66.0,
            "초등학군":89.74,
            "중학군":43.44,
            "학군총점":52.7,
            "인구수":40.91,
            "인구증감":-8.31,
            "인구총점":26.144,
            "일자리":23.4,
            "소득수준":70.9,
            "일자리총점":37.65,
            "가치 총점":48.325,
            "매매실거래년":20220104.0,
            "매매실거래가":7200.0,
            "전세실거래년":20210626.0,
            "전세실거래가":8000.0,
            "전세가율":109.59,
            "장기전세가율평균":73.28,
            "전세가율거품지수":-36.31,
            "검색코드":114502,
            "세대수":160,
            "준공년월":"2016-11-30",
            "준공년차":7,
            "가까운역이름":"NA",
            "가까운역거리":"NA",
            "역세권여부":"NA",
            "30분이내주요거점역":"NA",
            "1시간이내주요거점역":"NA",
            "3km이내백화점수":1,
            "5km이내아울렛몰수":0,
            "1km이내대형먀트수":1,
            "500m이내은행수":1,
            "500m이내병원수":4,
            "5km이내대형병원수":2,
            "500m이내공원수":6,
            "3km이내혐오시설수":0,
            "초등학교학업성취도":89.74,
            "중학교학업성취도":71.2,
            "용적률":409,
            "건폐율":66,
            "Y":36.358416,
            "X":127.345803,
            "rank":71.0,
            "area_info":"9평(30.2), 10평(34.64), 11평(37.96), 11평(38.1), 12평(42.4)",
            "last_sales":"2022-01-04,7200.0,11평(38.1)"
        },
        {
            "index":286,
            "아파트명":"사이언스타운",
            "투자타입":"일반",
            "전용면적(m2)":"95.05",
            "전용면적(평)":"28평",
            "법정동주소":"대전시 유성구 봉명동 549-1",
            "도로명주소":"대전시 유성구 온천로 60",
            "세대수":0,
            "입주년차":60,
            "용적률점수":"--",
            "건폐율점수":"--",
            "세대당주차수":30,
            "난방방식":30,
            "공급면적":"--",
            "전용률":"--",
            "욕실수":100,
            "현관타입":100,
            "주거총점":39.5,
            "지역구공급총점":0.0,
            "역세권":"NA",
            "30분내 이동가능 거점":"NA",
            "1시간내 이동가능 거점":"NA",
            "교통총점":"NA",
            "백화점":0,
            "아울렛몰":0,
            "대형마트":80,
            "은행":70,
            "병원":80,
            "종합병원":100,
            "공원":100,
            "혐오시설":0,
            "인프라총점":50.0,
            "초등학군":89.74,
            "중학군":48.6,
            "학군총점":56.828,
            "인구수":40.91,
            "인구증감":-8.31,
            "인구총점":26.144,
            "일자리":23.4,
            "소득수준":70.9,
            "일자리총점":37.65,
            "가치 총점":48.032,
            "매매실거래년":20200219.0,
            "매매실거래가":25000.0,
            "전세실거래년":20211111.0,
            "전세실거래가":23000.0,
            "전세가율":92.0,
            "장기전세가율평균":73.28,
            "전세가율거품지수":-18.72,
            "검색코드":103597,
            "세대수":180,
            "준공년월":"2013-09-24",
            "준공년차":10,
            "가까운역이름":"NA",
            "가까운역거리":"NA",
            "역세권여부":"NA",
            "30분이내주요거점역":"NA",
            "1시간이내주요거점역":"NA",
            "3km이내백화점수":0,
            "5km이내아울렛몰수":0,
            "1km이내대형먀트수":1,
            "500m이내은행수":3,
            "500m이내병원수":50,
            "5km이내대형병원수":2,
            "500m이내공원수":7,
            "3km이내혐오시설수":0,
            "초등학교학업성취도":89.74,
            "중학교학업성취도":79.2,
            "용적률":774,
            "건폐율":65,
            "Y":36.354683,
            "X":127.344238,
            "rank":72.0,
            "area_info":"28평(95.05), 30평(102.29), 34평(112.75), 34평(112.71), 34평(113.43)",
            "last_sales":"2020-02-19,25000.0,28평(95.05)"
        },
        {
            "index":586,
            "아파트명":"어울림하트",
            "투자타입":"일반",
            "전용면적(m2)":"101.65",
            "전용면적(평)":"30평",
            "법정동주소":"대전시 유성구 원신흥동 529",
            "도로명주소":"대전시 유성구 동서대로 725",
            "세대수":90,
            "입주년차":60,
            "용적률점수":"--",
            "건폐율점수":"--",
            "세대당주차수":60,
            "난방방식":100,
            "공급면적":"--",
            "전용률":"--",
            "욕실수":100,
            "현관타입":100,
            "주거총점":82.5,
            "지역구공급총점":0.0,
            "역세권":"NA",
            "30분내 이동가능 거점":"NA",
            "1시간내 이동가능 거점":"NA",
            "교통총점":"NA",
            "백화점":0,
            "아울렛몰":0,
            "대형마트":0,
            "은행":0,
            "병원":60,
            "종합병원":100,
            "공원":80,
            "혐오시설":0,
            "인프라총점":28.4,
            "초등학군":86.5,
            "중학군":17.04,
            "학군총점":30.932,
            "인구수":40.91,
            "인구증감":-8.31,
            "인구총점":26.144,
            "일자리":23.4,
            "소득수준":70.9,
            "일자리총점":37.65,
            "가치 총점":47.968,
            "매매실거래년":20211012.0,
            "매매실거래가":69000.0,
            "전세실거래년":20211215.0,
            "전세실거래가":36500.0,
            "전세가율":56.15,
            "장기전세가율평균":73.28,
            "전세가율거품지수":17.13,
            "검색코드":102411,
            "세대수":1056,
            "준공년월":"2011-10-19",
            "준공년차":12,
            "가까운역이름":"NA",
            "가까운역거리":"NA",
            "역세권여부":"NA",
            "30분이내주요거점역":"NA",
            "1시간이내주요거점역":"NA",
            "3km이내백화점수":0,
            "5km이내아울렛몰수":0,
            "1km이내대형먀트수":0,
            "500m이내은행수":0,
            "500m이내병원수":10,
            "5km이내대형병원수":4,
            "500m이내공원수":1,
            "3km이내혐오시설수":0,
            "초등학교학업성취도":86.5,
            "중학교학업성취도":28.4,
            "용적률":185,
            "건폐율":15,
            "Y":36.33354,
            "X":127.342589,
            "rank":73.0,
            "area_info":"30평(101.65), 30평(101.19), 30평(101.36), 34평(114.79), 34평(114.76)",
            "last_sales":"2021-10-12,69000.0,34평(114.76)"
        },
        {
            "index":577,
            "아파트명":"한아름",
            "투자타입":"일반",
            "전용면적(m2)":"78.48",
            "전용면적(평)":"23평",
            "법정동주소":"대전시 유성구 원내동 357",
            "도로명주소":"대전시 유성구 진잠로42번길 30",
            "세대수":80,
            "입주년차":0,
            "용적률점수":"--",
            "건폐율점수":"--",
            "세대당주차수":30,
            "난방방식":30,
            "공급면적":"--",
            "전용률":"--",
            "욕실수":100,
            "현관타입":100,
            "주거총점":55.5,
            "지역구공급총점":0.0,
            "역세권":"NA",
            "30분내 이동가능 거점":"NA",
            "1시간내 이동가능 거점":"NA",
            "교통총점":"NA",
            "백화점":0,
            "아울렛몰":0,
            "대형마트":80,
            "은행":0,
            "병원":30,
            "종합병원":100,
            "공원":100,
            "혐오시설":0,
            "인프라총점":38.0,
            "초등학군":86.14,
            "중학군":45.08,
            "학군총점":53.292,
            "인구수":40.91,
            "인구증감":-8.31,
            "인구총점":26.144,
            "일자리":23.4,
            "소득수준":70.9,
            "일자리총점":37.65,
            "가치 총점":47.948,
            "매매실거래년":20211108.0,
            "매매실거래가":23500.0,
            "전세실거래년":20211215.0,
            "전세실거래가":17000.0,
            "전세가율":72.34,
            "장기전세가율평균":73.28,
            "전세가율거품지수":0.94,
            "검색코드":6170,
            "세대수":864,
            "준공년월":"1998-10-30",
            "준공년차":25,
            "가까운역이름":"NA",
            "가까운역거리":"NA",
            "역세권여부":"NA",
            "30분이내주요거점역":"NA",
            "1시간이내주요거점역":"NA",
            "3km이내백화점수":0,
            "5km이내아울렛몰수":0,
            "1km이내대형먀트수":1,
            "500m이내은행수":0,
            "500m이내병원수":7,
            "5km이내대형병원수":2,
            "500m이내공원수":2,
            "3km이내혐오시설수":0,
            "초등학교학업성취도":86.14,
            "중학교학업성취도":73.6,
            "용적률":219,
            "건폐율":21,
            "Y":36.295068,
            "X":127.318808,
            "rank":74.0,
            "area_info":"23평(78.48), 32평(107.52), 36평(121.28)",
            "last_sales":"2021-11-08,23500.0,23평(78.48)"
        },
        {
            "index":416,
            "아파트명":"하이랜드Ⅰ(도시형)",
            "투자타입":"일반",
            "전용면적(m2)":"24.19",
            "전용면적(평)":"7평",
            "법정동주소":"대전시 유성구 봉명동 640-2",
            "도로명주소":"대전시 유성구 문화원로 107",
            "세대수":0,
            "입주년차":60,
            "용적률점수":"--",
            "건폐율점수":"--",
            "세대당주차수":0,
            "난방방식":30,
            "공급면적":"--",
            "전용률":"--",
            "욕실수":50,
            "현관타입":10,
            "주거총점":21.0,
            "지역구공급총점":0.0,
            "역세권":"NA",
            "30분내 이동가능 거점":"NA",
            "1시간내 이동가능 거점":"NA",
            "교통총점":"NA",
            "백화점":100,
            "아울렛몰":0,
            "대형마트":80,
            "은행":0,
            "병원":30,
            "종합병원":100,
            "공원":100,
            "혐오시설":0,
            "인프라총점":68.0,
            "초등학군":89.74,
            "중학군":43.44,
            "학군총점":52.7,
            "인구수":40.91,
            "인구증감":-8.31,
            "인구총점":26.144,
            "일자리":23.4,
            "소득수준":70.9,
            "일자리총점":37.65,
            "가치 총점":47.725,
            "매매실거래년":20210826.0,
            "매매실거래가":3800.0,
            "전세실거래년":20210909.0,
            "전세실거래가":4300.0,
            "전세가율":113.16,
            "장기전세가율평균":73.28,
            "전세가율거품지수":-39.88,
            "검색코드":108629,
            "세대수":143,
            "준공년월":"2011-04-19",
            "준공년차":12,
            "가까운역이름":"NA",
            "가까운역거리":"NA",
            "역세권여부":"NA",
            "30분이내주요거점역":"NA",
            "1시간이내주요거점역":"NA",
            "3km이내백화점수":1,
            "5km이내아울렛몰수":0,
            "1km이내대형먀트수":1,
            "500m이내은행수":0,
            "500m이내병원수":7,
            "5km이내대형병원수":2,
            "500m이내공원수":8,
            "3km이내혐오시설수":0,
            "초등학교학업성취도":89.74,
            "중학교학업성취도":71.2,
            "용적률":498,
            "건폐율":42,
            "Y":36.35901,
            "X":127.347678,
            "rank":75.0,
            "area_info":"7평(24.19), 7평(24.95), 7평(24.7), 7평(24.85), 7평(25.46)",
            "last_sales":"2021-08-26,3800.0,7평(24.19)"
        },
        {
            "index":327,
            "아파트명":"신영미소랑(도시형)",
            "투자타입":"일반",
            "전용면적(m2)":"22.7",
            "전용면적(평)":"6평",
            "법정동주소":"대전시 유성구 봉명동 651-1",
            "도로명주소":"대전시 유성구 온천북로33번길 22-4",
            "세대수":0,
            "입주년차":60,
            "용적률점수":"--",
            "건폐율점수":"--",
            "세대당주차수":0,
            "난방방식":30,
            "공급면적":"--",
            "전용률":"--",
            "욕실수":50,
            "현관타입":10,
            "주거총점":21.0,
            "지역구공급총점":0.0,
            "역세권":"NA",
            "30분내 이동가능 거점":"NA",
            "1시간내 이동가능 거점":"NA",
            "교통총점":"NA",
            "백화점":100,
            "아울렛몰":0,
            "대형마트":80,
            "은행":0,
            "병원":30,
            "종합병원":100,
            "공원":100,
            "혐오시설":0,
            "인프라총점":68.0,
            "초등학군":89.74,
            "중학군":43.44,
            "학군총점":52.7,
            "인구수":40.91,
            "인구증감":-8.31,
            "인구총점":26.144,
            "일자리":23.4,
            "소득수준":70.9,
            "일자리총점":37.65,
            "가치 총점":47.725,
            "매매실거래년":20190321.0,
            "매매실거래가":4700.0,
            "전세실거래년":20191026.0,
            "전세실거래가":5000.0,
            "전세가율":90.91,
            "장기전세가율평균":73.28,
            "전세가율거품지수":-17.63,
            "검색코드":108612,
            "세대수":112,
            "준공년월":"2012-01-10",
            "준공년차":11,
            "가까운역이름":"NA",
            "가까운역거리":"NA",
            "역세권여부":"NA",
            "30분이내주요거점역":"NA",
            "1시간이내주요거점역":"NA",
            "3km이내백화점수":1,
            "5km이내아울렛몰수":0,
            "1km이내대형먀트수":1,
            "500m이내은행수":1,
            "500m이내병원수":7,
            "5km이내대형병원수":2,
            "500m이내공원수":6,
            "3km이내혐오시설수":0,
            "초등학교학업성취도":89.74,
            "중학교학업성취도":71.2,
            "용적률":498,
            "건폐율":69,
            "Y":36.357592,
            "X":127.347155,
            "rank":75.0,
            "area_info":"6평(22.7), 7평(23.8), 7평(25.25)",
            "last_sales":"2019-03-21,4700.0,7평(25.25)"
        },
        {
            "index":709,
            "아파트명":"SK허브",
            "투자타입":"일반",
            "전용면적(m2)":"109.62",
            "전용면적(평)":"33평",
            "법정동주소":"대전시 유성구 지족동 894-5",
            "도로명주소":"대전시 유성구 은구비남로 13",
            "세대수":0,
            "입주년차":40,
            "용적률점수":"--",
            "건폐율점수":"--",
            "세대당주차수":30,
            "난방방식":30,
            "공급면적":"--",
            "전용률":"--",
            "욕실수":100,
            "현관타입":100,
            "주거총점":35.5,
            "지역구공급총점":0.0,
            "역세권":"NA",
            "30분내 이동가능 거점":"NA",
            "1시간내 이동가능 거점":"NA",
            "교통총점":"NA",
            "백화점":0,
            "아울렛몰":0,
            "대형마트":100,
            "은행":70,
            "병원":80,
            "종합병원":80,
            "공원":100,
            "혐오시설":0,
            "인프라총점":49.0,
            "초등학군":91.36,
            "중학군":55.58,
            "학군총점":62.736,
            "인구수":40.91,
            "인구증감":-8.31,
            "인구총점":26.144,
            "일자리":23.4,
            "소득수준":70.9,
            "일자리총점":37.65,
            "가치 총점":47.709,
            "매매실거래년":20210522.0,
            "매매실거래가":25800.0,
            "전세실거래년":20200218.0,
            "전세실거래가":19000.0,
            "전세가율":81.2,
            "장기전세가율평균":73.28,
            "전세가율거품지수":-7.92,
            "검색코드":17420,
            "세대수":182,
            "준공년월":"2006-01-03",
            "준공년차":17,
            "가까운역이름":"NA",
            "가까운역거리":"NA",
            "역세권여부":"NA",
            "30분이내주요거점역":"NA",
            "1시간이내주요거점역":"NA",
            "3km이내백화점수":0,
            "5km이내아울렛몰수":0,
            "1km이내대형먀트수":2,
            "500m이내은행수":3,
            "500m이내병원수":36,
            "5km이내대형병원수":1,
            "500m이내공원수":5,
            "3km이내혐오시설수":0,
            "초등학교학업성취도":91.36,
            "중학교학업성취도":90.3,
            "용적률":704,
            "건폐율":66,
            "Y":36.37252,
            "X":127.31706,
            "rank":76.0,
            "area_info":"33평(109.62), 33평(110.61), 33평(110.5), 33평(111.5), 35평(118.8), 43평(145.28), 45평(148.9), 46평(154.2), 47평(155.42)",
            "last_sales":"2021-05-22,25800.0,43평(145.28)"
        },
        {
            "index":106,
            "아파트명":"노은카운티스",
            "투자타입":"일반",
            "전용면적(m2)":"175.22",
            "전용면적(평)":"53평",
            "법정동주소":"대전시 유성구 노은동 495",
            "도로명주소":"대전시 유성구 노은서로 124",
            "세대수":0,
            "입주년차":40,
            "용적률점수":"--",
            "건폐율점수":"--",
            "세대당주차수":80,
            "난방방식":30,
            "공급면적":"--",
            "전용률":"--",
            "욕실수":100,
            "현관타입":100,
            "주거총점":43.0,
            "지역구공급총점":0.0,
            "역세권":"NA",
            "30분내 이동가능 거점":"NA",
            "1시간내 이동가능 거점":"NA",
            "교통총점":"NA",
            "백화점":0,
            "아울렛몰":0,
            "대형마트":100,
            "은행":20,
            "병원":60,
            "종합병원":80,
            "공원":100,
            "혐오시설":0,
            "인프라총점":42.0,
            "초등학군":91.92,
            "중학군":55.58,
            "학군총점":62.848,
            "인구수":40.91,
            "인구증감":-8.31,
            "인구총점":26.144,
            "일자리":23.4,
            "소득수준":70.9,
            "일자리총점":37.65,
            "가치 총점":47.562,
            "매매실거래년":"18000101",
            "매매실거래가":null,
            "전세실거래년":null,
            "전세실거래가":null,
            "전세가율":null,
            "장기전세가율평균":73.28,
            "전세가율거품지수":null,
            "검색코드":17766,
            "세대수":112,
            "준공년월":"2004-07-30",
            "준공년차":19,
            "가까운역이름":"NA",
            "가까운역거리":"NA",
            "역세권여부":"NA",
            "30분이내주요거점역":"NA",
            "1시간이내주요거점역":"NA",
            "3km이내백화점수":0,
            "5km이내아울렛몰수":0,
            "1km이내대형먀트수":2,
            "500m이내은행수":2,
            "500m이내병원수":16,
            "5km이내대형병원수":1,
            "500m이내공원수":5,
            "3km이내혐오시설수":0,
            "초등학교학업성취도":91.92,
            "중학교학업성취도":90.3,
            "용적률":99,
            "건폐율":32,
            "Y":36.370623,
            "X":127.316333,
            "rank":77.0,
            "area_info":"53평(175.22), 54평(178.74), 54평(178.74), 63평(209.68)",
            "last_sales":"1800-01-01,nan,53평(175.22)"
        },
        {
            "index":32,
            "아파트명":"대덕테크노밸리2단지푸르지오",
            "투자타입":"일반",
            "전용면적(m2)":"109.11",
            "전용면적(평)":"33평",
            "법정동주소":"대전시 유성구 관평동 665",
            "도로명주소":"대전시 유성구 배울1로 13",
            "세대수":50,
            "입주년차":40,
            "용적률점수":"--",
            "건폐율점수":"--",
            "세대당주차수":60,
            "난방방식":100,
            "공급면적":"--",
            "전용률":"--",
            "욕실수":100,
            "현관타입":100,
            "주거총점":64.5,
            "지역구공급총점":0.0,
            "역세권":"NA",
            "30분내 이동가능 거점":"NA",
            "1시간내 이동가능 거점":"NA",
            "교통총점":"NA",
            "백화점":0,
            "아울렛몰":80,
            "대형마트":80,
            "은행":0,
            "병원":0,
            "종합병원":0,
            "공원":80,
            "혐오시설":0,
            "인프라총점":22.4,
            "초등학군":89.0,
            "중학군":56.6,
            "학군총점":63.08,
            "인구수":40.91,
            "인구증감":-8.31,
            "인구총점":26.144,
            "일자리":23.4,
            "소득수준":70.9,
            "일자리총점":37.65,
            "가치 총점":47.305,
            "매매실거래년":20211229.0,
            "매매실거래가":48000.0,
            "전세실거래년":20211009.0,
            "전세실거래가":42000.0,
            "전세가율":86.6,
            "장기전세가율평균":73.28,
            "전세가율거품지수":-13.32,
            "검색코드":17470,
            "세대수":684,
            "준공년월":"2006-02-22",
            "준공년차":17,
            "가까운역이름":"NA",
            "가까운역거리":"NA",
            "역세권여부":"NA",
            "30분이내주요거점역":"NA",
            "1시간이내주요거점역":"NA",
            "3km이내백화점수":0,
            "5km이내아울렛몰수":1,
            "1km이내대형먀트수":1,
            "500m이내은행수":0,
            "500m이내병원수":0,
            "5km이내대형병원수":0,
            "500m이내공원수":1,
            "3km이내혐오시설수":0,
            "초등학교학업성취도":89.0,
            "중학교학업성취도":92.0,
            "용적률":219,
            "건폐율":17,
            "Y":36.420127,
            "X":127.382338,
            "rank":78.0,
            "area_info":"33평(109.11), 33평(110.3), 39평(132.12), 45평(151.81)",
            "last_sales":"2021-12-29,48000.0,33평(110.3)"
        },
        {
            "index":700,
            "아파트명":"죽동푸르지오",
            "투자타입":"일반",
            "전용면적(m2)":"99.12",
            "전용면적(평)":"29평",
            "법정동주소":"대전시 유성구 죽동 730",
            "도로명주소":"대전시 유성구 죽동로 251",
            "세대수":50,
            "입주년차":80,
            "용적률점수":"--",
            "건폐율점수":"--",
            "세대당주차수":30,
            "난방방식":30,
            "공급면적":"--",
            "전용률":"--",
            "욕실수":100,
            "현관타입":100,
            "주거총점":61.0,
            "지역구공급총점":0.0,
            "역세권":"NA",
            "30분내 이동가능 거점":"NA",
            "1시간내 이동가능 거점":"NA",
            "교통총점":"NA",
            "백화점":0,
            "아울렛몰":0,
            "대형마트":0,
            "은행":0,
            "병원":30,
            "종합병원":100,
            "공원":100,
            "혐오시설":0,
            "인프라총점":26.0,
            "초등학군":80.94,
            "중학군":55.58,
            "학군총점":60.652,
            "인구수":40.91,
            "인구증감":-8.31,
            "인구총점":26.144,
            "일자리":23.4,
            "소득수준":70.9,
            "일자리총점":37.65,
            "가치 총점":46.913,
            "매매실거래년":20211129.0,
            "매매실거래가":73000.0,
            "전세실거래년":20211010.0,
            "전세실거래가":41000.0,
            "전세가율":65.86,
            "장기전세가율평균":73.28,
            "전세가율거품지수":7.42,
            "검색코드":106692,
            "세대수":638,
            "준공년월":"2015-06-08",
            "준공년차":8,
            "가까운역이름":"NA",
            "가까운역거리":"NA",
            "역세권여부":"NA",
            "30분이내주요거점역":"NA",
            "1시간이내주요거점역":"NA",
            "3km이내백화점수":0,
            "5km이내아울렛몰수":0,
            "1km이내대형먀트수":0,
            "500m이내은행수":0,
            "500m이내병원수":7,
            "5km이내대형병원수":2,
            "500m이내공원수":4,
            "3km이내혐오시설수":0,
            "초등학교학업성취도":80.94,
            "중학교학업성취도":90.3,
            "용적률":199,
            "건폐율":16,
            "Y":36.373674,
            "X":127.339621,
            "rank":79.0,
            "area_info":"29평(99.12), 33평(111.01), 33평(111.2), 33평(112.11)",
            "last_sales":"2021-11-29,73000.0,33평(111.01)"
        },
        {
            "index":110,
            "아파트명":"열매11단지리슈빌",
            "투자타입":"일반",
            "전용면적(m2)":"80.41",
            "전용면적(평)":"24평",
            "법정동주소":"대전시 유성구 노은동 552-3",
            "도로명주소":"대전시 유성구 왕가봉로 23",
            "세대수":50,
            "입주년차":20,
            "용적률점수":"--",
            "건폐율점수":"--",
            "세대당주차수":80,
            "난방방식":30,
            "공급면적":"--",
            "전용률":"--",
            "욕실수":50,
            "현관타입":100,
            "주거총점":51.5,
            "지역구공급총점":0.0,
            "역세권":"NA",
            "30분내 이동가능 거점":"NA",
            "1시간내 이동가능 거점":"NA",
            "교통총점":"NA",
            "백화점":0,
            "아울렛몰":0,
            "대형마트":100,
            "은행":0,
            "병원":0,
            "종합병원":80,
            "공원":100,
            "혐오시설":0,
            "인프라총점":34.0,
            "초등학군":82.23,
            "중학군":55.58,
            "학군총점":60.91,
            "인구수":40.91,
            "인구증감":-8.31,
            "인구총점":26.144,
            "일자리":23.4,
            "소득수준":70.9,
            "일자리총점":37.65,
            "가치 총점":46.8525,
            "매매실거래년":20211021.0,
            "매매실거래가":61500.0,
            "전세실거래년":20211006.0,
            "전세실거래가":23000.0,
            "전세가율":59.74,
            "장기전세가율평균":73.28,
            "전세가율거품지수":13.54,
            "검색코드":8477,
            "세대수":635,
            "준공년월":"2003-09-25",
            "준공년차":20,
            "가까운역이름":"NA",
            "가까운역거리":"NA",
            "역세권여부":"NA",
            "30분이내주요거점역":"NA",
            "1시간이내주요거점역":"NA",
            "3km이내백화점수":0,
            "5km이내아울렛몰수":0,
            "1km이내대형먀트수":2,
            "500m이내은행수":0,
            "500m이내병원수":1,
            "5km이내대형병원수":1,
            "500m이내공원수":2,
            "3km이내혐오시설수":0,
            "초등학교학업성취도":82.23,
            "중학교학업성취도":90.3,
            "용적률":209,
            "건폐율":18,
            "Y":36.365484,
            "X":127.31435,
            "rank":80.0,
            "area_info":"24평(80.41), 37평(125.09), 46평(152.68), 61평(204.2)",
            "last_sales":"2021-10-21,61500.0,37평(125.09)"
        },
        {
            "index":345,
            "아파트명":"유성CJ나인파크",
            "투자타입":"일반",
            "전용면적(m2)":"158.6",
            "전용면적(평)":"47평",
            "법정동주소":"대전시 유성구 봉명동 553-2",
            "도로명주소":"대전시 유성구 계룡로 92",
            "세대수":0,
            "입주년차":40,
            "용적률점수":"--",
            "건폐율점수":"--",
            "세대당주차수":100,
            "난방방식":30,
            "공급면적":"--",
            "전용률":"--",
            "욕실수":100,
            "현관타입":100,
            "주거총점":46.0,
            "지역구공급총점":0.0,
            "역세권":"NA",
            "30분내 이동가능 거점":"NA",
            "1시간내 이동가능 거점":"NA",
            "교통총점":"NA",
            "백화점":0,
            "아울렛몰":0,
            "대형마트":0,
            "은행":100,
            "병원":80,
            "종합병원":100,
            "공원":100,
            "혐오시설":0,
            "인프라총점":41.0,
            "초등학군":88.34,
            "중학군":48.6,
            "학군총점":56.548,
            "인구수":40.91,
            "인구증감":-8.31,
            "인구총점":26.144,
            "일자리":23.4,
            "소득수준":70.9,
            "일자리총점":37.65,
            "가치 총점":46.637,
            "매매실거래년":20100327.0,
            "매매실거래가":79000.0,
            "전세실거래년":null,
            "전세실거래가":null,
            "전세가율":null,
            "장기전세가율평균":73.28,
            "전세가율거품지수":null,
            "검색코드":25131,
            "세대수":168,
            "준공년월":"2008-01-11",
            "준공년차":15,
            "가까운역이름":"NA",
            "가까운역거리":"NA",
            "역세권여부":"NA",
            "30분이내주요거점역":"NA",
            "1시간이내주요거점역":"NA",
            "3km이내백화점수":0,
            "5km이내아울렛몰수":0,
            "1km이내대형먀트수":0,
            "500m이내은행수":6,
            "500m이내병원수":55,
            "5km이내대형병원수":2,
            "500m이내공원수":8,
            "3km이내혐오시설수":0,
            "초등학교학업성취도":88.34,
            "중학교학업성취도":79.2,
            "용적률":972,
            "건폐율":78,
            "Y":36.35369,
            "X":127.34054,
            "rank":81.0,
            "area_info":"47평(158.6), 47평(158.6), 57평(190.83), 61평(203.59), 63평(210.86), 63평(210.86), 63평(210.86), 66평(220.27), 77평(255.72), 82평(272.82)",
            "last_sales":"2010-03-27,79000.0,82평(272.82)"
        },
        {
            "index":509,
            "아파트명":"한울",
            "투자타입":"재건축",
            "전용면적(m2)":"63.66",
            "전용면적(평)":"19평",
            "법정동주소":"대전시 유성구 신성동 160-1",
            "도로명주소":"대전시 유성구 가정로 43",
            "세대수":80,
            "입주년차":"--",
            "용적률점수":20,
            "건폐율점수":100,
            "세대당주차수":"--",
            "난방방식":"--",
            "공급면적":50,
            "전용률":80,
            "욕실수":"--",
            "현관타입":"--",
            "주거총점":58.5,
            "지역구공급총점":0.0,
            "역세권":"NA",
            "30분내 이동가능 거점":"NA",
            "1시간내 이동가능 거점":"NA",
            "교통총점":"NA",
            "백화점":0,
            "아울렛몰":0,
            "대형마트":0,
            "은행":0,
            "병원":30,
            "종합병원":100,
            "공원":100,
            "혐오시설":0,
            "인프라총점":26.0,
            "초등학군":85.62,
            "중학군":56.2,
            "학군총점":62.084,
            "인구수":40.91,
            "인구증감":-8.31,
            "인구총점":26.144,
            "일자리":23.4,
            "소득수준":70.9,
            "일자리총점":37.65,
            "가치 총점":46.396,
            "매매실거래년":20210316.0,
            "매매실거래가":51000.0,
            "전세실거래년":20210720.0,
            "전세실거래가":13650.0,
            "전세가율":75.0,
            "장기전세가율평균":73.28,
            "전세가율거품지수":-1.72,
            "검색코드":6158,
            "세대수":814,
            "준공년월":"1992-12-19",
            "준공년차":31,
            "가까운역이름":"NA",
            "가까운역거리":"NA",
            "역세권여부":"NA",
            "30분이내주요거점역":"NA",
            "1시간이내주요거점역":"NA",
            "3km이내백화점수":0,
            "5km이내아울렛몰수":0,
            "1km이내대형먀트수":0,
            "500m이내은행수":0,
            "500m이내병원수":8,
            "5km이내대형병원수":2,
            "500m이내공원수":3,
            "3km이내혐오시설수":0,
            "초등학교학업성취도":85.62,
            "중학교학업성취도":90.8,
            "용적률":219,
            "건폐율":17,
            "Y":36.3859,
            "X":127.347075,
            "rank":82.0,
            "area_info":"19평(63.66), 24평(81.35), 28평(95.73), 29평(96.5), 33평(110.78), 39평(129.05), 46평(153.28)",
            "last_sales":"2021-03-16,51000.0,46평(153.28)"
        },
        {
            "index":120,
            "아파트명":"대전드리움1단지",
            "투자타입":"일반",
            "전용면적(m2)":"79.34",
            "전용면적(평)":"24평",
            "법정동주소":"대전시 유성구 대정동 316-1",
            "도로명주소":"대전시 유성구 대정로28번길 50",
            "세대수":50,
            "입주년차":40,
            "용적률점수":"--",
            "건폐율점수":"--",
            "세대당주차수":30,
            "난방방식":30,
            "공급면적":"--",
            "전용률":"--",
            "욕실수":100,
            "현관타입":100,
            "주거총점":53.0,
            "지역구공급총점":0.0,
            "역세권":"NA",
            "30분내 이동가능 거점":"NA",
            "1시간내 이동가능 거점":"NA",
            "교통총점":"NA",
            "백화점":0,
            "아울렛몰":0,
            "대형마트":80,
            "은행":0,
            "병원":0,
            "종합병원":100,
            "공원":80,
            "혐오시설":0,
            "인프라총점":34.4,
            "초등학군":82.39,
            "중학군":49.8,
            "학군총점":56.318,
            "인구수":40.91,
            "인구증감":-8.31,
            "인구총점":26.144,
            "일자리":23.4,
            "소득수준":70.9,
            "일자리총점":37.65,
            "가치 총점":46.3895,
            "매매실거래년":20220103.0,
            "매매실거래가":34200.0,
            "전세실거래년":20211128.0,
            "전세실거래가":13000.0,
            "전세가율":59.09,
            "장기전세가율평균":73.28,
            "전세가율거품지수":14.19,
            "검색코드":26501,
            "세대수":676,
            "준공년월":"2004-08-09",
            "준공년차":19,
            "가까운역이름":"NA",
            "가까운역거리":"NA",
            "역세권여부":"NA",
            "30분이내주요거점역":"NA",
            "1시간이내주요거점역":"NA",
            "3km이내백화점수":0,
            "5km이내아울렛몰수":0,
            "1km이내대형먀트수":1,
            "500m이내은행수":0,
            "500m이내병원수":1,
            "5km이내대형병원수":2,
            "500m이내공원수":1,
            "3km이내혐오시설수":0,
            "초등학교학업성취도":82.39,
            "중학교학업성취도":82.4,
            "용적률":251,
            "건폐율":19,
            "Y":36.314134,
            "X":127.32274,
            "rank":83.0,
            "area_info":"24평(79.34), 24평(79.37), 31평(105.78)",
            "last_sales":"2022-01-03,34200.0,31평(105.78)"
        },
        {
            "index":123,
            "아파트명":"대전드리움2단지",
            "투자타입":"일반",
            "전용면적(m2)":"93.86",
            "전용면적(평)":"28평",
            "법정동주소":"대전시 유성구 대정동 317-1",
            "도로명주소":"대전시 유성구 대정로28번안길 80",
            "세대수":50,
            "입주년차":40,
            "용적률점수":"--",
            "건폐율점수":"--",
            "세대당주차수":30,
            "난방방식":30,
            "공급면적":"--",
            "전용률":"--",
            "욕실수":100,
            "현관타입":100,
            "주거총점":53.0,
            "지역구공급총점":0.0,
            "역세권":"NA",
            "30분내 이동가능 거점":"NA",
            "1시간내 이동가능 거점":"NA",
            "교통총점":"NA",
            "백화점":0,
            "아울렛몰":0,
            "대형마트":80,
            "은행":0,
            "병원":0,
            "종합병원":100,
            "공원":80,
            "혐오시설":0,
            "인프라총점":34.4,
            "초등학군":82.39,
            "중학군":49.8,
            "학군총점":56.318,
            "인구수":40.91,
            "인구증감":-8.31,
            "인구총점":26.144,
            "일자리":23.4,
            "소득수준":70.9,
            "일자리총점":37.65,
            "가치 총점":46.3895,
            "매매실거래년":20211102.0,
            "매매실거래가":39000.0,
            "전세실거래년":20220108.0,
            "전세실거래가":14500.0,
            "전세가율":50.0,
            "장기전세가율평균":73.28,
            "전세가율거품지수":23.28,
            "검색코드":17589,
            "세대수":600,
            "준공년월":"2006-03-14",
            "준공년차":17,
            "가까운역이름":"NA",
            "가까운역거리":"NA",
            "역세권여부":"NA",
            "30분이내주요거점역":"NA",
            "1시간이내주요거점역":"NA",
            "3km이내백화점수":0,
            "5km이내아울렛몰수":0,
            "1km이내대형먀트수":1,
            "500m이내은행수":0,
            "500m이내병원수":1,
            "5km이내대형병원수":2,
            "500m이내공원수":1,
            "3km이내혐오시설수":0,
            "초등학교학업성취도":82.39,
            "중학교학업성취도":82.4,
            "용적률":210,
            "건폐율":19,
            "Y":36.312971,
            "X":127.322739,
            "rank":83.0,
            "area_info":"28평(93.86), 28평(94.61), 32평(107.27)",
            "last_sales":"2021-11-02,39000.0,32평(107.27)"
        },
        {
            "index":250,
            "아파트명":"레자미멀티홈",
            "투자타입":"일반",
            "전용면적(m2)":"106.38",
            "전용면적(평)":"32평",
            "법정동주소":"대전시 유성구 봉명동 617-3",
            "도로명주소":"대전시 유성구 온천북로 7",
            "세대수":0,
            "입주년차":80,
            "용적률점수":"--",
            "건폐율점수":"--",
            "세대당주차수":60,
            "난방방식":30,
            "공급면적":"--",
            "전용률":"--",
            "욕실수":100,
            "현관타입":100,
            "주거총점":48.0,
            "지역구공급총점":0.0,
            "역세권":"NA",
            "30분내 이동가능 거점":"NA",
            "1시간내 이동가능 거점":"NA",
            "교통총점":"NA",
            "백화점":0,
            "아울렛몰":0,
            "대형마트":80,
            "은행":0,
            "병원":60,
            "종합병원":100,
            "공원":100,
            "혐오시설":0,
            "인프라총점":41.0,
            "초등학군":89.74,
            "중학군":43.44,
            "학군총점":52.7,
            "인구수":40.91,
            "인구증감":-8.31,
            "인구총점":26.144,
            "일자리":23.4,
            "소득수준":70.9,
            "일자리총점":37.65,
            "가치 총점":46.375,
            "매매실거래년":20211126.0,
            "매매실거래가":35000.0,
            "전세실거래년":20210330.0,
            "전세실거래가":16000.0,
            "전세가율":45.71,
            "장기전세가율평균":73.28,
            "전세가율거품지수":27.57,
            "검색코드":109617,
            "세대수":159,
            "준공년월":"2016-12-01",
            "준공년차":7,
            "가까운역이름":"NA",
            "가까운역거리":"NA",
            "역세권여부":"NA",
            "30분이내주요거점역":"NA",
            "1시간이내주요거점역":"NA",
            "3km이내백화점수":0,
            "5km이내아울렛몰수":0,
            "1km이내대형먀트수":1,
            "500m이내은행수":1,
            "500m이내병원수":13,
            "5km이내대형병원수":2,
            "500m이내공원수":7,
            "3km이내혐오시설수":0,
            "초등학교학업성취도":89.74,
            "중학교학업성취도":71.2,
            "용적률":614,
            "건폐율":69,
            "Y":36.35763,
            "X":127.344034,
            "rank":84.0,
            "area_info":"32평(106.38), 35평(116.13), 35평(116.33)",
            "last_sales":"2021-11-26,35000.0,32평(106.38)"
        },
        {
            "index":63,
            "아파트명":"제이파크",
            "투자타입":"일반",
            "전용면적(m2)":"113.59",
            "전용면적(평)":"34평",
            "법정동주소":"대전시 유성구 교촌동 617",
            "도로명주소":"대전시 유성구 진잠로149번길 24",
            "세대수":50,
            "입주년차":40,
            "용적률점수":"--",
            "건폐율점수":"--",
            "세대당주차수":30,
            "난방방식":30,
            "공급면적":"--",
            "전용률":"--",
            "욕실수":100,
            "현관타입":100,
            "주거총점":53.0,
            "지역구공급총점":0.0,
            "역세권":"NA",
            "30분내 이동가능 거점":"NA",
            "1시간내 이동가능 거점":"NA",
            "교통총점":"NA",
            "백화점":0,
            "아울렛몰":0,
            "대형마트":80,
            "은행":0,
            "병원":10,
            "종합병원":100,
            "공원":100,
            "혐오시설":0,
            "인프라총점":36.0,
            "초등학군":86.94,
            "중학군":45.08,
            "학군총점":53.452,
            "인구수":40.91,
            "인구증감":-8.31,
            "인구총점":26.144,
            "일자리":23.4,
            "소득수준":70.9,
            "일자리총점":37.65,
            "가치 총점":46.313,
            "매매실거래년":20211104.0,
            "매매실거래가":49000.0,
            "전세실거래년":20210613.0,
            "전세실거래가":27000.0,
            "전세가율":66.67,
            "장기전세가율평균":73.28,
            "전세가율거품지수":6.61,
            "검색코드":23188,
            "세대수":405,
            "준공년월":"2005-08-18",
            "준공년차":18,
            "가까운역이름":"NA",
            "가까운역거리":"NA",
            "역세권여부":"NA",
            "30분이내주요거점역":"NA",
            "1시간이내주요거점역":"NA",
            "3km이내백화점수":0,
            "5km이내아울렛몰수":0,
            "1km이내대형먀트수":1,
            "500m이내은행수":0,
            "500m이내병원수":2,
            "5km이내대형병원수":2,
            "500m이내공원수":3,
            "3km이내혐오시설수":0,
            "초등학교학업성취도":86.94,
            "중학교학업성취도":73.6,
            "용적률":216,
            "건폐율":18,
            "Y":36.304676,
            "X":127.318914,
            "rank":85.0,
            "area_info":"34평(113.59), 34평(114.33), 34평(114.37), 35평(115.8), 45평(149.81)",
            "last_sales":"2021-11-04,49000.0,45평(149.81)"
        },
        {
            "index":430,
            "아파트명":"하늘바람휴먼시아",
            "투자타입":"일반",
            "전용면적(m2)":"97.46",
            "전용면적(평)":"29평",
            "법정동주소":"대전시 유성구 봉산동 295",
            "도로명주소":"대전시 유성구 와룡로136번길 15",
            "세대수":90,
            "입주년차":60,
            "용적률점수":"--",
            "건폐율점수":"--",
            "세대당주차수":30,
            "난방방식":100,
            "공급면적":"--",
            "전용률":"--",
            "욕실수":100,
            "현관타입":100,
            "주거총점":78.0,
            "지역구공급총점":0.0,
            "역세권":"NA",
            "30분내 이동가능 거점":"NA",
            "1시간내 이동가능 거점":"NA",
            "교통총점":"NA",
            "백화점":0,
            "아울렛몰":80,
            "대형마트":0,
            "은행":0,
            "병원":30,
            "종합병원":0,
            "공원":100,
            "혐오시설":0,
            "인프라총점":14.0,
            "초등학군":87.97,
            "중학군":45.06,
            "학군총점":53.642,
            "인구수":40.91,
            "인구증감":-8.31,
            "인구총점":26.144,
            "일자리":23.4,
            "소득수준":70.9,
            "일자리총점":37.65,
            "가치 총점":46.3105,
            "매매실거래년":20210610.0,
            "매매실거래가":48000.0,
            "전세실거래년":20211201.0,
            "전세실거래가":28000.0,
            "전세가율":82.35,
            "장기전세가율평균":73.28,
            "전세가율거품지수":-9.07,
            "검색코드":26940,
            "세대수":990,
            "준공년월":"2009-09-18",
            "준공년차":14,
            "가까운역이름":"NA",
            "가까운역거리":"NA",
            "역세권여부":"NA",
            "30분이내주요거점역":"NA",
            "1시간이내주요거점역":"NA",
            "3km이내백화점수":0,
            "5km이내아울렛몰수":1,
            "1km이내대형먀트수":0,
            "500m이내은행수":0,
            "500m이내병원수":7,
            "5km이내대형병원수":0,
            "500m이내공원수":3,
            "3km이내혐오시설수":0,
            "초등학교학업성취도":87.97,
            "중학교학업성취도":74.7,
            "용적률":217,
            "건폐율":13,
            "Y":36.438977,
            "X":127.383338,
            "rank":86.0,
            "area_info":"29평(97.46), 32평(108.93), 32평(108.57), 32평(108.93), 33평(109.41), 32평(109.09), 33평(109.55), 33평(109.49), 42평(139.29), 42평(139.23), 42평(139.23)",
            "last_sales":"2021-06-10,48000.0,42평(139.23)"
        },
        {
            "index":728,
            "아파트명":"노은3지구영무예다음에코타운",
            "투자타입":"일반",
            "전용면적(m2)":"94.99",
            "전용면적(평)":"28평",
            "법정동주소":"대전시 유성구 지족동 1052",
            "도로명주소":"대전시 유성구 지족로 92",
            "세대수":50,
            "입주년차":80,
            "용적률점수":"--",
            "건폐율점수":"--",
            "세대당주차수":60,
            "난방방식":100,
            "공급면적":"--",
            "전용률":"--",
            "욕실수":100,
            "현관타입":100,
            "주거총점":72.5,
            "지역구공급총점":0.0,
            "역세권":"NA",
            "30분내 이동가능 거점":"NA",
            "1시간내 이동가능 거점":"NA",
            "교통총점":"NA",
            "백화점":0,
            "아울렛몰":0,
            "대형마트":0,
            "은행":0,
            "병원":0,
            "종합병원":80,
            "공원":100,
            "혐오시설":0,
            "인프라총점":19.0,
            "초등학군":90.1,
            "중학군":43.96,
            "학군총점":53.188,
            "인구수":40.91,
            "인구증감":-8.31,
            "인구총점":26.144,
            "일자리":23.4,
            "소득수준":70.9,
            "일자리총점":37.65,
            "가치 총점":46.272,
            "매매실거래년":20210821.0,
            "매매실거래가":51000.0,
            "전세실거래년":20170625.0,
            "전세실거래가":10000.0,
            "전세가율":38.46,
            "장기전세가율평균":73.28,
            "전세가율거품지수":34.82,
            "검색코드":113124,
            "세대수":615,
            "준공년월":"2017-04-01",
            "준공년차":6,
            "가까운역이름":"NA",
            "가까운역거리":"NA",
            "역세권여부":"NA",
            "30분이내주요거점역":"NA",
            "1시간이내주요거점역":"NA",
            "3km이내백화점수":0,
            "5km이내아울렛몰수":0,
            "1km이내대형먀트수":0,
            "500m이내은행수":0,
            "500m이내병원수":0,
            "5km이내대형병원수":1,
            "500m이내공원수":2,
            "3km이내혐오시설수":0,
            "초등학교학업성취도":90.1,
            "중학교학업성취도":72.2,
            "용적률":144,
            "건폐율":27,
            "Y":36.374677,
            "X":127.306699,
            "rank":87.0,
            "area_info":"28평(94.99), 30평(102.42), 32평(107.72), 32평(107.92), 33평(111.84)",
            "last_sales":"2021-08-21,51000.0,33평(111.84)"
        },
        {
            "index":800,
            "아파트명":"트리풀시티포레",
            "투자타입":"일반",
            "전용면적(m2)":"98.93",
            "전용면적(평)":"29평",
            "법정동주소":"대전시 유성구 지족동 1043",
            "도로명주소":"대전시 유성구 지족로190번길 36",
            "세대수":50,
            "입주년차":80,
            "용적률점수":"--",
            "건폐율점수":"--",
            "세대당주차수":60,
            "난방방식":100,
            "공급면적":"--",
            "전용률":"--",
            "욕실수":100,
            "현관타입":100,
            "주거총점":72.5,
            "지역구공급총점":0.0,
            "역세권":"NA",
            "30분내 이동가능 거점":"NA",
            "1시간내 이동가능 거점":"NA",
            "교통총점":"NA",
            "백화점":0,
            "아울렛몰":0,
            "대형마트":0,
            "은행":0,
            "병원":0,
            "종합병원":80,
            "공원":100,
            "혐오시설":0,
            "인프라총점":19.0,
            "초등학군":90.1,
            "중학군":43.96,
            "학군총점":53.188,
            "인구수":40.91,
            "인구증감":-8.31,
            "인구총점":26.144,
            "일자리":23.4,
            "소득수준":70.9,
            "일자리총점":37.65,
            "가치 총점":46.272,
            "매매실거래년":20211120.0,
            "매매실거래가":53400.0,
            "전세실거래년":20211218.0,
            "전세실거래가":23000.0,
            "전세가율":43.07,
            "장기전세가율평균":73.28,
            "전세가율거품지수":30.21,
            "검색코드":109501,
            "세대수":439,
            "준공년월":"2017-07-01",
            "준공년차":6,
            "가까운역이름":"NA",
            "가까운역거리":"NA",
            "역세권여부":"NA",
            "30분이내주요거점역":"NA",
            "1시간이내주요거점역":"NA",
            "3km이내백화점수":0,
            "5km이내아울렛몰수":0,
            "1km이내대형먀트수":0,
            "500m이내은행수":0,
            "500m이내병원수":0,
            "5km이내대형병원수":1,
            "500m이내공원수":3,
            "3km이내혐오시설수":0,
            "초등학교학업성취도":90.1,
            "중학교학업성취도":72.2,
            "용적률":190,
            "건폐율":19,
            "Y":36.380816,
            "X":127.305348,
            "rank":87.0,
            "area_info":"29평(98.93), 29평(98.93), 33평(111.77), 33평(111.77), 34평(112.78), 34평(112.78), 35평(117.85)",
            "last_sales":"2021-11-20,53400.0,29평(98.93)"
        },
        {
            "index":660,
            "아파트명":"엑스포5단지",
            "투자타입":"일반",
            "전용면적(m2)":"106.81",
            "전용면적(평)":"32평",
            "법정동주소":"대전시 유성구 전민동 464-1",
            "도로명주소":"대전시 유성구 엑스포로 448",
            "세대수":50,
            "입주년차":0,
            "용적률점수":"--",
            "건폐율점수":"--",
            "세대당주차수":0,
            "난방방식":80,
            "공급면적":"--",
            "전용률":"--",
            "욕실수":100,
            "현관타입":100,
            "주거총점":45.5,
            "지역구공급총점":0.0,
            "역세권":"NA",
            "30분내 이동가능 거점":"NA",
            "1시간내 이동가능 거점":"NA",
            "교통총점":"NA",
            "백화점":0,
            "아울렛몰":80,
            "대형마트":0,
            "은행":20,
            "병원":60,
            "종합병원":80,
            "공원":100,
            "혐오시설":0,
            "인프라총점":35.0,
            "초등학군":90.08,
            "중학군":59.16,
            "학군총점":65.344,
            "인구수":40.91,
            "인구증감":-8.31,
            "인구총점":26.144,
            "일자리":23.4,
            "소득수준":70.9,
            "일자리총점":37.65,
            "가치 총점":46.261,
            "매매실거래년":"18000101",
            "매매실거래가":null,
            "전세실거래년":null,
            "전세실거래가":null,
            "전세가율":null,
            "장기전세가율평균":73.28,
            "전세가율거품지수":null,
            "검색코드":8683,
            "세대수":504,
            "준공년월":"1994-05-30",
            "준공년차":29,
            "가까운역이름":"NA",
            "가까운역거리":"NA",
            "역세권여부":"NA",
            "30분이내주요거점역":"NA",
            "1시간이내주요거점역":"NA",
            "3km이내백화점수":0,
            "5km이내아울렛몰수":1,
            "1km이내대형먀트수":0,
            "500m이내은행수":2,
            "500m이내병원수":15,
            "5km이내대형병원수":1,
            "500m이내공원수":2,
            "3km이내혐오시설수":0,
            "초등학교학업성취도":90.08,
            "중학교학업성취도":94.6,
            "용적률":196,
            "건폐율":15,
            "Y":36.400724,
            "X":127.407264,
            "rank":88.0,
            "area_info":"32평(106.81), 43평(143.0), 48평(161.23), 56평(186.93)",
            "last_sales":"1800-01-01,nan,32평(106.81)"
        },
        {
            "index":126,
            "아파트명":"운암네오미아",
            "투자타입":"일반",
            "전용면적(m2)":"111.27",
            "전용면적(평)":"33평",
            "법정동주소":"대전시 유성구 덕명동 524",
            "도로명주소":"대전시 유성구 덕명로 26",
            "세대수":50,
            "입주년차":60,
            "용적률점수":"--",
            "건폐율점수":"--",
            "세대당주차수":60,
            "난방방식":100,
            "공급면적":"--",
            "전용률":"--",
            "욕실수":100,
            "현관타입":100,
            "주거총점":68.5,
            "지역구공급총점":0.0,
            "역세권":"NA",
            "30분내 이동가능 거점":"NA",
            "1시간내 이동가능 거점":"NA",
            "교통총점":"NA",
            "백화점":0,
            "아울렛몰":0,
            "대형마트":0,
            "은행":0,
            "병원":0,
            "종합병원":80,
            "공원":100,
            "혐오시설":0,
            "인프라총점":19.0,
            "초등학군":89.52,
            "중학군":50.64,
            "학군총점":58.416,
            "인구수":40.91,
            "인구증감":-8.31,
            "인구총점":26.144,
            "일자리":23.4,
            "소득수준":70.9,
            "일자리총점":37.65,
            "가치 총점":46.179,
            "매매실거래년":20211023.0,
            "매매실거래가":52000.0,
            "전세실거래년":20211117.0,
            "전세실거래가":23100.0,
            "전세가율":44.42,
            "장기전세가율평균":73.28,
            "전세가율거품지수":28.86,
            "검색코드":26407,
            "세대수":544,
            "준공년월":"2010-05-28",
            "준공년차":13,
            "가까운역이름":"NA",
            "가까운역거리":"NA",
            "역세권여부":"NA",
            "30분이내주요거점역":"NA",
            "1시간이내주요거점역":"NA",
            "3km이내백화점수":0,
            "5km이내아울렛몰수":0,
            "1km이내대형먀트수":0,
            "500m이내은행수":0,
            "500m이내병원수":0,
            "5km이내대형병원수":1,
            "500m이내공원수":4,
            "3km이내혐오시설수":0,
            "초등학교학업성취도":89.52,
            "중학교학업성취도":82.6,
            "용적률":203,
            "건폐율":19,
            "Y":36.357596,
            "X":127.30155,
            "rank":89.0,
            "area_info":"33평(111.27), 39평(131.33), 45평(151.49), 48평(159.31)",
            "last_sales":"2021-10-23,52000.0,33평(111.27)"
        },
        {
            "index":797,
            "아파트명":"인앤인",
            "투자타입":"일반",
            "전용면적(m2)":"128.35",
            "전용면적(평)":"38평",
            "법정동주소":"대전시 유성구 지족동 834",
            "도로명주소":"대전시 유성구 북유성대로 219",
            "세대수":0,
            "입주년차":40,
            "용적률점수":"--",
            "건폐율점수":"--",
            "세대당주차수":80,
            "난방방식":30,
            "공급면적":"--",
            "전용률":"--",
            "욕실수":100,
            "현관타입":100,
            "주거총점":43.0,
            "지역구공급총점":0.0,
            "역세권":"NA",
            "30분내 이동가능 거점":"NA",
            "1시간내 이동가능 거점":"NA",
            "교통총점":"NA",
            "백화점":0,
            "아울렛몰":0,
            "대형마트":100,
            "은행":20,
            "병원":30,
            "종합병원":80,
            "공원":100,
            "혐오시설":0,
            "인프라총점":39.0,
            "초등학군":88.11,
            "중학군":53.84,
            "학군총점":60.694,
            "인구수":40.91,
            "인구증감":-8.31,
            "인구총점":26.144,
            "일자리":23.4,
            "소득수준":70.9,
            "일자리총점":37.65,
            "가치 총점":45.8235,
            "매매실거래년":20210923.0,
            "매매실거래가":76800.0,
            "전세실거래년":20210227.0,
            "전세실거래가":30000.0,
            "전세가율":75.95,
            "장기전세가율평균":73.28,
            "전세가율거품지수":-2.67,
            "검색코드":26356,
            "세대수":120,
            "준공년월":"2007-12-14",
            "준공년차":16,
            "가까운역이름":"NA",
            "가까운역거리":"NA",
            "역세권여부":"NA",
            "30분이내주요거점역":"NA",
            "1시간이내주요거점역":"NA",
            "3km이내백화점수":0,
            "5km이내아울렛몰수":0,
            "1km이내대형먀트수":2,
            "500m이내은행수":2,
            "500m이내병원수":7,
            "5km이내대형병원수":1,
            "500m이내공원수":5,
            "3km이내혐오시설수":0,
            "초등학교학업성취도":88.11,
            "중학교학업성취도":88.2,
            "용적률":632,
            "건폐율":69,
            "Y":36.385041,
            "X":127.319217,
            "rank":90.0,
            "area_info":"38평(128.35), 51평(170.6), 64평(213.38)",
            "last_sales":"2021-09-23,76800.0,64평(213.38)"
        },
        {
            "index":570,
            "아파트명":"샘물타운",
            "투자타입":"일반",
            "전용면적(m2)":"76.96",
            "전용면적(평)":"23평",
            "법정동주소":"대전시 유성구 원내동 394",
            "도로명주소":"대전시 유성구 원내로 52",
            "세대수":80,
            "입주년차":0,
            "용적률점수":"--",
            "건폐율점수":"--",
            "세대당주차수":0,
            "난방방식":30,
            "공급면적":"--",
            "전용률":"--",
            "욕실수":50,
            "현관타입":100,
            "주거총점":46.0,
            "지역구공급총점":0.0,
            "역세권":"NA",
            "30분내 이동가능 거점":"NA",
            "1시간내 이동가능 거점":"NA",
            "교통총점":"NA",
            "백화점":0,
            "아울렛몰":0,
            "대형마트":80,
            "은행":0,
            "병원":60,
            "종합병원":100,
            "공원":100,
            "혐오시설":0,
            "인프라총점":41.0,
            "초등학군":86.14,
            "중학군":45.08,
            "학군총점":53.292,
            "인구수":40.91,
            "인구증감":-8.31,
            "인구총점":26.144,
            "일자리":23.4,
            "소득수준":70.9,
            "일자리총점":37.65,
            "가치 총점":45.823,
            "매매실거래년":20211130.0,
            "매매실거래가":20000.0,
            "전세실거래년":20211213.0,
            "전세실거래가":14000.0,
            "전세가율":70.0,
            "장기전세가율평균":73.28,
            "전세가율거품지수":3.28,
            "검색코드":6165,
            "세대수":784,
            "준공년월":"1996-12-07",
            "준공년차":27,
            "가까운역이름":"NA",
            "가까운역거리":"NA",
            "역세권여부":"NA",
            "30분이내주요거점역":"NA",
            "1시간이내주요거점역":"NA",
            "3km이내백화점수":0,
            "5km이내아울렛몰수":0,
            "1km이내대형먀트수":1,
            "500m이내은행수":0,
            "500m이내병원수":12,
            "5km이내대형병원수":2,
            "500m이내공원수":2,
            "3km이내혐오시설수":0,
            "초등학교학업성취도":86.14,
            "중학교학업성취도":73.6,
            "용적률":218,
            "건폐율":22,
            "Y":36.299283,
            "X":127.321399,
            "rank":91.0,
            "area_info":"23평(76.96), 28평(93.03), 31평(105.48), 36평(119.32)",
            "last_sales":"2021-11-30,20000.0,23평(76.96)"
        },
        {
            "index":84,
            "아파트명":"자연",
            "투자타입":"일반",
            "전용면적(m2)":"55.71",
            "전용면적(평)":"16평",
            "법정동주소":"대전시 유성구 궁동 393-3",
            "도로명주소":"대전시 유성구 궁동로 49",
            "세대수":0,
            "입주년차":0,
            "용적률점수":"--",
            "건폐율점수":"--",
            "세대당주차수":0,
            "난방방식":30,
            "공급면적":"--",
            "전용률":"--",
            "욕실수":50,
            "현관타입":10,
            "주거총점":9.0,
            "지역구공급총점":0.0,
            "역세권":"NA",
            "30분내 이동가능 거점":"NA",
            "1시간내 이동가능 거점":"NA",
            "교통총점":"NA",
            "백화점":100,
            "아울렛몰":0,
            "대형마트":80,
            "은행":20,
            "병원":10,
            "종합병원":100,
            "공원":100,
            "혐오시설":0,
            "인프라총점":68.0,
            "초등학군":86.92,
            "중학군":55.62,
            "학군총점":61.88,
            "인구수":40.91,
            "인구증감":-8.31,
            "인구총점":26.144,
            "일자리":23.4,
            "소득수준":70.9,
            "일자리총점":37.65,
            "가치 총점":45.82,
            "매매실거래년":20211111.0,
            "매매실거래가":22900.0,
            "전세실거래년":20210811.0,
            "전세실거래가":10000.0,
            "전세가율":71.94,
            "장기전세가율평균":73.28,
            "전세가율거품지수":1.34,
            "검색코드":6139,
            "세대수":199,
            "준공년월":"1998-10-22",
            "준공년차":25,
            "가까운역이름":"NA",
            "가까운역거리":"NA",
            "역세권여부":"NA",
            "30분이내주요거점역":"NA",
            "1시간이내주요거점역":"NA",
            "3km이내백화점수":2,
            "5km이내아울렛몰수":0,
            "1km이내대형먀트수":1,
            "500m이내은행수":2,
            "500m이내병원수":4,
            "5km이내대형병원수":2,
            "500m이내공원수":5,
            "3km이내혐오시설수":0,
            "초등학교학업성취도":86.92,
            "중학교학업성취도":89.1,
            "용적률":368,
            "건폐율":43,
            "Y":36.364306,
            "X":127.350286,
            "rank":92.0,
            "area_info":"16평(55.71), 23평(78.68), 33평(110.65), 33평(111.28), 33평(111.45), 33평(111.4), 33평(111.43)",
            "last_sales":"2021-11-11,22900.0,33평(111.45)"
        },
        {
            "index":133,
            "아파트명":"하우스토리",
            "투자타입":"일반",
            "전용면적(m2)":"128.33",
            "전용면적(평)":"38평",
            "법정동주소":"대전시 유성구 덕명동 528",
            "도로명주소":"대전시 유성구 덕명로 63",
            "세대수":50,
            "입주년차":60,
            "용적률점수":"--",
            "건폐율점수":"--",
            "세대당주차수":80,
            "난방방식":100,
            "공급면적":"--",
            "전용률":"--",
            "욕실수":100,
            "현관타입":50,
            "주거총점":66.5,
            "지역구공급총점":0.0,
            "역세권":"NA",
            "30분내 이동가능 거점":"NA",
            "1시간내 이동가능 거점":"NA",
            "교통총점":"NA",
            "백화점":0,
            "아울렛몰":0,
            "대형마트":0,
            "은행":0,
            "병원":0,
            "종합병원":80,
            "공원":100,
            "혐오시설":0,
            "인프라총점":19.0,
            "초등학군":89.52,
            "중학군":50.64,
            "학군총점":58.416,
            "인구수":40.91,
            "인구증감":-8.31,
            "인구총점":26.144,
            "일자리":23.4,
            "소득수준":70.9,
            "일자리총점":37.65,
            "가치 총점":45.479,
            "매매실거래년":20211108.0,
            "매매실거래가":60000.0,
            "전세실거래년":20211014.0,
            "전세실거래가":28000.0,
            "전세가율":51.85,
            "장기전세가율평균":73.28,
            "전세가율거품지수":21.43,
            "검색코드":26408,
            "세대수":474,
            "준공년월":"2010-05-28",
            "준공년차":13,
            "가까운역이름":"NA",
            "가까운역거리":"NA",
            "역세권여부":"NA",
            "30분이내주요거점역":"NA",
            "1시간이내주요거점역":"NA",
            "3km이내백화점수":0,
            "5km이내아울렛몰수":0,
            "1km이내대형먀트수":0,
            "500m이내은행수":0,
            "500m이내병원수":0,
            "5km이내대형병원수":1,
            "500m이내공원수":6,
            "3km이내혐오시설수":0,
            "초등학교학업성취도":89.52,
            "중학교학업성취도":82.6,
            "용적률":209,
            "건폐율":16,
            "Y":36.358249,
            "X":127.305422,
            "rank":93.0,
            "area_info":"38평(128.33), 39평(129.86), 39평(130.43), 47평(156.59), 47평(157.44), 54평(181.1)",
            "last_sales":"2021-11-08,60000.0,47평(156.59)"
        },
        {
            "index":755,
            "아파트명":"노은해랑숲마을5단지",
            "투자타입":"일반",
            "전용면적(m2)":"68.13",
            "전용면적(평)":"20평",
            "법정동주소":"대전시 유성구 지족동 1033",
            "도로명주소":"대전시 유성구 지족로 240",
            "세대수":50,
            "입주년차":80,
            "용적률점수":"--",
            "건폐율점수":"--",
            "세대당주차수":30,
            "난방방식":100,
            "공급면적":"--",
            "전용률":"--",
            "욕실수":50,
            "현관타입":100,
            "주거총점":63.0,
            "지역구공급총점":0.0,
            "역세권":"NA",
            "30분내 이동가능 거점":"NA",
            "1시간내 이동가능 거점":"NA",
            "교통총점":"NA",
            "백화점":0,
            "아울렛몰":0,
            "대형마트":0,
            "은행":0,
            "병원":60,
            "종합병원":80,
            "공원":100,
            "혐오시설":0,
            "인프라총점":25.0,
            "초등학군":90.1,
            "중학군":43.96,
            "학군총점":53.188,
            "인구수":40.91,
            "인구증감":-8.31,
            "인구총점":26.144,
            "일자리":23.4,
            "소득수준":70.9,
            "일자리총점":37.65,
            "가치 총점":45.347,
            "매매실거래년":20210830.0,
            "매매실거래가":49000.0,
            "전세실거래년":20210824.0,
            "전세실거래가":15750.0,
            "전세가율":53.03,
            "장기전세가율평균":73.28,
            "전세가율거품지수":20.25,
            "검색코드":106496,
            "세대수":518,
            "준공년월":"2014-06-02",
            "준공년차":9,
            "가까운역이름":"NA",
            "가까운역거리":"NA",
            "역세권여부":"NA",
            "30분이내주요거점역":"NA",
            "1시간이내주요거점역":"NA",
            "3km이내백화점수":0,
            "5km이내아울렛몰수":0,
            "1km이내대형먀트수":0,
            "500m이내은행수":0,
            "500m이내병원수":13,
            "5km이내대형병원수":1,
            "500m이내공원수":5,
            "3km이내혐오시설수":0,
            "초등학교학업성취도":90.1,
            "중학교학업성취도":72.2,
            "용적률":180,
            "건폐율":19,
            "Y":36.385518,
            "X":127.305023,
            "rank":94.0,
            "area_info":"20평(68.13), 23평(78.3), 23평(78.3), 29평(98.36), 29평(98.32), 29평(98.36), 33평(111.47), 33평(111.47)",
            "last_sales":"2021-08-30,49000.0,33평(111.47)"
        },
        {
            "index":698,
            "아파트명":"죽동천년나무5단지",
            "투자타입":"일반",
            "전용면적(m2)":"84.81",
            "전용면적(평)":"25평",
            "법정동주소":"대전시 유성구 죽동 712",
            "도로명주소":"대전시 유성구 죽동로 72",
            "세대수":50,
            "입주년차":80,
            "용적률점수":"--",
            "건폐율점수":"--",
            "세대당주차수":0,
            "난방방식":30,
            "공급면적":"--",
            "전용률":"--",
            "욕실수":100,
            "현관타입":100,
            "주거총점":56.5,
            "지역구공급총점":0.0,
            "역세권":"NA",
            "30분내 이동가능 거점":"NA",
            "1시간내 이동가능 거점":"NA",
            "교통총점":"NA",
            "백화점":0,
            "아울렛몰":0,
            "대형마트":0,
            "은행":0,
            "병원":30,
            "종합병원":100,
            "공원":100,
            "혐오시설":0,
            "인프라총점":26.0,
            "초등학군":80.94,
            "중학군":55.58,
            "학군총점":60.652,
            "인구수":40.91,
            "인구증감":-8.31,
            "인구총점":26.144,
            "일자리":23.4,
            "소득수준":70.9,
            "일자리총점":37.65,
            "가치 총점":45.338,
            "매매실거래년":20211227.0,
            "매매실거래가":50000.0,
            "전세실거래년":20190311.0,
            "전세실거래가":10247.0,
            "전세가율":null,
            "장기전세가율평균":73.28,
            "전세가율거품지수":null,
            "검색코드":145404,
            "세대수":492,
            "준공년월":"2016-05-09",
            "준공년차":7,
            "가까운역이름":"NA",
            "가까운역거리":"NA",
            "역세권여부":"NA",
            "30분이내주요거점역":"NA",
            "1시간이내주요거점역":"NA",
            "3km이내백화점수":0,
            "5km이내아울렛몰수":0,
            "1km이내대형먀트수":0,
            "500m이내은행수":0,
            "500m이내병원수":8,
            "5km이내대형병원수":2,
            "500m이내공원수":7,
            "3km이내혐오시설수":0,
            "초등학교학업성취도":80.94,
            "중학교학업성취도":90.3,
            "용적률":195,
            "건폐율":20,
            "Y":36.372186,
            "X":127.335791,
            "rank":95.0,
            "area_info":"25평(84.81), 25평(84.94)",
            "last_sales":"2021-12-27,50000.0,25평(84.94)"
        },
        {
            "index":620,
            "아파트명":"장대푸르지오",
            "투자타입":"일반",
            "전용면적(m2)":"117.54",
            "전용면적(평)":"35평",
            "법정동주소":"대전시 유성구 장대동 479",
            "도로명주소":"대전시 유성구 장대로71번길 34",
            "세대수":50,
            "입주년차":40,
            "용적률점수":"--",
            "건폐율점수":"--",
            "세대당주차수":60,
            "난방방식":30,
            "공급면적":"--",
            "전용률":"--",
            "욕실수":100,
            "현관타입":100,
            "주거총점":57.5,
            "지역구공급총점":0.0,
            "역세권":"NA",
            "30분내 이동가능 거점":"NA",
            "1시간내 이동가능 거점":"NA",
            "교통총점":"NA",
            "백화점":0,
            "아울렛몰":0,
            "대형마트":0,
            "은행":0,
            "병원":60,
            "종합병원":100,
            "공원":100,
            "혐오시설":0,
            "인프라총점":29.0,
            "초등학군":88.34,
            "중학군":43.44,
            "학군총점":52.42,
            "인구수":40.91,
            "인구증감":-8.31,
            "인구총점":26.144,
            "일자리":23.4,
            "소득수준":70.9,
            "일자리총점":37.65,
            "가치 총점":44.83,
            "매매실거래년":20211014.0,
            "매매실거래가":56000.0,
            "전세실거래년":20220106.0,
            "전세실거래가":25000.0,
            "전세가율":44.64,
            "장기전세가율평균":73.28,
            "전세가율거품지수":28.64,
            "검색코드":19341,
            "세대수":562,
            "준공년월":"2006-12-27",
            "준공년차":17,
            "가까운역이름":"NA",
            "가까운역거리":"NA",
            "역세권여부":"NA",
            "30분이내주요거점역":"NA",
            "1시간이내주요거점역":"NA",
            "3km이내백화점수":0,
            "5km이내아울렛몰수":0,
            "1km이내대형먀트수":0,
            "500m이내은행수":0,
            "500m이내병원수":11,
            "5km이내대형병원수":2,
            "500m이내공원수":4,
            "3km이내혐오시설수":0,
            "초등학교학업성취도":88.34,
            "중학교학업성취도":71.2,
            "용적률":190,
            "건폐율":16,
            "Y":36.361447,
            "X":127.33198,
            "rank":96.0,
            "area_info":"35평(117.54), 49평(164.73), 57평(190.45)",
            "last_sales":"2021-10-14,56000.0,35평(117.54)"
        },
        {
            "index":481,
            "아파트명":"송강그린",
            "투자타입":"일반",
            "전용면적(m2)":"77.99",
            "전용면적(평)":"23평",
            "법정동주소":"대전시 유성구 송강동 199",
            "도로명주소":"대전시 유성구 구즉로 25",
            "세대수":100,
            "입주년차":0,
            "용적률점수":"--",
            "건폐율점수":"--",
            "세대당주차수":0,
            "난방방식":30,
            "공급면적":"--",
            "전용률":"--",
            "욕실수":100,
            "현관타입":100,
            "주거총점":58.0,
            "지역구공급총점":0.0,
            "역세권":"NA",
            "30분내 이동가능 거점":"NA",
            "1시간내 이동가능 거점":"NA",
            "교통총점":"NA",
            "백화점":0,
            "아울렛몰":80,
            "대형마트":80,
            "은행":0,
            "병원":30,
            "종합병원":0,
            "공원":100,
            "혐오시설":0,
            "인프라총점":26.0,
            "초등학군":84.48,
            "중학군":47.34,
            "학군총점":54.768,
            "인구수":40.91,
            "인구증감":-8.31,
            "인구총점":26.144,
            "일자리":23.4,
            "소득수준":70.9,
            "일자리총점":37.65,
            "가치 총점":44.392,
            "매매실거래년":20211125.0,
            "매매실거래가":29000.0,
            "전세실거래년":20220108.0,
            "전세실거래가":20000.0,
            "전세가율":83.33,
            "장기전세가율평균":73.28,
            "전세가율거품지수":-10.05,
            "검색코드":25256,
            "세대수":1830,
            "준공년월":"1996-10-30",
            "준공년차":27,
            "가까운역이름":"NA",
            "가까운역거리":"NA",
            "역세권여부":"NA",
            "30분이내주요거점역":"NA",
            "1시간이내주요거점역":"NA",
            "3km이내백화점수":0,
            "5km이내아울렛몰수":1,
            "1km이내대형먀트수":1,
            "500m이내은행수":0,
            "500m이내병원수":6,
            "5km이내대형병원수":0,
            "500m이내공원수":3,
            "3km이내혐오시설수":0,
            "초등학교학업성취도":84.48,
            "중학교학업성취도":78.3,
            "용적률":209,
            "건폐율":15,
            "Y":36.432199,
            "X":127.382065,
            "rank":97.0,
            "area_info":"23평(77.99), 23평(77.99), 23평(77.99), 31평(105.05)",
            "last_sales":"2021-11-25,29000.0,31평(105.05)"
        },
        {
            "index":170,
            "아파트명":"연구원현대",
            "투자타입":"재건축",
            "전용면적(m2)":"123.46",
            "전용면적(평)":"37평",
            "법정동주소":"대전시 유성구 도룡동 431-6",
            "도로명주소":"대전시 유성구 대덕대로541번길 68",
            "세대수":0,
            "입주년차":"--",
            "용적률점수":0,
            "건폐율점수":0,
            "세대당주차수":"--",
            "난방방식":"--",
            "공급면적":100,
            "전용률":80,
            "욕실수":"--",
            "현관타입":"--",
            "주거총점":9.0,
            "지역구공급총점":0.0,
            "역세권":"NA",
            "30분내 이동가능 거점":"NA",
            "1시간내 이동가능 거점":"NA",
            "교통총점":"NA",
            "백화점":100,
            "아울렛몰":80,
            "대형마트":0,
            "은행":0,
            "병원":30,
            "종합병원":100,
            "공원":80,
            "혐오시설":0,
            "인프라총점":63.4,
            "초등학군":84.3,
            "중학군":58.2,
            "학군총점":63.42,
            "인구수":40.91,
            "인구증감":-8.31,
            "인구총점":26.144,
            "일자리":23.4,
            "소득수준":70.9,
            "일자리총점":37.65,
            "가치 총점":44.365,
            "매매실거래년":20200616.0,
            "매매실거래가":98000.0,
            "전세실거래년":20211015.0,
            "전세실거래가":44000.0,
            "전세가율":62.41,
            "장기전세가율평균":73.28,
            "전세가율거품지수":10.87,
            "검색코드":9343,
            "세대수":150,
            "준공년월":"1989-10-12",
            "준공년차":34,
            "가까운역이름":"NA",
            "가까운역거리":"NA",
            "역세권여부":"NA",
            "30분이내주요거점역":"NA",
            "1시간이내주요거점역":"NA",
            "3km이내백화점수":1,
            "5km이내아울렛몰수":1,
            "1km이내대형먀트수":0,
            "500m이내은행수":1,
            "500m이내병원수":5,
            "5km이내대형병원수":3,
            "500m이내공원수":1,
            "3km이내혐오시설수":0,
            "초등학교학업성취도":84.3,
            "중학교학업성취도":93.2,
            "용적률":0,
            "건폐율":0,
            "Y":36.38297,
            "X":127.377304,
            "rank":98.0,
            "area_info":"37평(123.46), 38평(127.05), 43평(144.44), 52평(173.89)",
            "last_sales":"2020-06-16,98000.0,43평(144.44)"
        },
        {
            "index":574,
            "아파트명":"진잠타운",
            "투자타입":"일반",
            "전용면적(m2)":"57.11",
            "전용면적(평)":"17평",
            "법정동주소":"대전시 유성구 원내동 383",
            "도로명주소":"대전시 유성구 진잠로42번길 88",
            "세대수":90,
            "입주년차":0,
            "용적률점수":"--",
            "건폐율점수":"--",
            "세대당주차수":0,
            "난방방식":30,
            "공급면적":"--",
            "전용률":"--",
            "욕실수":50,
            "현관타입":10,
            "주거총점":40.5,
            "지역구공급총점":0.0,
            "역세권":"NA",
            "30분내 이동가능 거점":"NA",
            "1시간내 이동가능 거점":"NA",
            "교통총점":"NA",
            "백화점":0,
            "아울렛몰":0,
            "대형마트":80,
            "은행":0,
            "병원":60,
            "종합병원":100,
            "공원":100,
            "혐오시설":0,
            "인프라총점":41.0,
            "초등학군":86.14,
            "중학군":45.08,
            "학군총점":53.292,
            "인구수":40.91,
            "인구증감":-8.31,
            "인구총점":26.144,
            "일자리":23.4,
            "소득수준":70.9,
            "일자리총점":37.65,
            "가치 총점":43.898,
            "매매실거래년":20211231.0,
            "매매실거래가":11400.0,
            "전세실거래년":20211113.0,
            "전세실거래가":8500.0,
            "전세가율":74.56,
            "장기전세가율평균":73.28,
            "전세가율거품지수":-1.28,
            "검색코드":6172,
            "세대수":1320,
            "준공년월":"1995-10-29",
            "준공년차":28,
            "가까운역이름":"NA",
            "가까운역거리":"NA",
            "역세권여부":"NA",
            "30분이내주요거점역":"NA",
            "1시간이내주요거점역":"NA",
            "3km이내백화점수":0,
            "5km이내아울렛몰수":0,
            "1km이내대형먀트수":1,
            "500m이내은행수":0,
            "500m이내병원수":12,
            "5km이내대형병원수":2,
            "500m이내공원수":3,
            "3km이내혐오시설수":0,
            "초등학교학업성취도":86.14,
            "중학교학업성취도":73.6,
            "용적률":199,
            "건폐율":19,
            "Y":36.297813,
            "X":127.321167,
            "rank":99.0,
            "area_info":"17평(57.11), 19평(65.28), 23평(77.4)",
            "last_sales":"2021-12-31,11400.0,17평(57.11)"
        },
        {
            "index":780,
            "아파트명":"열매2단지한라",
            "투자타입":"일반",
            "전용면적(m2)":"88.83",
            "전용면적(평)":"26평",
            "법정동주소":"대전시 유성구 지족동 873",
            "도로명주소":"대전시 유성구 노은동로 233",
            "세대수":30,
            "입주년차":20,
            "용적률점수":"--",
            "건폐율점수":"--",
            "세대당주차수":30,
            "난방방식":30,
            "공급면적":"--",
            "전용률":"--",
            "욕실수":100,
            "현관타입":100,
            "주거총점":42.0,
            "지역구공급총점":0.0,
            "역세권":"NA",
            "30분내 이동가능 거점":"NA",
            "1시간내 이동가능 거점":"NA",
            "교통총점":"NA",
            "백화점":0,
            "아울렛몰":0,
            "대형마트":100,
            "은행":0,
            "병원":0,
            "종합병원":80,
            "공원":100,
            "혐오시설":0,
            "인프라총점":34.0,
            "초등학군":88.11,
            "중학군":54.02,
            "학군총점":60.838,
            "인구수":40.91,
            "인구증감":-8.31,
            "인구총점":26.144,
            "일자리":23.4,
            "소득수준":70.9,
            "일자리총점":37.65,
            "가치 총점":43.5095,
            "매매실거래년":20211030.0,
            "매매실거래가":41500.0,
            "전세실거래년":20211225.0,
            "전세실거래가":18900.0,
            "전세가율":45.54,
            "장기전세가율평균":73.28,
            "전세가율거품지수":27.74,
            "검색코드":8469,
            "세대수":312,
            "준공년월":"2001-12-24",
            "준공년차":22,
            "가까운역이름":"NA",
            "가까운역거리":"NA",
            "역세권여부":"NA",
            "30분이내주요거점역":"NA",
            "1시간이내주요거점역":"NA",
            "3km이내백화점수":0,
            "5km이내아울렛몰수":0,
            "1km이내대형먀트수":3,
            "500m이내은행수":0,
            "500m이내병원수":1,
            "5km이내대형병원수":1,
            "500m이내공원수":5,
            "3km이내혐오시설수":0,
            "초등학교학업성취도":88.11,
            "중학교학업성취도":88.5,
            "용적률":217,
            "건폐율":16,
            "Y":36.380192,
            "X":127.319025,
            "rank":100.0,
            "area_info":"26평(88.83), 26평(88.34)",
            "last_sales":"2021-10-30,41500.0,26평(88.83)"
        },
        {
            "index":212,
            "아파트명":"노블레스타워",
            "투자타입":"일반",
            "전용면적(m2)":"109.2",
            "전용면적(평)":"33평",
            "법정동주소":"대전시 유성구 봉명동 536-10",
            "도로명주소":"대전시 유성구 대학로 34",
            "세대수":0,
            "입주년차":40,
            "용적률점수":"--",
            "건폐율점수":"--",
            "세대당주차수":80,
            "난방방식":30,
            "공급면적":"--",
            "전용률":"--",
            "욕실수":100,
            "현관타입":100,
            "주거총점":43.0,
            "지역구공급총점":0.0,
            "역세권":"NA",
            "30분내 이동가능 거점":"NA",
            "1시간내 이동가능 거점":"NA",
            "교통총점":"NA",
            "백화점":0,
            "아울렛몰":0,
            "대형마트":0,
            "은행":70,
            "병원":80,
            "종합병원":100,
            "공원":100,
            "혐오시설":0,
            "인프라총점":38.0,
            "초등학군":89.74,
            "중학군":43.44,
            "학군총점":52.7,
            "인구수":40.91,
            "인구증감":-8.31,
            "인구총점":26.144,
            "일자리":23.4,
            "소득수준":70.9,
            "일자리총점":37.65,
            "가치 총점":43.425,
            "매매실거래년":20211216.0,
            "매매실거래가":30000.0,
            "전세실거래년":20210910.0,
            "전세실거래가":20000.0,
            "전세가율":66.67,
            "장기전세가율평균":73.28,
            "전세가율거품지수":6.61,
            "검색코드":24403,
            "세대수":168,
            "준공년월":"2006-06-05",
            "준공년차":17,
            "가까운역이름":"NA",
            "가까운역거리":"NA",
            "역세권여부":"NA",
            "30분이내주요거점역":"NA",
            "1시간이내주요거점역":"NA",
            "3km이내백화점수":0,
            "5km이내아울렛몰수":0,
            "1km이내대형먀트수":0,
            "500m이내은행수":3,
            "500m이내병원수":39,
            "5km이내대형병원수":2,
            "500m이내공원수":6,
            "3km이내혐오시설수":0,
            "초등학교학업성취도":89.74,
            "중학교학업성취도":71.2,
            "용적률":0,
            "건폐율":0,
            "Y":36.356696,
            "X":127.34304,
            "rank":101.0,
            "area_info":"33평(109.2), 35평(117.99), 39평(130.71), 42평(142.0)",
            "last_sales":"2021-12-16,30000.0,33평(109.2)"
        },
        {
            "index":355,
            "아파트명":"유성세움펠리피아",
            "투자타입":"일반",
            "전용면적(m2)":"76.02",
            "전용면적(평)":"22평",
            "법정동주소":"대전시 유성구 봉명동 466-2",
            "도로명주소":"대전시 유성구 계룡로52번길 11",
            "세대수":0,
            "입주년차":80,
            "용적률점수":"--",
            "건폐율점수":"--",
            "세대당주차수":30,
            "난방방식":30,
            "공급면적":"--",
            "전용률":"--",
            "욕실수":50,
            "현관타입":100,
            "주거총점":38.5,
            "지역구공급총점":0.0,
            "역세권":"NA",
            "30분내 이동가능 거점":"NA",
            "1시간내 이동가능 거점":"NA",
            "교통총점":"NA",
            "백화점":0,
            "아울렛몰":0,
            "대형마트":0,
            "은행":100,
            "병원":80,
            "종합병원":100,
            "공원":100,
            "혐오시설":0,
            "인프라총점":41.0,
            "초등학군":88.34,
            "중학군":43.44,
            "학군총점":52.42,
            "인구수":40.91,
            "인구증감":-8.31,
            "인구총점":26.144,
            "일자리":23.4,
            "소득수준":70.9,
            "일자리총점":37.65,
            "가치 총점":42.98,
            "매매실거래년":20211012.0,
            "매매실거래가":34500.0,
            "전세실거래년":20210702.0,
            "전세실거래가":16500.0,
            "전세가율":92.7,
            "장기전세가율평균":73.28,
            "전세가율거품지수":-19.42,
            "검색코드":105329,
            "세대수":298,
            "준공년월":"2014-07-28",
            "준공년차":9,
            "가까운역이름":"NA",
            "가까운역거리":"NA",
            "역세권여부":"NA",
            "30분이내주요거점역":"NA",
            "1시간이내주요거점역":"NA",
            "3km이내백화점수":0,
            "5km이내아울렛몰수":0,
            "1km이내대형먀트수":0,
            "500m이내은행수":5,
            "500m이내병원수":44,
            "5km이내대형병원수":2,
            "500m이내공원수":5,
            "3km이내혐오시설수":0,
            "초등학교학업성취도":88.34,
            "중학교학업성취도":71.2,
            "용적률":871,
            "건폐율":64,
            "Y":36.354445,
            "X":127.33692,
            "rank":102.0,
            "area_info":"22평(76.02), 26평(88.89), 27평(91.37), 27평(91.77), 27평(92.13), 32평(106.19), 35평(117.56), 35평(117.66), 35평(118.23), 35평(118.99), 35평(118.33), 36평(119.09), 36평(119.75), 36평(120.88)",
            "last_sales":"2021-10-12,34500.0,36평(119.09)"
        },
        {
            "index":546,
            "아파트명":"대덕테크노밸리12단지필유",
            "투자타입":"일반",
            "전용면적(m2)":"115.18",
            "전용면적(평)":"34평",
            "법정동주소":"대전시 유성구 용산동 666",
            "도로명주소":"대전시 유성구 배울1로 119",
            "세대수":50,
            "입주년차":40,
            "용적률점수":"--",
            "건폐율점수":"--",
            "세대당주차수":60,
            "난방방식":100,
            "공급면적":"--",
            "전용률":"--",
            "욕실수":100,
            "현관타입":100,
            "주거총점":64.5,
            "지역구공급총점":0.0,
            "역세권":"NA",
            "30분내 이동가능 거점":"NA",
            "1시간내 이동가능 거점":"NA",
            "교통총점":"NA",
            "백화점":0,
            "아울렛몰":80,
            "대형마트":0,
            "은행":0,
            "병원":0,
            "종합병원":0,
            "공원":100,
            "혐오시설":0,
            "인프라총점":11.0,
            "초등학군":90.49,
            "중학군":56.6,
            "학군총점":63.378,
            "인구수":40.91,
            "인구증감":-8.31,
            "인구총점":26.144,
            "일자리":23.4,
            "소득수준":70.9,
            "일자리총점":37.65,
            "가치 총점":42.8195,
            "매매실거래년":20211002.0,
            "매매실거래가":92300.0,
            "전세실거래년":20211124.0,
            "전세실거래가":40000.0,
            "전세가율":62.99,
            "장기전세가율평균":73.28,
            "전세가율거품지수":10.29,
            "검색코드":23725,
            "세대수":464,
            "준공년월":"2007-05-28",
            "준공년차":16,
            "가까운역이름":"NA",
            "가까운역거리":"NA",
            "역세권여부":"NA",
            "30분이내주요거점역":"NA",
            "1시간이내주요거점역":"NA",
            "3km이내백화점수":0,
            "5km이내아울렛몰수":1,
            "1km이내대형먀트수":0,
            "500m이내은행수":0,
            "500m이내병원수":0,
            "5km이내대형병원수":0,
            "500m이내공원수":5,
            "3km이내혐오시설수":0,
            "초등학교학업성취도":90.49,
            "중학교학업성취도":92.0,
            "용적률":179,
            "건폐율":20,
            "Y":36.417767,
            "X":127.393184,
            "rank":103.0,
            "area_info":"34평(115.18), 40평(134.56), 40평(134.19), 52평(174.7), 64평(214.32)",
            "last_sales":"2021-10-02,92300.0,52평(174.7)"
        },
        {
            "index":537,
            "아파트명":"경남아너스빌2단지",
            "투자타입":"일반",
            "전용면적(m2)":"161.89",
            "전용면적(평)":"48평",
            "법정동주소":"대전시 유성구 용산동 719",
            "도로명주소":"대전시 유성구 배울2로 133",
            "세대수":0,
            "입주년차":40,
            "용적률점수":"--",
            "건폐율점수":"--",
            "세대당주차수":100,
            "난방방식":30,
            "공급면적":"--",
            "전용률":"--",
            "욕실수":100,
            "현관타입":100,
            "주거총점":46.0,
            "지역구공급총점":0.0,
            "역세권":"NA",
            "30분내 이동가능 거점":"NA",
            "1시간내 이동가능 거점":"NA",
            "교통총점":"NA",
            "백화점":0,
            "아울렛몰":80,
            "대형마트":0,
            "은행":0,
            "병원":0,
            "종합병원":80,
            "공원":100,
            "혐오시설":0,
            "인프라총점":27.0,
            "초등학군":90.49,
            "중학군":56.6,
            "학군총점":63.378,
            "인구수":40.91,
            "인구증감":-8.31,
            "인구총점":26.144,
            "일자리":23.4,
            "소득수준":70.9,
            "일자리총점":37.65,
            "가치 총점":42.7445,
            "매매실거래년":20211211.0,
            "매매실거래가":130000.0,
            "전세실거래년":20180615.0,
            "전세실거래가":36500.0,
            "전세가율":35.54,
            "장기전세가율평균":73.28,
            "전세가율거품지수":37.74,
            "검색코드":25449,
            "세대수":156,
            "준공년월":"2008-01-15",
            "준공년차":15,
            "가까운역이름":"NA",
            "가까운역거리":"NA",
            "역세권여부":"NA",
            "30분이내주요거점역":"NA",
            "1시간이내주요거점역":"NA",
            "3km이내백화점수":0,
            "5km이내아울렛몰수":1,
            "1km이내대형먀트수":0,
            "500m이내은행수":0,
            "500m이내병원수":0,
            "5km이내대형병원수":1,
            "500m이내공원수":7,
            "3km이내혐오시설수":0,
            "초등학교학업성취도":90.49,
            "중학교학업성취도":92.0,
            "용적률":122,
            "건폐율":24,
            "Y":36.419016,
            "X":127.397691,
            "rank":104.0,
            "area_info":"48평(161.89), 58평(192.47), 58평(194.4), 68평(226.25), 73평(243.14)",
            "last_sales":"2021-12-11,130000.0,68평(226.25)"
        },
        {
            "index":605,
            "아파트명":"드림월드",
            "투자타입":"일반",
            "전용면적(m2)":"112.82",
            "전용면적(평)":"34평",
            "법정동주소":"대전시 유성구 장대동 344",
            "도로명주소":"대전시 유성구 문화원로 13",
            "세대수":50,
            "입주년차":20,
            "용적률점수":"--",
            "건폐율점수":"--",
            "세대당주차수":60,
            "난방방식":30,
            "공급면적":"--",
            "전용률":"--",
            "욕실수":100,
            "현관타입":100,
            "주거총점":53.5,
            "지역구공급총점":0.0,
            "역세권":"NA",
            "30분내 이동가능 거점":"NA",
            "1시간내 이동가능 거점":"NA",
            "교통총점":"NA",
            "백화점":0,
            "아울렛몰":0,
            "대형마트":0,
            "은행":0,
            "병원":30,
            "종합병원":100,
            "공원":100,
            "혐오시설":0,
            "인프라총점":26.0,
            "초등학군":89.74,
            "중학군":43.44,
            "학군총점":52.7,
            "인구수":40.91,
            "인구증감":-8.31,
            "인구총점":26.144,
            "일자리":23.4,
            "소득수준":70.9,
            "일자리총점":37.65,
            "가치 총점":42.3,
            "매매실거래년":20211207.0,
            "매매실거래가":52000.0,
            "전세실거래년":20211218.0,
            "전세실거래가":28000.0,
            "전세가율":56.0,
            "장기전세가율평균":73.28,
            "전세가율거품지수":17.28,
            "검색코드":6134,
            "세대수":592,
            "준공년월":"2002-04-19",
            "준공년차":21,
            "가까운역이름":"NA",
            "가까운역거리":"NA",
            "역세권여부":"NA",
            "30분이내주요거점역":"NA",
            "1시간이내주요거점역":"NA",
            "3km이내백화점수":0,
            "5km이내아울렛몰수":0,
            "1km이내대형먀트수":0,
            "500m이내은행수":0,
            "500m이내병원수":9,
            "5km이내대형병원수":2,
            "500m이내공원수":5,
            "3km이내혐오시설수":0,
            "초등학교학업성취도":89.74,
            "중학교학업성취도":71.2,
            "용적률":214,
            "건폐율":20,
            "Y":36.362899,
            "X":127.338653,
            "rank":105.0,
            "area_info":"34평(112.82), 39평(129.63), 50평(165.58)",
            "last_sales":"2021-12-07,52000.0,39평(129.63)"
        },
        {
            "index":617,
            "아파트명":"월드컵패밀리타운",
            "투자타입":"일반",
            "전용면적(m2)":"114.66",
            "전용면적(평)":"34평",
            "법정동주소":"대전시 유성구 장대동 323-2",
            "도로명주소":"대전시 유성구 유성대로783번길 38",
            "세대수":50,
            "입주년차":20,
            "용적률점수":"--",
            "건폐율점수":"--",
            "세대당주차수":60,
            "난방방식":30,
            "공급면적":"--",
            "전용률":"--",
            "욕실수":100,
            "현관타입":100,
            "주거총점":53.5,
            "지역구공급총점":0.0,
            "역세권":"NA",
            "30분내 이동가능 거점":"NA",
            "1시간내 이동가능 거점":"NA",
            "교통총점":"NA",
            "백화점":0,
            "아울렛몰":0,
            "대형마트":0,
            "은행":0,
            "병원":30,
            "종합병원":100,
            "공원":100,
            "혐오시설":0,
            "인프라총점":26.0,
            "초등학군":89.74,
            "중학군":43.44,
            "학군총점":52.7,
            "인구수":40.91,
            "인구증감":-8.31,
            "인구총점":26.144,
            "일자리":23.4,
            "소득수준":70.9,
            "일자리총점":37.65,
            "가치 총점":42.3,
            "매매실거래년":20211119.0,
            "매매실거래가":48700.0,
            "전세실거래년":20210824.0,
            "전세실거래가":32000.0,
            "전세가율":65.71,
            "장기전세가율평균":73.28,
            "전세가율거품지수":7.57,
            "검색코드":8766,
            "세대수":556,
            "준공년월":"2002-04-19",
            "준공년차":21,
            "가까운역이름":"NA",
            "가까운역거리":"NA",
            "역세권여부":"NA",
            "30분이내주요거점역":"NA",
            "1시간이내주요거점역":"NA",
            "3km이내백화점수":0,
            "5km이내아울렛몰수":0,
            "1km이내대형먀트수":0,
            "500m이내은행수":0,
            "500m이내병원수":9,
            "5km이내대형병원수":2,
            "500m이내공원수":3,
            "3km이내혐오시설수":0,
            "초등학교학업성취도":89.74,
            "중학교학업성취도":71.2,
            "용적률":212,
            "건폐율":13,
            "Y":36.363795,
            "X":127.336105,
            "rank":105.0,
            "area_info":"34평(114.66), 47평(157.94), 60평(199.66)",
            "last_sales":"2021-11-19,48700.0,34평(114.66)"
        },
        {
            "index":742,
            "아파트명":"노은에코힐",
            "투자타입":"일반",
            "전용면적(m2)":"98.53",
            "전용면적(평)":"29평",
            "법정동주소":"대전시 유성구 지족동 1041",
            "도로명주소":"대전시 유성구 지족로190번길 39",
            "세대수":30,
            "입주년차":80,
            "용적률점수":"--",
            "건폐율점수":"--",
            "세대당주차수":30,
            "난방방식":100,
            "공급면적":"--",
            "전용률":"--",
            "욕실수":100,
            "현관타입":100,
            "주거총점":61.0,
            "지역구공급총점":0.0,
            "역세권":"NA",
            "30분내 이동가능 거점":"NA",
            "1시간내 이동가능 거점":"NA",
            "교통총점":"NA",
            "백화점":0,
            "아울렛몰":0,
            "대형마트":0,
            "은행":0,
            "병원":0,
            "종합병원":80,
            "공원":100,
            "혐오시설":0,
            "인프라총점":19.0,
            "초등학군":90.1,
            "중학군":43.96,
            "학군총점":53.188,
            "인구수":40.91,
            "인구증감":-8.31,
            "인구총점":26.144,
            "일자리":23.4,
            "소득수준":70.9,
            "일자리총점":37.65,
            "가치 총점":42.247,
            "매매실거래년":20210729.0,
            "매매실거래가":48000.0,
            "전세실거래년":20210831.0,
            "전세실거래가":35000.0,
            "전세가율":78.12,
            "장기전세가율평균":73.28,
            "전세가율거품지수":-4.84,
            "검색코드":107820,
            "세대수":356,
            "준공년월":"2015-01-22",
            "준공년차":8,
            "가까운역이름":"NA",
            "가까운역거리":"NA",
            "역세권여부":"NA",
            "30분이내주요거점역":"NA",
            "1시간이내주요거점역":"NA",
            "3km이내백화점수":0,
            "5km이내아울렛몰수":0,
            "1km이내대형먀트수":0,
            "500m이내은행수":0,
            "500m이내병원수":0,
            "5km이내대형병원수":1,
            "500m이내공원수":3,
            "3km이내혐오시설수":0,
            "초등학교학업성취도":90.1,
            "중학교학업성취도":72.2,
            "용적률":174,
            "건폐율":15,
            "Y":36.382266,
            "X":127.305153,
            "rank":106.0,
            "area_info":"29평(98.53), 29평(98.47), 33평(111.65)",
            "last_sales":"2021-07-29,48000.0,33평(111.65)"
        },
        {
            "index":503,
            "아파트명":"럭키하나",
            "투자타입":"일반",
            "전용면적(m2)":"88.57",
            "전용면적(평)":"26평",
            "법정동주소":"대전시 유성구 신성동 153",
            "도로명주소":"대전시 유성구 가정로 63",
            "세대수":80,
            "입주년차":0,
            "용적률점수":"--",
            "건폐율점수":"--",
            "세대당주차수":0,
            "난방방식":30,
            "공급면적":"--",
            "전용률":"--",
            "욕실수":50,
            "현관타입":100,
            "주거총점":46.0,
            "지역구공급총점":0.0,
            "역세권":"NA",
            "30분내 이동가능 거점":"NA",
            "1시간내 이동가능 거점":"NA",
            "교통총점":"NA",
            "백화점":0,
            "아울렛몰":0,
            "대형마트":0,
            "은행":0,
            "병원":30,
            "종합병원":100,
            "공원":100,
            "혐오시설":0,
            "인프라총점":26.0,
            "초등학군":85.62,
            "중학군":56.2,
            "학군총점":62.084,
            "인구수":40.91,
            "인구증감":-8.31,
            "인구총점":26.144,
            "일자리":23.4,
            "소득수준":70.9,
            "일자리총점":37.65,
            "가치 총점":42.021,
            "매매실거래년":20211215.0,
            "매매실거래가":51000.0,
            "전세실거래년":20211230.0,
            "전세실거래가":26000.0,
            "전세가율":110.64,
            "장기전세가율평균":73.28,
            "전세가율거품지수":-37.36,
            "검색코드":6149,
            "세대수":720,
            "준공년월":"1993-01-15",
            "준공년차":30,
            "가까운역이름":"NA",
            "가까운역거리":"NA",
            "역세권여부":"NA",
            "30분이내주요거점역":"NA",
            "1시간이내주요거점역":"NA",
            "3km이내백화점수":0,
            "5km이내아울렛몰수":0,
            "1km이내대형먀트수":0,
            "500m이내은행수":0,
            "500m이내병원수":8,
            "5km이내대형병원수":2,
            "500m이내공원수":3,
            "3km이내혐오시설수":0,
            "초등학교학업성취도":85.62,
            "중학교학업성취도":90.8,
            "용적률":0,
            "건폐율":0,
            "Y":36.386009,
            "X":127.348868,
            "rank":107.0,
            "area_info":"26평(88.57), 30평(102.37), 31평(104.33), 41평(136.59), 41평(138.28), 52평(174.1)",
            "last_sales":"2021-12-15,51000.0,52평(174.1)"
        },
        {
            "index":531,
            "아파트명":"경남아너스빌1단지",
            "투자타입":"일반",
            "전용면적(m2)":"161.9",
            "전용면적(평)":"48평",
            "법정동주소":"대전시 유성구 용산동 716",
            "도로명주소":"대전시 유성구 용산2로 30",
            "세대수":0,
            "입주년차":40,
            "용적률점수":"--",
            "건폐율점수":"--",
            "세대당주차수":80,
            "난방방식":30,
            "공급면적":"--",
            "전용률":"--",
            "욕실수":100,
            "현관타입":100,
            "주거총점":43.0,
            "지역구공급총점":0.0,
            "역세권":"NA",
            "30분내 이동가능 거점":"NA",
            "1시간내 이동가능 거점":"NA",
            "교통총점":"NA",
            "백화점":0,
            "아울렛몰":80,
            "대형마트":0,
            "은행":0,
            "병원":0,
            "종합병원":80,
            "공원":100,
            "혐오시설":0,
            "인프라총점":27.0,
            "초등학군":90.49,
            "중학군":56.6,
            "학군총점":63.378,
            "인구수":40.91,
            "인구증감":-8.31,
            "인구총점":26.144,
            "일자리":23.4,
            "소득수준":70.9,
            "일자리총점":37.65,
            "가치 총점":41.6945,
            "매매실거래년":20211021.0,
            "매매실거래가":107500.0,
            "전세실거래년":20210626.0,
            "전세실거래가":50000.0,
            "전세가율":42.55,
            "장기전세가율평균":73.28,
            "전세가율거품지수":30.73,
            "검색코드":25450,
            "세대수":159,
            "준공년월":"2008-01-15",
            "준공년차":15,
            "가까운역이름":"NA",
            "가까운역거리":"NA",
            "역세권여부":"NA",
            "30분이내주요거점역":"NA",
            "1시간이내주요거점역":"NA",
            "3km이내백화점수":0,
            "5km이내아울렛몰수":1,
            "1km이내대형먀트수":0,
            "500m이내은행수":0,
            "500m이내병원수":0,
            "5km이내대형병원수":1,
            "500m이내공원수":6,
            "3km이내혐오시설수":0,
            "초등학교학업성취도":90.49,
            "중학교학업성취도":92.0,
            "용적률":124,
            "건폐율":24,
            "Y":36.420563,
            "X":127.398961,
            "rank":108.0,
            "area_info":"48평(161.9), 58평(191.87), 58평(193.81), 58평(194.01), 68평(226.92), 73평(244.27)",
            "last_sales":"2021-10-21,107500.0,58평(193.81)"
        },
        {
            "index":591,
            "아파트명":"인스빌리베라",
            "투자타입":"일반",
            "전용면적(m2)":"129.63",
            "전용면적(평)":"39평",
            "법정동주소":"대전시 유성구 원신흥동 488",
            "도로명주소":"대전시 유성구 봉명로 48",
            "세대수":50,
            "입주년차":60,
            "용적률점수":"--",
            "건폐율점수":"--",
            "세대당주차수":80,
            "난방방식":100,
            "공급면적":"--",
            "전용률":"--",
            "욕실수":100,
            "현관타입":100,
            "주거총점":71.5,
            "지역구공급총점":0.0,
            "역세권":"NA",
            "30분내 이동가능 거점":"NA",
            "1시간내 이동가능 거점":"NA",
            "교통총점":"NA",
            "백화점":0,
            "아울렛몰":0,
            "대형마트":0,
            "은행":0,
            "병원":0,
            "종합병원":100,
            "공원":100,
            "혐오시설":0,
            "인프라총점":23.0,
            "초등학군":80.99,
            "중학군":17.04,
            "학군총점":29.83,
            "인구수":40.91,
            "인구증감":-8.31,
            "인구총점":26.144,
            "일자리":23.4,
            "소득수준":70.9,
            "일자리총점":37.65,
            "가치 총점":41.6825,
            "매매실거래년":20211214.0,
            "매매실거래가":95000.0,
            "전세실거래년":20211208.0,
            "전세실거래가":44000.0,
            "전세가율":46.32,
            "장기전세가율평균":73.28,
            "전세가율거품지수":26.96,
            "검색코드":102738,
            "세대수":540,
            "준공년월":"2012-07-17",
            "준공년차":11,
            "가까운역이름":"NA",
            "가까운역거리":"NA",
            "역세권여부":"NA",
            "30분이내주요거점역":"NA",
            "1시간이내주요거점역":"NA",
            "3km이내백화점수":0,
            "5km이내아울렛몰수":0,
            "1km이내대형먀트수":0,
            "500m이내은행수":1,
            "500m이내병원수":1,
            "5km이내대형병원수":4,
            "500m이내공원수":4,
            "3km이내혐오시설수":0,
            "초등학교학업성취도":80.99,
            "중학교학업성취도":28.4,
            "용적률":200,
            "건폐율":13,
            "Y":36.342803,
            "X":127.345452,
            "rank":109.0,
            "area_info":"39평(129.63), 49평(164.17), 80평(266.82)",
            "last_sales":"2021-12-14,95000.0,39평(129.63)"
        },
        {
            "index":542,
            "아파트명":"대덕테크노밸리11단지필유",
            "투자타입":"일반",
            "전용면적(m2)":"152.9",
            "전용면적(평)":"46평",
            "법정동주소":"대전시 유성구 용산동 663",
            "도로명주소":"대전시 유성구 배울2로 114",
            "세대수":30,
            "입주년차":40,
            "용적률점수":"--",
            "건폐율점수":"--",
            "세대당주차수":80,
            "난방방식":100,
            "공급면적":"--",
            "전용률":"--",
            "욕실수":100,
            "현관타입":100,
            "주거총점":60.5,
            "지역구공급총점":0.0,
            "역세권":"NA",
            "30분내 이동가능 거점":"NA",
            "1시간내 이동가능 거점":"NA",
            "교통총점":"NA",
            "백화점":0,
            "아울렛몰":80,
            "대형마트":0,
            "은행":0,
            "병원":0,
            "종합병원":0,
            "공원":100,
            "혐오시설":0,
            "인프라총점":11.0,
            "초등학군":90.49,
            "중학군":56.6,
            "학군총점":63.378,
            "인구수":40.91,
            "인구증감":-8.31,
            "인구총점":26.144,
            "일자리":23.4,
            "소득수준":70.9,
            "일자리총점":37.65,
            "가치 총점":41.4195,
            "매매실거래년":20210821.0,
            "매매실거래가":80000.0,
            "전세실거래년":20200206.0,
            "전세실거래가":35000.0,
            "전세가율":43.75,
            "장기전세가율평균":73.28,
            "전세가율거품지수":29.53,
            "검색코드":100519,
            "세대수":324,
            "준공년월":"2008-01-08",
            "준공년차":15,
            "가까운역이름":"NA",
            "가까운역거리":"NA",
            "역세권여부":"NA",
            "30분이내주요거점역":"NA",
            "1시간이내주요거점역":"NA",
            "3km이내백화점수":0,
            "5km이내아울렛몰수":1,
            "1km이내대형먀트수":0,
            "500m이내은행수":0,
            "500m이내병원수":0,
            "5km이내대형병원수":0,
            "500m이내공원수":6,
            "3km이내혐오시설수":0,
            "초등학교학업성취도":90.49,
            "중학교학업성취도":92.0,
            "용적률":178,
            "건폐율":20,
            "Y":36.419006,
            "X":127.393989,
            "rank":110.0,
            "area_info":"46평(152.9), 46평(154.12), 55평(182.18), 67평(223.68)",
            "last_sales":"2021-08-21,80000.0,46평(152.9)"
        },
        {
            "index":704,
            "아파트명":"LH네이처뷰3단지",
            "투자타입":"일반",
            "전용면적(m2)":"74.09",
            "전용면적(평)":"22평",
            "법정동주소":"대전시 유성구 지족동 1050",
            "도로명주소":"대전시 유성구 지족로148번길 22",
            "세대수":50,
            "입주년차":80,
            "용적률점수":"--",
            "건폐율점수":"--",
            "세대당주차수":0,
            "난방방식":100,
            "공급면적":"--",
            "전용률":"--",
            "욕실수":50,
            "현관타입":100,
            "주거총점":58.5,
            "지역구공급총점":0.0,
            "역세권":"NA",
            "30분내 이동가능 거점":"NA",
            "1시간내 이동가능 거점":"NA",
            "교통총점":"NA",
            "백화점":0,
            "아울렛몰":0,
            "대형마트":0,
            "은행":0,
            "병원":0,
            "종합병원":80,
            "공원":100,
            "혐오시설":0,
            "인프라총점":19.0,
            "초등학군":90.1,
            "중학군":43.96,
            "학군총점":53.188,
            "인구수":40.91,
            "인구증감":-8.31,
            "인구총점":26.144,
            "일자리":23.4,
            "소득수준":70.9,
            "일자리총점":37.65,
            "가치 총점":41.372,
            "매매실거래년":"18000101",
            "매매실거래가":null,
            "전세실거래년":null,
            "전세실거래가":null,
            "전세가율":null,
            "장기전세가율평균":73.28,
            "전세가율거품지수":null,
            "검색코드":142785,
            "세대수":687,
            "준공년월":"2015-07-01",
            "준공년차":8,
            "가까운역이름":"NA",
            "가까운역거리":"NA",
            "역세권여부":"NA",
            "30분이내주요거점역":"NA",
            "1시간이내주요거점역":"NA",
            "3km이내백화점수":0,
            "5km이내아울렛몰수":0,
            "1km이내대형먀트수":0,
            "500m이내은행수":0,
            "500m이내병원수":0,
            "5km이내대형병원수":1,
            "500m이내공원수":3,
            "3km이내혐오시설수":0,
            "초등학교학업성취도":90.1,
            "중학교학업성취도":72.2,
            "용적률":164,
            "건폐율":17,
            "Y":36.376438,
            "X":127.303655,
            "rank":111.0,
            "area_info":"22평(74.09), 22평(74.09), 25평(85.24), 25평(85.24), 25평(85.67)",
            "last_sales":"1800-01-01,nan,22평(74.09)"
        },
        {
            "index":736,
            "아파트명":"노은새미래숲2단지",
            "투자타입":"일반",
            "전용면적(m2)":"73.29",
            "전용면적(평)":"22평",
            "법정동주소":"대전시 유성구 지족동 1042",
            "도로명주소":"대전시 유성구 지족로190번길 16",
            "세대수":50,
            "입주년차":80,
            "용적률점수":"--",
            "건폐율점수":"--",
            "세대당주차수":0,
            "난방방식":100,
            "공급면적":"--",
            "전용률":"--",
            "욕실수":50,
            "현관타입":100,
            "주거총점":58.5,
            "지역구공급총점":0.0,
            "역세권":"NA",
            "30분내 이동가능 거점":"NA",
            "1시간내 이동가능 거점":"NA",
            "교통총점":"NA",
            "백화점":0,
            "아울렛몰":0,
            "대형마트":0,
            "은행":0,
            "병원":0,
            "종합병원":80,
            "공원":100,
            "혐오시설":0,
            "인프라총점":19.0,
            "초등학군":90.1,
            "중학군":43.96,
            "학군총점":53.188,
            "인구수":40.91,
            "인구증감":-8.31,
            "인구총점":26.144,
            "일자리":23.4,
            "소득수준":70.9,
            "일자리총점":37.65,
            "가치 총점":41.372,
            "매매실거래년":20211213.0,
            "매매실거래가":40800.0,
            "전세실거래년":20210830.0,
            "전세실거래가":17085.0,
            "전세가율":56.02,
            "장기전세가율평균":73.28,
            "전세가율거품지수":17.26,
            "검색코드":107033,
            "세대수":655,
            "준공년월":"2015-08-04",
            "준공년차":8,
            "가까운역이름":"NA",
            "가까운역거리":"NA",
            "역세권여부":"NA",
            "30분이내주요거점역":"NA",
            "1시간이내주요거점역":"NA",
            "3km이내백화점수":0,
            "5km이내아울렛몰수":0,
            "1km이내대형먀트수":0,
            "500m이내은행수":0,
            "500m이내병원수":0,
            "5km이내대형병원수":1,
            "500m이내공원수":3,
            "3km이내혐오시설수":0,
            "초등학교학업성취도":90.1,
            "중학교학업성취도":72.2,
            "용적률":199,
            "건폐율":20,
            "Y":36.380624,
            "X":127.30344,
            "rank":111.0,
            "area_info":"22평(73.29), 22평(73.33), 22평(73.28), 25평(84.51), 25평(84.64), 25평(84.65)",
            "last_sales":"2021-12-13,40800.0,25평(84.64)"
        },
        {
            "index":198,
            "아파트명":"K타운(도시형)",
            "투자타입":"일반",
            "전용면적(m2)":"27.47",
            "전용면적(평)":"8평",
            "법정동주소":"대전시 유성구 봉명동 550-9",
            "도로명주소":"대전시 유성구 계룡로105번길 20",
            "세대수":0,
            "입주년차":80,
            "용적률점수":"--",
            "건폐율점수":"--",
            "세대당주차수":0,
            "난방방식":30,
            "공급면적":"--",
            "전용률":"--",
            "욕실수":50,
            "현관타입":100,
            "주거총점":34.0,
            "지역구공급총점":0.0,
            "역세권":"NA",
            "30분내 이동가능 거점":"NA",
            "1시간내 이동가능 거점":"NA",
            "교통총점":"NA",
            "백화점":0,
            "아울렛몰":0,
            "대형마트":0,
            "은행":70,
            "병원":80,
            "종합병원":100,
            "공원":100,
            "혐오시설":0,
            "인프라총점":38.0,
            "초등학군":89.74,
            "중학군":48.6,
            "학군총점":56.828,
            "인구수":40.91,
            "인구증감":-8.31,
            "인구총점":26.144,
            "일자리":23.4,
            "소득수준":70.9,
            "일자리총점":37.65,
            "가치 총점":41.307,
            "매매실거래년":20210709.0,
            "매매실거래가":9500.0,
            "전세실거래년":20191228.0,
            "전세실거래가":6500.0,
            "전세가율":92.86,
            "장기전세가율평균":73.28,
            "전세가율거품지수":-19.58,
            "검색코드":107638,
            "세대수":299,
            "준공년월":"2015-01-15",
            "준공년차":8,
            "가까운역이름":"NA",
            "가까운역거리":"NA",
            "역세권여부":"NA",
            "30분이내주요거점역":"NA",
            "1시간이내주요거점역":"NA",
            "3km이내백화점수":0,
            "5km이내아울렛몰수":0,
            "1km이내대형먀트수":0,
            "500m이내은행수":4,
            "500m이내병원수":51,
            "5km이내대형병원수":2,
            "500m이내공원수":7,
            "3km이내혐오시설수":0,
            "초등학교학업성취도":89.74,
            "중학교학업성취도":79.2,
            "용적률":686,
            "건폐율":64,
            "Y":36.354407,
            "X":127.343126,
            "rank":112.0,
            "area_info":"8평(27.47), 8평(28.33), 8평(29.16), 9평(32.75), 10평(34.93), 10평(35.25), 11평(36.85), 11평(39.43), 12평(40.89)",
            "last_sales":"2021-07-09,9500.0,11평(39.43)"
        },
        {
            "index":815,
            "아파트명":"송림5단지e-그리운",
            "투자타입":"일반",
            "전용면적(m2)":"88.69",
            "전용면적(평)":"26평",
            "법정동주소":"대전시 유성구 하기동 545",
            "도로명주소":"대전시 유성구 노은로 416",
            "세대수":50,
            "입주년차":40,
            "용적률점수":"--",
            "건폐율점수":"--",
            "세대당주차수":30,
            "난방방식":30,
            "공급면적":"--",
            "전용률":"--",
            "욕실수":100,
            "현관타입":100,
            "주거총점":53.0,
            "지역구공급총점":0.0,
            "역세권":"NA",
            "30분내 이동가능 거점":"NA",
            "1시간내 이동가능 거점":"NA",
            "교통총점":"NA",
            "백화점":0,
            "아울렛몰":0,
            "대형마트":0,
            "은행":0,
            "병원":0,
            "종합병원":80,
            "공원":100,
            "혐오시설":0,
            "인프라총점":19.0,
            "초등학군":86.07,
            "중학군":53.84,
            "학군총점":60.286,
            "인구수":40.91,
            "인구증감":-8.31,
            "인구총점":26.144,
            "일자리":23.4,
            "소득수준":70.9,
            "일자리총점":37.65,
            "가치 총점":41.2215,
            "매매실거래년":20211212.0,
            "매매실거래가":34500.0,
            "전세실거래년":20220108.0,
            "전세실거래가":26000.0,
            "전세가율":75.36,
            "장기전세가율평균":73.28,
            "전세가율거품지수":-2.08,
            "검색코드":19449,
            "세대수":613,
            "준공년월":"2006-07-25",
            "준공년차":17,
            "가까운역이름":"NA",
            "가까운역거리":"NA",
            "역세권여부":"NA",
            "30분이내주요거점역":"NA",
            "1시간이내주요거점역":"NA",
            "3km이내백화점수":0,
            "5km이내아울렛몰수":0,
            "1km이내대형먀트수":0,
            "500m이내은행수":0,
            "500m이내병원수":0,
            "5km이내대형병원수":1,
            "500m이내공원수":3,
            "3km이내혐오시설수":0,
            "초등학교학업성취도":86.07,
            "중학교학업성취도":88.2,
            "용적률":219,
            "건폐율":16,
            "Y":36.390295,
            "X":127.330217,
            "rank":113.0,
            "area_info":"26평(88.69), 35평(118.42), 35평(118.42)",
            "last_sales":"2021-12-12,34500.0,26평(88.69)"
        },
        {
            "index":91,
            "아파트명":"노은스타돔",
            "투자타입":"일반",
            "전용면적(m2)":"65.35",
            "전용면적(평)":"19평",
            "법정동주소":"대전시 유성구 노은동 553-8",
            "도로명주소":"대전시 유성구 노은로 71",
            "세대수":0,
            "입주년차":40,
            "용적률점수":"--",
            "건폐율점수":"--",
            "세대당주차수":60,
            "난방방식":30,
            "공급면적":"--",
            "전용률":"--",
            "욕실수":50,
            "현관타입":100,
            "주거총점":35.0,
            "지역구공급총점":0.0,
            "역세권":"NA",
            "30분내 이동가능 거점":"NA",
            "1시간내 이동가능 거점":"NA",
            "교통총점":"NA",
            "백화점":0,
            "아울렛몰":0,
            "대형마트":100,
            "은행":0,
            "병원":0,
            "종합병원":80,
            "공원":100,
            "혐오시설":0,
            "인프라총점":34.0,
            "초등학군":82.23,
            "중학군":55.58,
            "학군총점":60.91,
            "인구수":40.91,
            "인구증감":-8.31,
            "인구총점":26.144,
            "일자리":23.4,
            "소득수준":70.9,
            "일자리총점":37.65,
            "가치 총점":41.0775,
            "매매실거래년":20210909.0,
            "매매실거래가":27500.0,
            "전세실거래년":20200601.0,
            "전세실거래가":10500.0,
            "전세가율":76.36,
            "장기전세가율평균":73.28,
            "전세가율거품지수":-3.08,
            "검색코드":14105,
            "세대수":247,
            "준공년월":"2005-11-24",
            "준공년차":18,
            "가까운역이름":"NA",
            "가까운역거리":"NA",
            "역세권여부":"NA",
            "30분이내주요거점역":"NA",
            "1시간이내주요거점역":"NA",
            "3km이내백화점수":0,
            "5km이내아울렛몰수":0,
            "1km이내대형먀트수":2,
            "500m이내은행수":0,
            "500m이내병원수":1,
            "5km이내대형병원수":1,
            "500m이내공원수":3,
            "3km이내혐오시설수":0,
            "초등학교학업성취도":82.23,
            "중학교학업성취도":90.3,
            "용적률":774,
            "건폐율":68,
            "Y":36.366221,
            "X":127.317219,
            "rank":114.0,
            "area_info":"19평(65.35), 29평(97.63), 33평(110.39), 34평(112.63), 34평(112.63), 34평(115.45)",
            "last_sales":"2021-09-09,27500.0,34평(112.63)"
        },
        {
            "index":718,
            "아파트명":"가나파로스빌1",
            "투자타입":"일반",
            "전용면적(m2)":"67.58",
            "전용면적(평)":"20평",
            "법정동주소":"대전시 유성구 지족동 898-1",
            "도로명주소":"대전시 유성구 은구비로 18",
            "세대수":0,
            "입주년차":40,
            "용적률점수":"--",
            "건폐율점수":"--",
            "세대당주차수":0,
            "난방방식":30,
            "공급면적":"--",
            "전용률":"--",
            "욕실수":50,
            "현관타입":10,
            "주거총점":17.0,
            "지역구공급총점":0.0,
            "역세권":"NA",
            "30분내 이동가능 거점":"NA",
            "1시간내 이동가능 거점":"NA",
            "교통총점":"NA",
            "백화점":0,
            "아울렛몰":0,
            "대형마트":100,
            "은행":70,
            "병원":80,
            "종합병원":80,
            "공원":100,
            "혐오시설":0,
            "인프라총점":49.0,
            "초등학군":91.36,
            "중학군":54.02,
            "학군총점":61.488,
            "인구수":40.91,
            "인구증감":-8.31,
            "인구총점":26.144,
            "일자리":23.4,
            "소득수준":70.9,
            "일자리총점":37.65,
            "가치 총점":40.922,
            "매매실거래년":20211230.0,
            "매매실거래가":13500.0,
            "전세실거래년":20211204.0,
            "전세실거래가":11500.0,
            "전세가율":85.19,
            "장기전세가율평균":73.28,
            "전세가율거품지수":-11.91,
            "검색코드":13928,
            "세대수":251,
            "준공년월":"2004-10-26",
            "준공년차":19,
            "가까운역이름":"NA",
            "가까운역거리":"NA",
            "역세권여부":"NA",
            "30분이내주요거점역":"NA",
            "1시간이내주요거점역":"NA",
            "3km이내백화점수":0,
            "5km이내아울렛몰수":0,
            "1km이내대형먀트수":2,
            "500m이내은행수":3,
            "500m이내병원수":36,
            "5km이내대형병원수":1,
            "500m이내공원수":4,
            "3km이내혐오시설수":0,
            "초등학교학업성취도":91.36,
            "중학교학업성취도":88.5,
            "용적률":714,
            "건폐율":64,
            "Y":36.375647,
            "X":127.317036,
            "rank":115.0,
            "area_info":"20평(67.58), 22평(74.07), 24평(80.2), 24평(81.92), 24평(82.06), 36평(121.76)",
            "last_sales":"2021-12-30,13500.0,20평(67.58)"
        },
        {
            "index":253,
            "아파트명":"리베라아이누리(445-4,도시형)",
            "투자타입":"일반",
            "전용면적(m2)":"31.02",
            "전용면적(평)":"9평",
            "법정동주소":"대전시 유성구 봉명동 445-4",
            "도로명주소":"대전시 유성구 온천로 26",
            "세대수":0,
            "입주년차":60,
            "용적률점수":"--",
            "건폐율점수":"--",
            "세대당주차수":0,
            "난방방식":30,
            "공급면적":"--",
            "전용률":"--",
            "욕실수":50,
            "현관타입":100,
            "주거총점":30.0,
            "지역구공급총점":0.0,
            "역세권":"NA",
            "30분내 이동가능 거점":"NA",
            "1시간내 이동가능 거점":"NA",
            "교통총점":"NA",
            "백화점":0,
            "아울렛몰":0,
            "대형마트":0,
            "은행":100,
            "병원":100,
            "종합병원":100,
            "공원":100,
            "혐오시설":0,
            "인프라총점":43.0,
            "초등학군":89.74,
            "중학군":43.44,
            "학군총점":52.7,
            "인구수":40.91,
            "인구증감":-8.31,
            "인구총점":26.144,
            "일자리":23.4,
            "소득수준":70.9,
            "일자리총점":37.65,
            "가치 총점":40.875,
            "매매실거래년":20220104.0,
            "매매실거래가":5600.0,
            "전세실거래년":20200213.0,
            "전세실거래가":6500.0,
            "전세가율":116.07,
            "장기전세가율평균":73.28,
            "전세가율거품지수":-42.79,
            "검색코드":107301,
            "세대수":293,
            "준공년월":"2013-10-31",
            "준공년차":10,
            "가까운역이름":"NA",
            "가까운역거리":"NA",
            "역세권여부":"NA",
            "30분이내주요거점역":"NA",
            "1시간이내주요거점역":"NA",
            "3km이내백화점수":0,
            "5km이내아울렛몰수":0,
            "1km이내대형먀트수":0,
            "500m이내은행수":6,
            "500m이내병원수":60,
            "5km이내대형병원수":2,
            "500m이내공원수":8,
            "3km이내혐오시설수":0,
            "초등학교학업성취도":89.74,
            "중학교학업성취도":71.2,
            "용적률":720,
            "건폐율":76,
            "Y":36.355313,
            "X":127.340768,
            "rank":116.0,
            "area_info":"9평(31.02), 9평(32.94), 10평(34.68), 11평(36.77), 12평(41.41), 13평(44.89), 19평(63.71)",
            "last_sales":"2022-01-04,5600.0,9평(31.02)"
        },
        {
            "index":386,
            "아파트명":"유성푸르지오시티(도시형)",
            "투자타입":"일반",
            "전용면적(m2)":"28.97",
            "전용면적(평)":"8평",
            "법정동주소":"대전시 유성구 봉명동 536-5",
            "도로명주소":"대전시 유성구 온천로 45",
            "세대수":0,
            "입주년차":80,
            "용적률점수":"--",
            "건폐율점수":"--",
            "세대당주차수":0,
            "난방방식":30,
            "공급면적":"--",
            "전용률":"--",
            "욕실수":50,
            "현관타입":100,
            "주거총점":34.0,
            "지역구공급총점":0.0,
            "역세권":"NA",
            "30분내 이동가능 거점":"NA",
            "1시간내 이동가능 거점":"NA",
            "교통총점":"NA",
            "백화점":0,
            "아울렛몰":0,
            "대형마트":0,
            "은행":70,
            "병원":80,
            "종합병원":100,
            "공원":100,
            "혐오시설":0,
            "인프라총점":38.0,
            "초등학군":89.74,
            "중학군":43.44,
            "학군총점":52.7,
            "인구수":40.91,
            "인구증감":-8.31,
            "인구총점":26.144,
            "일자리":23.4,
            "소득수준":70.9,
            "일자리총점":37.65,
            "가치 총점":40.275,
            "매매실거래년":20211124.0,
            "매매실거래가":6500.0,
            "전세실거래년":20181127.0,
            "전세실거래가":7000.0,
            "전세가율":116.47,
            "장기전세가율평균":73.28,
            "전세가율거품지수":-43.19,
            "검색코드":104227,
            "세대수":299,
            "준공년월":"2014-08-07",
            "준공년차":9,
            "가까운역이름":"NA",
            "가까운역거리":"NA",
            "역세권여부":"NA",
            "30분이내주요거점역":"NA",
            "1시간이내주요거점역":"NA",
            "3km이내백화점수":0,
            "5km이내아울렛몰수":0,
            "1km이내대형먀트수":0,
            "500m이내은행수":4,
            "500m이내병원수":46,
            "5km이내대형병원수":2,
            "500m이내공원수":7,
            "3km이내혐오시설수":0,
            "초등학교학업성취도":89.74,
            "중학교학업성취도":71.2,
            "용적률":966,
            "건폐율":77,
            "Y":36.355776,
            "X":127.342937,
            "rank":117.0,
            "area_info":"8평(28.97), 8평(28.97), 8평(29.18), 8평(29.18), 8평(29.18)",
            "last_sales":"2021-11-24,6500.0,8평(29.18)"
        },
        {
            "index":267,
            "아파트명":"미성샤르망",
            "투자타입":"일반",
            "전용면적(m2)":"89.87",
            "전용면적(평)":"27평",
            "법정동주소":"대전시 유성구 봉명동 468-3",
            "도로명주소":"대전시 유성구 계룡로 64",
            "세대수":0,
            "입주년차":40,
            "용적률점수":"--",
            "건폐율점수":"--",
            "세대당주차수":30,
            "난방방식":30,
            "공급면적":"--",
            "전용률":"--",
            "욕실수":50,
            "현관타입":100,
            "주거총점":30.5,
            "지역구공급총점":0.0,
            "역세권":"NA",
            "30분내 이동가능 거점":"NA",
            "1시간내 이동가능 거점":"NA",
            "교통총점":"NA",
            "백화점":0,
            "아울렛몰":0,
            "대형마트":0,
            "은행":100,
            "병원":80,
            "종합병원":100,
            "공원":100,
            "혐오시설":0,
            "인프라총점":41.0,
            "초등학군":88.34,
            "중학군":43.44,
            "학군총점":52.42,
            "인구수":40.91,
            "인구증감":-8.31,
            "인구총점":26.144,
            "일자리":23.4,
            "소득수준":70.9,
            "일자리총점":37.65,
            "가치 총점":40.18,
            "매매실거래년":20211210.0,
            "매매실거래가":17500.0,
            "전세실거래년":20210421.0,
            "전세실거래가":14500.0,
            "전세가율":82.86,
            "장기전세가율평균":73.28,
            "전세가율거품지수":-9.58,
            "검색코드":23043,
            "세대수":210,
            "준공년월":"2006-04-27",
            "준공년차":17,
            "가까운역이름":"NA",
            "가까운역거리":"NA",
            "역세권여부":"NA",
            "30분이내주요거점역":"NA",
            "1시간이내주요거점역":"NA",
            "3km이내백화점수":0,
            "5km이내아울렛몰수":0,
            "1km이내대형먀트수":0,
            "500m이내은행수":5,
            "500m이내병원수":44,
            "5km이내대형병원수":2,
            "500m이내공원수":5,
            "3km이내혐오시설수":0,
            "초등학교학업성취도":88.34,
            "중학교학업성취도":71.2,
            "용적률":809,
            "건폐율":79,
            "Y":36.354486,
            "X":127.337789,
            "rank":118.0,
            "area_info":"27평(89.87), 27평(89.82), 27평(89.29), 31평(105.27)",
            "last_sales":"2021-12-10,17500.0,27평(89.87)"
        },
        {
            "index":70,
            "아파트명":"우성햇살",
            "투자타입":"일반",
            "전용면적(m2)":"102.44",
            "전용면적(평)":"30평",
            "법정동주소":"대전시 유성구 구암동 609-2",
            "도로명주소":"대전시 유성구 계룡로60번길 86",
            "세대수":0,
            "입주년차":0,
            "용적률점수":"--",
            "건폐율점수":"--",
            "세대당주차수":100,
            "난방방식":30,
            "공급면적":"--",
            "전용률":"--",
            "욕실수":100,
            "현관타입":100,
            "주거총점":38.0,
            "지역구공급총점":0.0,
            "역세권":"NA",
            "30분내 이동가능 거점":"NA",
            "1시간내 이동가능 거점":"NA",
            "교통총점":"NA",
            "백화점":0,
            "아울렛몰":0,
            "대형마트":0,
            "은행":20,
            "병원":60,
            "종합병원":100,
            "공원":100,
            "혐오시설":0,
            "인프라총점":31.0,
            "초등학군":88.34,
            "중학군":49.68,
            "학군총점":57.412,
            "인구수":40.91,
            "인구증감":-8.31,
            "인구총점":26.144,
            "일자리":23.4,
            "소득수준":70.9,
            "일자리총점":37.65,
            "가치 총점":40.053,
            "매매실거래년":20211231.0,
            "매매실거래가":24000.0,
            "전세실거래년":20210805.0,
            "전세실거래가":24000.0,
            "전세가율":100.0,
            "장기전세가율평균":73.28,
            "전세가율거품지수":-26.72,
            "검색코드":6091,
            "세대수":136,
            "준공년월":"1993-04-24",
            "준공년차":30,
            "가까운역이름":"NA",
            "가까운역거리":"NA",
            "역세권여부":"NA",
            "30분이내주요거점역":"NA",
            "1시간이내주요거점역":"NA",
            "3km이내백화점수":0,
            "5km이내아울렛몰수":0,
            "1km이내대형먀트수":0,
            "500m이내은행수":2,
            "500m이내병원수":20,
            "5km이내대형병원수":2,
            "500m이내공원수":9,
            "3km이내혐오시설수":0,
            "초등학교학업성취도":88.34,
            "중학교학업성취도":81.0,
            "용적률":281,
            "건폐율":24,
            "Y":36.351247,
            "X":127.335543,
            "rank":119.0,
            "area_info":"30평(102.44), 30평(102.02)",
            "last_sales":"2021-12-31,24000.0,30평(102.44)"
        },
        {
            "index":664,
            "아파트명":"푸른",
            "투자타입":"일반",
            "전용면적(m2)":"67.67",
            "전용면적(평)":"20평",
            "법정동주소":"대전시 유성구 전민동 460-1",
            "도로명주소":"대전시 유성구 전민로 71",
            "세대수":50,
            "입주년차":0,
            "용적률점수":"--",
            "건폐율점수":"--",
            "세대당주차수":0,
            "난방방식":30,
            "공급면적":"--",
            "전용률":"--",
            "욕실수":50,
            "현관타입":100,
            "주거총점":35.5,
            "지역구공급총점":0.0,
            "역세권":"NA",
            "30분내 이동가능 거점":"NA",
            "1시간내 이동가능 거점":"NA",
            "교통총점":"NA",
            "백화점":0,
            "아울렛몰":80,
            "대형마트":0,
            "은행":0,
            "병원":10,
            "종합병원":80,
            "공원":100,
            "혐오시설":0,
            "인프라총점":28.0,
            "초등학군":87.18,
            "중학군":57.4,
            "학군총점":63.356,
            "인구수":40.91,
            "인구증감":-8.31,
            "인구총점":26.144,
            "일자리":23.4,
            "소득수준":70.9,
            "일자리총점":37.65,
            "가치 총점":39.464,
            "매매실거래년":20210522.0,
            "매매실거래가":50000.0,
            "전세실거래년":null,
            "전세실거래가":null,
            "전세가율":null,
            "장기전세가율평균":73.28,
            "전세가율거품지수":null,
            "검색코드":6046,
            "세대수":672,
            "준공년월":"1993-05-11",
            "준공년차":30,
            "가까운역이름":"NA",
            "가까운역거리":"NA",
            "역세권여부":"NA",
            "30분이내주요거점역":"NA",
            "1시간이내주요거점역":"NA",
            "3km이내백화점수":0,
            "5km이내아울렛몰수":1,
            "1km이내대형먀트수":0,
            "500m이내은행수":0,
            "500m이내병원수":2,
            "5km이내대형병원수":1,
            "500m이내공원수":5,
            "3km이내혐오시설수":0,
            "초등학교학업성취도":87.18,
            "중학교학업성취도":91.8,
            "용적률":190,
            "건폐율":19,
            "Y":36.399185,
            "X":127.398803,
            "rank":120.0,
            "area_info":"20평(67.67), 20평(67.5), 25평(85.25), 26평(86.61), 28평(95.03), 29평(96.93), 36평(122.24), 45평(152.06)",
            "last_sales":"2021-05-22,50000.0,45평(152.06)"
        },
        {
            "index":74,
            "아파트명":"다솔",
            "투자타입":"일반",
            "전용면적(m2)":"89.27",
            "전용면적(평)":"27평",
            "법정동주소":"대전시 유성구 궁동 395-3",
            "도로명주소":"대전시 유성구 궁동로 5",
            "세대수":0,
            "입주년차":0,
            "용적률점수":"--",
            "건폐율점수":"--",
            "세대당주차수":30,
            "난방방식":30,
            "공급면적":"--",
            "전용률":"--",
            "욕실수":100,
            "현관타입":100,
            "주거총점":27.5,
            "지역구공급총점":0.0,
            "역세권":"NA",
            "30분내 이동가능 거점":"NA",
            "1시간내 이동가능 거점":"NA",
            "교통총점":"NA",
            "백화점":0,
            "아울렛몰":0,
            "대형마트":80,
            "은행":0,
            "병원":0,
            "종합병원":100,
            "공원":100,
            "혐오시설":0,
            "인프라총점":35.0,
            "초등학군":86.92,
            "중학군":55.62,
            "학군총점":61.88,
            "인구수":40.91,
            "인구증감":-8.31,
            "인구총점":26.144,
            "일자리":23.4,
            "소득수준":70.9,
            "일자리총점":37.65,
            "가치 총점":39.095,
            "매매실거래년":20210220.0,
            "매매실거래가":39700.0,
            "전세실거래년":20211006.0,
            "전세실거래가":19000.0,
            "전세가율":80.85,
            "장기전세가율평균":73.28,
            "전세가율거품지수":-7.57,
            "검색코드":6138,
            "세대수":172,
            "준공년월":"1995-01-13",
            "준공년차":28,
            "가까운역이름":"NA",
            "가까운역거리":"NA",
            "역세권여부":"NA",
            "30분이내주요거점역":"NA",
            "1시간이내주요거점역":"NA",
            "3km이내백화점수":0,
            "5km이내아울렛몰수":0,
            "1km이내대형먀트수":1,
            "500m이내은행수":0,
            "500m이내병원수":1,
            "5km이내대형병원수":2,
            "500m이내공원수":7,
            "3km이내혐오시설수":0,
            "초등학교학업성취도":86.92,
            "중학교학업성취도":89.1,
            "용적률":170,
            "건폐율":22,
            "Y":36.36214,
            "X":127.346516,
            "rank":121.0,
            "area_info":"27평(89.27), 31평(104.97), 38평(125.95), 41평(137.63), 52평(175.03)",
            "last_sales":"2021-02-20,39700.0,41평(137.63)"
        },
        {
            "index":369,
            "아파트명":"유성온천훼미리타운",
            "투자타입":"일반",
            "전용면적(m2)":"46.15",
            "전용면적(평)":"13평",
            "법정동주소":"대전시 유성구 봉명동 441-11",
            "도로명주소":"대전시 유성구 온천서로 22-9",
            "세대수":0,
            "입주년차":40,
            "용적률점수":"--",
            "건폐율점수":"--",
            "세대당주차수":0,
            "난방방식":30,
            "공급면적":"--",
            "전용률":"--",
            "욕실수":50,
            "현관타입":100,
            "주거총점":26.0,
            "지역구공급총점":0.0,
            "역세권":"NA",
            "30분내 이동가능 거점":"NA",
            "1시간내 이동가능 거점":"NA",
            "교통총점":"NA",
            "백화점":0,
            "아울렛몰":0,
            "대형마트":0,
            "은행":100,
            "병원":80,
            "종합병원":100,
            "공원":100,
            "혐오시설":0,
            "인프라총점":41.0,
            "초등학군":89.74,
            "중학군":43.44,
            "학군총점":52.7,
            "인구수":40.91,
            "인구증감":-8.31,
            "인구총점":26.144,
            "일자리":23.4,
            "소득수준":70.9,
            "일자리총점":37.65,
            "가치 총점":38.675,
            "매매실거래년":20200627.0,
            "매매실거래가":14000.0,
            "전세실거래년":20181006.0,
            "전세실거래가":5000.0,
            "전세가율":66.67,
            "장기전세가율평균":73.28,
            "전세가율거품지수":6.61,
            "검색코드":23980,
            "세대수":110,
            "준공년월":"2005-02-28",
            "준공년차":18,
            "가까운역이름":"NA",
            "가까운역거리":"NA",
            "역세권여부":"NA",
            "30분이내주요거점역":"NA",
            "1시간이내주요거점역":"NA",
            "3km이내백화점수":0,
            "5km이내아울렛몰수":0,
            "1km이내대형먀트수":0,
            "500m이내은행수":5,
            "500m이내병원수":51,
            "5km이내대형병원수":2,
            "500m이내공원수":6,
            "3km이내혐오시설수":0,
            "초등학교학업성취도":89.74,
            "중학교학업성취도":71.2,
            "용적률":652,
            "건폐율":74,
            "Y":36.356384,
            "X":127.340514,
            "rank":122.0,
            "area_info":"13평(46.15), 16평(55.89), 16평(55.52), 16평(56.02), 18평(61.89), 19평(65.93), 20평(67.03), 22평(74.52), 27평(89.73), 27평(91.9), 31평(104.29)",
            "last_sales":"2020-06-27,14000.0,31평(104.29)"
        },
        {
            "index":623,
            "아파트명":"한일유앤아이",
            "투자타입":"일반",
            "전용면적(m2)":"151.74",
            "전용면적(평)":"45평",
            "법정동주소":"대전시 유성구 장대동 382",
            "도로명주소":"대전시 유성구 장대로 103",
            "세대수":0,
            "입주년차":40,
            "용적률점수":"--",
            "건폐율점수":"--",
            "세대당주차수":80,
            "난방방식":30,
            "공급면적":"--",
            "전용률":"--",
            "욕실수":100,
            "현관타입":100,
            "주거총점":43.0,
            "지역구공급총점":0.0,
            "역세권":"NA",
            "30분내 이동가능 거점":"NA",
            "1시간내 이동가능 거점":"NA",
            "교통총점":"NA",
            "백화점":0,
            "아울렛몰":0,
            "대형마트":0,
            "은행":0,
            "병원":30,
            "종합병원":100,
            "공원":100,
            "혐오시설":0,
            "인프라총점":26.0,
            "초등학군":88.34,
            "중학군":43.44,
            "학군총점":52.42,
            "인구수":40.91,
            "인구증감":-8.31,
            "인구총점":26.144,
            "일자리":23.4,
            "소득수준":70.9,
            "일자리총점":37.65,
            "가치 총점":38.555,
            "매매실거래년":20210526.0,
            "매매실거래가":43500.0,
            "전세실거래년":20211126.0,
            "전세실거래가":34000.0,
            "전세가율":78.16,
            "장기전세가율평균":73.28,
            "전세가율거품지수":-4.88,
            "검색코드":23652,
            "세대수":111,
            "준공년월":"2005-08-26",
            "준공년차":18,
            "가까운역이름":"NA",
            "가까운역거리":"NA",
            "역세권여부":"NA",
            "30분이내주요거점역":"NA",
            "1시간이내주요거점역":"NA",
            "3km이내백화점수":0,
            "5km이내아울렛몰수":0,
            "1km이내대형먀트수":0,
            "500m이내은행수":0,
            "500m이내병원수":8,
            "5km이내대형병원수":2,
            "500m이내공원수":3,
            "3km이내혐오시설수":0,
            "초등학교학업성취도":88.34,
            "중학교학업성취도":71.2,
            "용적률":0,
            "건폐율":0,
            "Y":36.363852,
            "X":127.333419,
            "rank":123.0,
            "area_info":"45평(151.74)",
            "last_sales":"2021-05-26,43500.0,45평(151.74)"
        },
        {
            "index":497,
            "아파트명":"한솔",
            "투자타입":"일반",
            "전용면적(m2)":"77.06",
            "전용면적(평)":"23평",
            "법정동주소":"대전시 유성구 송강동 200-1",
            "도로명주소":"대전시 유성구 송강로 15",
            "세대수":80,
            "입주년차":0,
            "용적률점수":"--",
            "건폐율점수":"--",
            "세대당주차수":0,
            "난방방식":30,
            "공급면적":"--",
            "전용률":"--",
            "욕실수":50,
            "현관타입":10,
            "주거총점":37.0,
            "지역구공급총점":0.0,
            "역세권":"NA",
            "30분내 이동가능 거점":"NA",
            "1시간내 이동가능 거점":"NA",
            "교통총점":"NA",
            "백화점":0,
            "아울렛몰":80,
            "대형마트":80,
            "은행":0,
            "병원":60,
            "종합병원":0,
            "공원":100,
            "혐오시설":0,
            "인프라총점":29.0,
            "초등학군":84.48,
            "중학군":47.34,
            "학군총점":54.768,
            "인구수":40.91,
            "인구증감":-8.31,
            "인구총점":26.144,
            "일자리":23.4,
            "소득수준":70.9,
            "일자리총점":37.65,
            "가치 총점":38.242,
            "매매실거래년":20211209.0,
            "매매실거래가":17700.0,
            "전세실거래년":20220108.0,
            "전세실거래가":19000.0,
            "전세가율":107.34,
            "장기전세가율평균":73.28,
            "전세가율거품지수":-34.06,
            "검색코드":24761,
            "세대수":744,
            "준공년월":"1995-05-25",
            "준공년차":28,
            "가까운역이름":"NA",
            "가까운역거리":"NA",
            "역세권여부":"NA",
            "30분이내주요거점역":"NA",
            "1시간이내주요거점역":"NA",
            "3km이내백화점수":0,
            "5km이내아울렛몰수":1,
            "1km이내대형먀트수":1,
            "500m이내은행수":0,
            "500m이내병원수":16,
            "5km이내대형병원수":0,
            "500m이내공원수":4,
            "3km이내혐오시설수":0,
            "초등학교학업성취도":84.48,
            "중학교학업성취도":78.3,
            "용적률":199,
            "건폐율":19,
            "Y":36.432388,
            "X":127.384985,
            "rank":124.0,
            "area_info":"23평(77.06), 31평(103.22)",
            "last_sales":"2021-12-09,17700.0,23평(77.06)"
        },
        {
            "index":608,
            "아파트명":"성원상떼빌",
            "투자타입":"일반",
            "전용면적(m2)":"109.74",
            "전용면적(평)":"33평",
            "법정동주소":"대전시 유성구 장대동 376-2",
            "도로명주소":"대전시 유성구 온천서로 36-19",
            "세대수":0,
            "입주년차":40,
            "용적률점수":"--",
            "건폐율점수":"--",
            "세대당주차수":30,
            "난방방식":30,
            "공급면적":"--",
            "전용률":"--",
            "욕실수":100,
            "현관타입":100,
            "주거총점":35.5,
            "지역구공급총점":0.0,
            "역세권":"NA",
            "30분내 이동가능 거점":"NA",
            "1시간내 이동가능 거점":"NA",
            "교통총점":"NA",
            "백화점":0,
            "아울렛몰":0,
            "대형마트":0,
            "은행":20,
            "병원":60,
            "종합병원":100,
            "공원":100,
            "혐오시설":0,
            "인프라총점":31.0,
            "초등학군":89.74,
            "중학군":43.44,
            "학군총점":52.7,
            "인구수":40.91,
            "인구증감":-8.31,
            "인구총점":26.144,
            "일자리":23.4,
            "소득수준":70.9,
            "일자리총점":37.65,
            "가치 총점":38.0,
            "매매실거래년":20211102.0,
            "매매실거래가":33000.0,
            "전세실거래년":20211019.0,
            "전세실거래가":23000.0,
            "전세가율":69.7,
            "장기전세가율평균":73.28,
            "전세가율거품지수":3.58,
            "검색코드":25397,
            "세대수":136,
            "준공년월":"2004-12-28",
            "준공년차":19,
            "가까운역이름":"NA",
            "가까운역거리":"NA",
            "역세권여부":"NA",
            "30분이내주요거점역":"NA",
            "1시간이내주요거점역":"NA",
            "3km이내백화점수":0,
            "5km이내아울렛몰수":0,
            "1km이내대형먀트수":0,
            "500m이내은행수":2,
            "500m이내병원수":21,
            "5km이내대형병원수":2,
            "500m이내공원수":5,
            "3km이내혐오시설수":0,
            "초등학교학업성취도":89.74,
            "중학교학업성취도":71.2,
            "용적률":197,
            "건폐율":18,
            "Y":36.358315,
            "X":127.340943,
            "rank":125.0,
            "area_info":"33평(109.74)",
            "last_sales":"2021-11-02,33000.0,33평(109.74)"
        },
        {
            "index":97,
            "아파트명":"노은시티빌(메가시티)",
            "투자타입":"일반",
            "전용면적(m2)":"76.03",
            "전용면적(평)":"22평",
            "법정동주소":"대전시 유성구 노은동 554-3",
            "도로명주소":"대전시 유성구 왕가봉로24번길 15",
            "세대수":0,
            "입주년차":40,
            "용적률점수":"--",
            "건폐율점수":"--",
            "세대당주차수":0,
            "난방방식":30,
            "공급면적":"--",
            "전용률":"--",
            "욕실수":50,
            "현관타입":100,
            "주거총점":26.0,
            "지역구공급총점":0.0,
            "역세권":"NA",
            "30분내 이동가능 거점":"NA",
            "1시간내 이동가능 거점":"NA",
            "교통총점":"NA",
            "백화점":0,
            "아울렛몰":0,
            "대형마트":100,
            "은행":0,
            "병원":0,
            "종합병원":80,
            "공원":100,
            "혐오시설":0,
            "인프라총점":34.0,
            "초등학군":82.23,
            "중학군":55.58,
            "학군총점":60.91,
            "인구수":40.91,
            "인구증감":-8.31,
            "인구총점":26.144,
            "일자리":23.4,
            "소득수준":70.9,
            "일자리총점":37.65,
            "가치 총점":37.9275,
            "매매실거래년":"18000101",
            "매매실거래가":null,
            "전세실거래년":null,
            "전세실거래가":null,
            "전세가율":null,
            "장기전세가율평균":73.28,
            "전세가율거품지수":null,
            "검색코드":16730,
            "세대수":128,
            "준공년월":"2006-04-02",
            "준공년차":17,
            "가까운역이름":"NA",
            "가까운역거리":"NA",
            "역세권여부":"NA",
            "30분이내주요거점역":"NA",
            "1시간이내주요거점역":"NA",
            "3km이내백화점수":0,
            "5km이내아울렛몰수":0,
            "1km이내대형먀트수":2,
            "500m이내은행수":0,
            "500m이내병원수":1,
            "5km이내대형병원수":1,
            "500m이내공원수":2,
            "3km이내혐오시설수":0,
            "초등학교학업성취도":82.23,
            "중학교학업성취도":90.3,
            "용적률":776,
            "건폐율":69,
            "Y":36.365792,
            "X":127.316331,
            "rank":126.0,
            "area_info":"22평(76.03), 27평(89.26), 29평(99.17), 32평(109.09), 39평(128.93), 43평(142.15), 44평(148.76), 46평(155.37), 48평(158.68)",
            "last_sales":"1800-01-01,nan,22평(76.03)"
        },
        {
            "index":227,
            "아파트명":"레자미3차(도시형)",
            "투자타입":"일반",
            "전용면적(m2)":"22.99",
            "전용면적(평)":"6평",
            "법정동주소":"대전시 유성구 봉명동 447-6",
            "도로명주소":"대전시 유성구 계룡로 84",
            "세대수":0,
            "입주년차":60,
            "용적률점수":"--",
            "건폐율점수":"--",
            "세대당주차수":0,
            "난방방식":30,
            "공급면적":"--",
            "전용률":"--",
            "욕실수":50,
            "현관타입":10,
            "주거총점":21.0,
            "지역구공급총점":0.0,
            "역세권":"NA",
            "30분내 이동가능 거점":"NA",
            "1시간내 이동가능 거점":"NA",
            "교통총점":"NA",
            "백화점":0,
            "아울렛몰":0,
            "대형마트":0,
            "은행":100,
            "병원":80,
            "종합병원":100,
            "공원":100,
            "혐오시설":0,
            "인프라총점":41.0,
            "초등학군":88.34,
            "중학군":48.6,
            "학군총점":56.548,
            "인구수":40.91,
            "인구증감":-8.31,
            "인구총점":26.144,
            "일자리":23.4,
            "소득수준":70.9,
            "일자리총점":37.65,
            "가치 총점":37.887,
            "매매실거래년":20211215.0,
            "매매실거래가":9800.0,
            "전세실거래년":20150611.0,
            "전세실거래가":4500.0,
            "전세가율":91.84,
            "장기전세가율평균":73.28,
            "전세가율거품지수":-18.56,
            "검색코드":106771,
            "세대수":299,
            "준공년월":"2013-05-16",
            "준공년차":10,
            "가까운역이름":"NA",
            "가까운역거리":"NA",
            "역세권여부":"NA",
            "30분이내주요거점역":"NA",
            "1시간이내주요거점역":"NA",
            "3km이내백화점수":0,
            "5km이내아울렛몰수":0,
            "1km이내대형먀트수":0,
            "500m이내은행수":5,
            "500m이내병원수":59,
            "5km이내대형병원수":2,
            "500m이내공원수":7,
            "3km이내혐오시설수":0,
            "초등학교학업성취도":88.34,
            "중학교학업성취도":79.2,
            "용적률":768,
            "건폐율":74,
            "Y":36.35392,
            "X":127.339866,
            "rank":127.0,
            "area_info":"6평(22.99), 6평(22.82), 7평(23.53), 7평(23.19), 7평(23.4), 7평(23.19), 7평(23.36), 7평(24.07), 7평(24.76), 7평(25.32), 14평(48.65), 14평(49.09)",
            "last_sales":"2021-12-15,9800.0,14평(49.09)"
        },
        {
            "index":260,
            "아파트명":"리베라아이누리(448-5,도시형)",
            "투자타입":"일반",
            "전용면적(m2)":"36.94",
            "전용면적(평)":"11평",
            "법정동주소":"대전시 유성구 봉명동 448-5",
            "도로명주소":"대전시 유성구 계룡로74번길 20",
            "세대수":0,
            "입주년차":60,
            "용적률점수":"--",
            "건폐율점수":"--",
            "세대당주차수":0,
            "난방방식":30,
            "공급면적":"--",
            "전용률":"--",
            "욕실수":50,
            "현관타입":10,
            "주거총점":21.0,
            "지역구공급총점":0.0,
            "역세권":"NA",
            "30분내 이동가능 거점":"NA",
            "1시간내 이동가능 거점":"NA",
            "교통총점":"NA",
            "백화점":0,
            "아울렛몰":0,
            "대형마트":0,
            "은행":100,
            "병원":80,
            "종합병원":100,
            "공원":100,
            "혐오시설":0,
            "인프라총점":41.0,
            "초등학군":88.34,
            "중학군":48.6,
            "학군총점":56.548,
            "인구수":40.91,
            "인구증감":-8.31,
            "인구총점":26.144,
            "일자리":23.4,
            "소득수준":70.9,
            "일자리총점":37.65,
            "가치 총점":37.887,
            "매매실거래년":20200110.0,
            "매매실거래가":11000.0,
            "전세실거래년":20150221.0,
            "전세실거래가":6000.0,
            "전세가율":93.02,
            "장기전세가율평균":73.28,
            "전세가율거품지수":-19.74,
            "검색코드":104266,
            "세대수":254,
            "준공년월":"2011-12-29",
            "준공년차":12,
            "가까운역이름":"NA",
            "가까운역거리":"NA",
            "역세권여부":"NA",
            "30분이내주요거점역":"NA",
            "1시간이내주요거점역":"NA",
            "3km이내백화점수":0,
            "5km이내아울렛몰수":0,
            "1km이내대형먀트수":0,
            "500m이내은행수":5,
            "500m이내병원수":52,
            "5km이내대형병원수":2,
            "500m이내공원수":6,
            "3km이내혐오시설수":0,
            "초등학교학업성취도":88.34,
            "중학교학업성취도":79.2,
            "용적률":628,
            "건폐율":71,
            "Y":36.353849,
            "X":127.338318,
            "rank":127.0,
            "area_info":"11평(36.94), 12평(42.22), 15평(50.63)",
            "last_sales":"2020-01-10,11000.0,15평(50.63)"
        },
        {
            "index":818,
            "아파트명":"송림6단지풍요로운",
            "투자타입":"일반",
            "전용면적(m2)":"155.97",
            "전용면적(평)":"47평",
            "법정동주소":"대전시 유성구 하기동 546",
            "도로명주소":"대전시 유성구 노은로426번길 15",
            "세대수":0,
            "입주년차":40,
            "용적률점수":"--",
            "건폐율점수":"--",
            "세대당주차수":80,
            "난방방식":30,
            "공급면적":"--",
            "전용률":"--",
            "욕실수":100,
            "현관타입":100,
            "주거총점":43.0,
            "지역구공급총점":0.0,
            "역세권":"NA",
            "30분내 이동가능 거점":"NA",
            "1시간내 이동가능 거점":"NA",
            "교통총점":"NA",
            "백화점":0,
            "아울렛몰":0,
            "대형마트":0,
            "은행":0,
            "병원":0,
            "종합병원":80,
            "공원":100,
            "혐오시설":0,
            "인프라총점":19.0,
            "초등학군":86.07,
            "중학군":53.84,
            "학군총점":60.286,
            "인구수":40.91,
            "인구증감":-8.31,
            "인구총점":26.144,
            "일자리":23.4,
            "소득수준":70.9,
            "일자리총점":37.65,
            "가치 총점":37.7215,
            "매매실거래년":20211106.0,
            "매매실거래가":63000.0,
            "전세실거래년":20210508.0,
            "전세실거래가":43000.0,
            "전세가율":68.25,
            "장기전세가율평균":73.28,
            "전세가율거품지수":5.03,
            "검색코드":19448,
            "세대수":201,
            "준공년월":"2006-06-28",
            "준공년차":17,
            "가까운역이름":"NA",
            "가까운역거리":"NA",
            "역세권여부":"NA",
            "30분이내주요거점역":"NA",
            "1시간이내주요거점역":"NA",
            "3km이내백화점수":0,
            "5km이내아울렛몰수":0,
            "1km이내대형먀트수":0,
            "500m이내은행수":0,
            "500m이내병원수":0,
            "5km이내대형병원수":1,
            "500m이내공원수":3,
            "3km이내혐오시설수":0,
            "초등학교학업성취도":86.07,
            "중학교학업성취도":88.2,
            "용적률":220,
            "건폐율":16,
            "Y":36.390167,
            "X":127.331656,
            "rank":128.0,
            "area_info":"47평(155.97), 58평(194.11)",
            "last_sales":"2021-11-06,63000.0,47평(155.97)"
        },
        {
            "index":68,
            "아파트명":"삼정하이츠",
            "투자타입":"재건축",
            "전용면적(m2)":"60.21",
            "전용면적(평)":"18평",
            "법정동주소":"대전시 유성구 구암동 600-2",
            "도로명주소":"대전시 유성구 유성대로668번길 29",
            "세대수":0,
            "입주년차":"--",
            "용적률점수":20,
            "건폐율점수":100,
            "세대당주차수":"--",
            "난방방식":"--",
            "공급면적":50,
            "전용률":60,
            "욕실수":"--",
            "현관타입":"--",
            "주거총점":33.5,
            "지역구공급총점":0.0,
            "역세권":"NA",
            "30분내 이동가능 거점":"NA",
            "1시간내 이동가능 거점":"NA",
            "교통총점":"NA",
            "백화점":0,
            "아울렛몰":0,
            "대형마트":0,
            "은행":0,
            "병원":60,
            "종합병원":100,
            "공원":100,
            "혐오시설":0,
            "인프라총점":29.0,
            "초등학군":88.34,
            "중학군":49.68,
            "학군총점":57.412,
            "인구수":40.91,
            "인구증감":-8.31,
            "인구총점":26.144,
            "일자리":23.4,
            "소득수준":70.9,
            "일자리총점":37.65,
            "가치 총점":37.678,
            "매매실거래년":20211130.0,
            "매매실거래가":24400.0,
            "전세실거래년":20210506.0,
            "전세실거래가":10000.0,
            "전세가율":66.23,
            "장기전세가율평균":73.28,
            "전세가율거품지수":7.05,
            "검색코드":13169,
            "세대수":150,
            "준공년월":"1991-12-17",
            "준공년차":32,
            "가까운역이름":"NA",
            "가까운역거리":"NA",
            "역세권여부":"NA",
            "30분이내주요거점역":"NA",
            "1시간이내주요거점역":"NA",
            "3km이내백화점수":0,
            "5km이내아울렛몰수":0,
            "1km이내대형먀트수":0,
            "500m이내은행수":1,
            "500m이내병원수":16,
            "5km이내대형병원수":2,
            "500m이내공원수":6,
            "3km이내혐오시설수":0,
            "초등학교학업성취도":88.34,
            "중학교학업성취도":81.0,
            "용적률":213,
            "건폐율":14,
            "Y":36.353542,
            "X":127.331803,
            "rank":129.0,
            "area_info":"18평(60.21), 23평(79.0)",
            "last_sales":"2021-11-30,24400.0,23평(79.0)"
        },
        {
            "index":317,
            "아파트명":"스카이뷰시티(도시형)",
            "투자타입":"일반",
            "전용면적(m2)":"31.38",
            "전용면적(평)":"9평",
            "법정동주소":"대전시 유성구 봉명동 615-2",
            "도로명주소":"대전시 유성구 온천북로13번길 21",
            "세대수":0,
            "입주년차":80,
            "용적률점수":"--",
            "건폐율점수":"--",
            "세대당주차수":0,
            "난방방식":30,
            "공급면적":"--",
            "전용률":"--",
            "욕실수":50,
            "현관타입":10,
            "주거총점":25.0,
            "지역구공급총점":0.0,
            "역세권":"NA",
            "30분내 이동가능 거점":"NA",
            "1시간내 이동가능 거점":"NA",
            "교통총점":"NA",
            "백화점":0,
            "아울렛몰":0,
            "대형마트":80,
            "은행":0,
            "병원":30,
            "종합병원":100,
            "공원":100,
            "혐오시설":0,
            "인프라총점":38.0,
            "초등학군":89.74,
            "중학군":43.44,
            "학군총점":52.7,
            "인구수":40.91,
            "인구증감":-8.31,
            "인구총점":26.144,
            "일자리":23.4,
            "소득수준":70.9,
            "일자리총점":37.65,
            "가치 총점":37.125,
            "매매실거래년":20211217.0,
            "매매실거래가":9700.0,
            "전세실거래년":null,
            "전세실거래가":null,
            "전세가율":null,
            "장기전세가율평균":73.28,
            "전세가율거품지수":null,
            "검색코드":119794,
            "세대수":299,
            "준공년월":"2018-02-01",
            "준공년차":5,
            "가까운역이름":"NA",
            "가까운역거리":"NA",
            "역세권여부":"NA",
            "30분이내주요거점역":"NA",
            "1시간이내주요거점역":"NA",
            "3km이내백화점수":0,
            "5km이내아울렛몰수":0,
            "1km이내대형먀트수":1,
            "500m이내은행수":1,
            "500m이내병원수":9,
            "5km이내대형병원수":2,
            "500m이내공원수":7,
            "3km이내혐오시설수":0,
            "초등학교학업성취도":89.74,
            "중학교학업성취도":71.2,
            "용적률":611,
            "건폐율":64,
            "Y":36.358129,
            "X":127.344435,
            "rank":130.0,
            "area_info":"9평(31.38), 9평(31.9), 9평(32.42), 12평(39.82), 11평(39.3), 12평(39.93), 11평(39.15), 11평(39.12), 15평(51.67), 15평(51.06)",
            "last_sales":"2021-12-17,9700.0,11평(39.15)"
        },
        {
            "index":311,
            "아파트명":"스카이뷰로드(도시형)",
            "투자타입":"일반",
            "전용면적(m2)":"25.82",
            "전용면적(평)":"7평",
            "법정동주소":"대전시 유성구 봉명동 607-3",
            "도로명주소":"대전시 유성구 대학로 45",
            "세대수":0,
            "입주년차":80,
            "용적률점수":"--",
            "건폐율점수":"--",
            "세대당주차수":0,
            "난방방식":30,
            "공급면적":"--",
            "전용률":"--",
            "욕실수":50,
            "현관타입":100,
            "주거총점":34.0,
            "지역구공급총점":0.0,
            "역세권":"NA",
            "30분내 이동가능 거점":"NA",
            "1시간내 이동가능 거점":"NA",
            "교통총점":"NA",
            "백화점":0,
            "아울렛몰":0,
            "대형마트":0,
            "은행":0,
            "병원":60,
            "종합병원":100,
            "공원":100,
            "혐오시설":0,
            "인프라총점":29.0,
            "초등학군":89.74,
            "중학군":43.44,
            "학군총점":52.7,
            "인구수":40.91,
            "인구증감":-8.31,
            "인구총점":26.144,
            "일자리":23.4,
            "소득수준":70.9,
            "일자리총점":37.65,
            "가치 총점":36.675,
            "매매실거래년":20220110.0,
            "매매실거래가":8300.0,
            "전세실거래년":20170625.0,
            "전세실거래가":7200.0,
            "전세가율":86.75,
            "장기전세가율평균":73.28,
            "전세가율거품지수":-13.47,
            "검색코드":108959,
            "세대수":198,
            "준공년월":"2015-02-13",
            "준공년차":8,
            "가까운역이름":"NA",
            "가까운역거리":"NA",
            "역세권여부":"NA",
            "30분이내주요거점역":"NA",
            "1시간이내주요거점역":"NA",
            "3km이내백화점수":0,
            "5km이내아울렛몰수":0,
            "1km이내대형먀트수":0,
            "500m이내은행수":1,
            "500m이내병원수":15,
            "5km이내대형병원수":2,
            "500m이내공원수":5,
            "3km이내혐오시설수":0,
            "초등학교학업성취도":89.74,
            "중학교학업성취도":71.2,
            "용적률":584,
            "건폐율":67,
            "Y":36.358044,
            "X":127.342405,
            "rank":131.0,
            "area_info":"7평(25.82), 8평(29.14), 9평(30.55), 20평(66.75)",
            "last_sales":"2022-01-10,8300.0,7평(25.82)"
        },
        {
            "index":281,
            "아파트명":"봉명정한드리미아(도시형)",
            "투자타입":"일반",
            "전용면적(m2)":"26.68",
            "전용면적(평)":"8평",
            "법정동주소":"대전시 유성구 봉명동 612-2",
            "도로명주소":"대전시 유성구 문화원로 80",
            "세대수":0,
            "입주년차":60,
            "용적률점수":"--",
            "건폐율점수":"--",
            "세대당주차수":0,
            "난방방식":30,
            "공급면적":"--",
            "전용률":"--",
            "욕실수":50,
            "현관타입":50,
            "주거총점":25.0,
            "지역구공급총점":0.0,
            "역세권":"NA",
            "30분내 이동가능 거점":"NA",
            "1시간내 이동가능 거점":"NA",
            "교통총점":"NA",
            "백화점":0,
            "아울렛몰":0,
            "대형마트":80,
            "은행":0,
            "병원":10,
            "종합병원":100,
            "공원":100,
            "혐오시설":0,
            "인프라총점":36.0,
            "초등학군":89.74,
            "중학군":43.44,
            "학군총점":52.7,
            "인구수":40.91,
            "인구증감":-8.31,
            "인구총점":26.144,
            "일자리":23.4,
            "소득수준":70.9,
            "일자리총점":37.65,
            "가치 총점":36.325,
            "매매실거래년":20211119.0,
            "매매실거래가":5250.0,
            "전세실거래년":20171216.0,
            "전세실거래가":5000.0,
            "전세가율":95.24,
            "장기전세가율평균":73.28,
            "전세가율거품지수":-21.96,
            "검색코드":105956,
            "세대수":240,
            "준공년월":"2012-11-07",
            "준공년차":11,
            "가까운역이름":"NA",
            "가까운역거리":"NA",
            "역세권여부":"NA",
            "30분이내주요거점역":"NA",
            "1시간이내주요거점역":"NA",
            "3km이내백화점수":0,
            "5km이내아울렛몰수":0,
            "1km이내대형먀트수":1,
            "500m이내은행수":1,
            "500m이내병원수":4,
            "5km이내대형병원수":2,
            "500m이내공원수":6,
            "3km이내혐오시설수":0,
            "초등학교학업성취도":89.74,
            "중학교학업성취도":71.2,
            "용적률":670,
            "건폐율":59,
            "Y":36.359075,
            "X":127.344647,
            "rank":132.0,
            "area_info":"8평(26.68), 8평(29.42), 9평(30.02), 9평(30.11), 13평(45.12)",
            "last_sales":"2021-11-19,5250.0,8평(26.68)"
        },
        {
            "index":79,
            "아파트명":"래자미(도시형)",
            "투자타입":"일반",
            "전용면적(m2)":"19.6",
            "전용면적(평)":"5평",
            "법정동주소":"대전시 유성구 궁동 490-4",
            "도로명주소":"대전시 유성구 대학로76번안길 32",
            "세대수":0,
            "입주년차":60,
            "용적률점수":"--",
            "건폐율점수":"--",
            "세대당주차수":0,
            "난방방식":30,
            "공급면적":"--",
            "전용률":"--",
            "욕실수":50,
            "현관타입":50,
            "주거총점":25.0,
            "지역구공급총점":0.0,
            "역세권":"NA",
            "30분내 이동가능 거점":"NA",
            "1시간내 이동가능 거점":"NA",
            "교통총점":"NA",
            "백화점":0,
            "아울렛몰":0,
            "대형마트":80,
            "은행":0,
            "병원":10,
            "종합병원":100,
            "공원":100,
            "혐오시설":0,
            "인프라총점":36.0,
            "초등학군":86.92,
            "중학군":43.44,
            "학군총점":52.136,
            "인구수":40.91,
            "인구증감":-8.31,
            "인구총점":26.144,
            "일자리":23.4,
            "소득수준":70.9,
            "일자리총점":37.65,
            "가치 총점":36.184,
            "매매실거래년":20220111.0,
            "매매실거래가":5500.0,
            "전세실거래년":20220110.0,
            "전세실거래가":6000.0,
            "전세가율":109.09,
            "장기전세가율평균":73.28,
            "전세가율거품지수":-35.81,
            "검색코드":104949,
            "세대수":100,
            "준공년월":"2011-11-29",
            "준공년차":12,
            "가까운역이름":"NA",
            "가까운역거리":"NA",
            "역세권여부":"NA",
            "30분이내주요거점역":"NA",
            "1시간이내주요거점역":"NA",
            "3km이내백화점수":0,
            "5km이내아울렛몰수":0,
            "1km이내대형먀트수":1,
            "500m이내은행수":0,
            "500m이내병원수":4,
            "5km이내대형병원수":2,
            "500m이내공원수":6,
            "3km이내혐오시설수":0,
            "초등학교학업성취도":86.92,
            "중학교학업성취도":71.2,
            "용적률":599,
            "건폐율":51,
            "Y":36.36081,
            "X":127.345602,
            "rank":133.0,
            "area_info":"5평(19.6), 5평(19.56), 5평(19.56), 6평(20.05), 6평(21.66)",
            "last_sales":"2022-01-11,5500.0,6평(20.05)"
        },
        {
            "index":609,
            "아파트명":"아이빌",
            "투자타입":"일반",
            "전용면적(m2)":"37.86",
            "전용면적(평)":"11평",
            "법정동주소":"대전시 유성구 장대동 284-2",
            "도로명주소":"대전시 유성구 유성대로730번길 78",
            "세대수":0,
            "입주년차":20,
            "용적률점수":"--",
            "건폐율점수":"--",
            "세대당주차수":0,
            "난방방식":30,
            "공급면적":"--",
            "전용률":"--",
            "욕실수":50,
            "현관타입":100,
            "주거총점":22.0,
            "지역구공급총점":0.0,
            "역세권":"NA",
            "30분내 이동가능 거점":"NA",
            "1시간내 이동가능 거점":"NA",
            "교통총점":"NA",
            "백화점":0,
            "아울렛몰":0,
            "대형마트":0,
            "은행":70,
            "병원":80,
            "종합병원":100,
            "공원":100,
            "혐오시설":0,
            "인프라총점":38.0,
            "초등학군":89.74,
            "중학군":43.44,
            "학군총점":52.7,
            "인구수":40.91,
            "인구증감":-8.31,
            "인구총점":26.144,
            "일자리":23.4,
            "소득수준":70.9,
            "일자리총점":37.65,
            "가치 총점":36.075,
            "매매실거래년":20211110.0,
            "매매실거래가":28000.0,
            "전세실거래년":20211027.0,
            "전세실거래가":7000.0,
            "전세가율":25.0,
            "장기전세가율평균":73.28,
            "전세가율거품지수":48.28,
            "검색코드":17421,
            "세대수":131,
            "준공년월":"2003-11-28",
            "준공년차":20,
            "가까운역이름":"NA",
            "가까운역거리":"NA",
            "역세권여부":"NA",
            "30분이내주요거점역":"NA",
            "1시간이내주요거점역":"NA",
            "3km이내백화점수":0,
            "5km이내아울렛몰수":0,
            "1km이내대형먀트수":0,
            "500m이내은행수":4,
            "500m이내병원수":38,
            "5km이내대형병원수":2,
            "500m이내공원수":5,
            "3km이내혐오시설수":0,
            "초등학교학업성취도":89.74,
            "중학교학업성취도":71.2,
            "용적률":618,
            "건폐율":69,
            "Y":36.35762,
            "X":127.337,
            "rank":134.0,
            "area_info":"11평(37.86), 15평(51.92), 15평(52.48), 18평(62.38), 20평(67.52), 21평(70.64), 23평(79.11), 27평(89.38)",
            "last_sales":"2021-11-10,28000.0,11평(37.86)"
        },
        {
            "index":551,
            "아파트명":"대덕테크노밸리푸르지오하임1단지",
            "투자타입":"일반",
            "전용면적(m2)":"159.72",
            "전용면적(평)":"48평",
            "법정동주소":"대전시 유성구 용산동 722",
            "도로명주소":"대전시 유성구 배울2로 134",
            "세대수":0,
            "입주년차":40,
            "용적률점수":"--",
            "건폐율점수":"--",
            "세대당주차수":80,
            "난방방식":30,
            "공급면적":"--",
            "전용률":"--",
            "욕실수":100,
            "현관타입":100,
            "주거총점":43.0,
            "지역구공급총점":0.0,
            "역세권":"NA",
            "30분내 이동가능 거점":"NA",
            "1시간내 이동가능 거점":"NA",
            "교통총점":"NA",
            "백화점":0,
            "아울렛몰":80,
            "대형마트":0,
            "은행":0,
            "병원":0,
            "종합병원":0,
            "공원":100,
            "혐오시설":0,
            "인프라총점":11.0,
            "초등학군":90.49,
            "중학군":56.6,
            "학군총점":63.378,
            "인구수":40.91,
            "인구증감":-8.31,
            "인구총점":26.144,
            "일자리":23.4,
            "소득수준":70.9,
            "일자리총점":37.65,
            "가치 총점":35.2945,
            "매매실거래년":20210629.0,
            "매매실거래가":116000.0,
            "전세실거래년":20161007.0,
            "전세실거래가":36000.0,
            "전세가율":37.89,
            "장기전세가율평균":73.28,
            "전세가율거품지수":35.39,
            "검색코드":100522,
            "세대수":150,
            "준공년월":"2008-06-25",
            "준공년차":15,
            "가까운역이름":"NA",
            "가까운역거리":"NA",
            "역세권여부":"NA",
            "30분이내주요거점역":"NA",
            "1시간이내주요거점역":"NA",
            "3km이내백화점수":0,
            "5km이내아울렛몰수":1,
            "1km이내대형먀트수":0,
            "500m이내은행수":0,
            "500m이내병원수":0,
            "5km이내대형병원수":0,
            "500m이내공원수":7,
            "3km이내혐오시설수":0,
            "초등학교학업성취도":90.49,
            "중학교학업성취도":92.0,
            "용적률":124,
            "건폐율":24,
            "Y":36.417784,
            "X":127.396563,
            "rank":135.0,
            "area_info":"48평(159.72), 48평(159.33), 48평(160.58), 48평(160.3), 56평(187.24), 56평(187.57), 61평(204.75), 61평(204.69), 61평(204.74)",
            "last_sales":"2021-06-29,116000.0,56평(187.24)"
        },
        {
            "index":307,
            "아파트명":"스카이뷰",
            "투자타입":"일반",
            "전용면적(m2)":"30.78",
            "전용면적(평)":"9평",
            "법정동주소":"대전시 유성구 봉명동 605-2",
            "도로명주소":"대전시 유성구 대학로 55-35",
            "세대수":0,
            "입주년차":60,
            "용적률점수":"--",
            "건폐율점수":"--",
            "세대당주차수":0,
            "난방방식":30,
            "공급면적":"--",
            "전용률":"--",
            "욕실수":50,
            "현관타입":100,
            "주거총점":30.0,
            "지역구공급총점":0.0,
            "역세권":"NA",
            "30분내 이동가능 거점":"NA",
            "1시간내 이동가능 거점":"NA",
            "교통총점":"NA",
            "백화점":0,
            "아울렛몰":0,
            "대형마트":0,
            "은행":0,
            "병원":60,
            "종합병원":100,
            "공원":100,
            "혐오시설":0,
            "인프라총점":29.0,
            "초등학군":89.74,
            "중학군":43.44,
            "학군총점":52.7,
            "인구수":40.91,
            "인구증감":-8.31,
            "인구총점":26.144,
            "일자리":23.4,
            "소득수준":70.9,
            "일자리총점":37.65,
            "가치 총점":35.275,
            "매매실거래년":20210809.0,
            "매매실거래가":7900.0,
            "전세실거래년":20210105.0,
            "전세실거래가":7000.0,
            "전세가율":88.61,
            "장기전세가율평균":73.28,
            "전세가율거품지수":-15.33,
            "검색코드":109444,
            "세대수":112,
            "준공년월":"2013-11-15",
            "준공년차":10,
            "가까운역이름":"NA",
            "가까운역거리":"NA",
            "역세권여부":"NA",
            "30분이내주요거점역":"NA",
            "1시간이내주요거점역":"NA",
            "3km이내백화점수":0,
            "5km이내아울렛몰수":0,
            "1km이내대형먀트수":0,
            "500m이내은행수":1,
            "500m이내병원수":10,
            "5km이내대형병원수":2,
            "500m이내공원수":5,
            "3km이내혐오시설수":0,
            "초등학교학업성취도":89.74,
            "중학교학업성취도":71.2,
            "용적률":248,
            "건폐율":57,
            "Y":36.358504,
            "X":127.342401,
            "rank":136.0,
            "area_info":"9평(30.78), 9평(30.31), 10평(34.54), 10평(36.04)",
            "last_sales":"2021-08-09,7900.0,9평(30.78)"
        },
        {
            "index":334,
            "아파트명":"엔터팰리스1차(도시형)",
            "투자타입":"일반",
            "전용면적(m2)":"28.22",
            "전용면적(평)":"8평",
            "법정동주소":"대전시 유성구 봉명동 607-4",
            "도로명주소":"대전시 유성구 대학로 39-10",
            "세대수":0,
            "입주년차":100,
            "용적률점수":"--",
            "건폐율점수":"--",
            "세대당주차수":0,
            "난방방식":30,
            "공급면적":"--",
            "전용률":"--",
            "욕실수":50,
            "현관타입":10,
            "주거총점":29.0,
            "지역구공급총점":0.0,
            "역세권":"NA",
            "30분내 이동가능 거점":"NA",
            "1시간내 이동가능 거점":"NA",
            "교통총점":"NA",
            "백화점":0,
            "아울렛몰":0,
            "대형마트":0,
            "은행":0,
            "병원":60,
            "종합병원":100,
            "공원":100,
            "혐오시설":0,
            "인프라총점":29.0,
            "초등학군":89.74,
            "중학군":43.44,
            "학군총점":52.7,
            "인구수":40.91,
            "인구증감":-8.31,
            "인구총점":26.144,
            "일자리":23.4,
            "소득수준":70.9,
            "일자리총점":37.65,
            "가치 총점":34.925,
            "매매실거래년":20191113.0,
            "매매실거래가":9800.0,
            "전세실거래년":null,
            "전세실거래가":null,
            "전세가율":null,
            "장기전세가율평균":73.28,
            "전세가율거품지수":null,
            "검색코드":118089,
            "세대수":299,
            "준공년월":"2019-07-24",
            "준공년차":4,
            "가까운역이름":"NA",
            "가까운역거리":"NA",
            "역세권여부":"NA",
            "30분이내주요거점역":"NA",
            "1시간이내주요거점역":"NA",
            "3km이내백화점수":0,
            "5km이내아울렛몰수":0,
            "1km이내대형먀트수":0,
            "500m이내은행수":1,
            "500m이내병원수":19,
            "5km이내대형병원수":2,
            "500m이내공원수":6,
            "3km이내혐오시설수":0,
            "초등학교학업성취도":89.74,
            "중학교학업성취도":71.2,
            "용적률":809,
            "건폐율":61,
            "Y":36.357675,
            "X":127.342379,
            "rank":137.0,
            "area_info":"8평(28.22), 9평(31.39), 11평(38.49), 11평(38.2), 11평(38.04)",
            "last_sales":"2019-11-13,9800.0,9평(31.39)"
        },
        {
            "index":601,
            "아파트명":"갤러리빌II",
            "투자타입":"일반",
            "전용면적(m2)":"43.46",
            "전용면적(평)":"13평",
            "법정동주소":"대전시 유성구 장대동 283-4",
            "도로명주소":"대전시 유성구 유성대로736번길 62",
            "세대수":0,
            "입주년차":40,
            "용적률점수":"--",
            "건폐율점수":"--",
            "세대당주차수":0,
            "난방방식":30,
            "공급면적":"--",
            "전용률":"--",
            "욕실수":50,
            "현관타입":10,
            "주거총점":17.0,
            "지역구공급총점":0.0,
            "역세권":"NA",
            "30분내 이동가능 거점":"NA",
            "1시간내 이동가능 거점":"NA",
            "교통총점":"NA",
            "백화점":0,
            "아울렛몰":0,
            "대형마트":0,
            "은행":70,
            "병원":80,
            "종합병원":100,
            "공원":100,
            "혐오시설":0,
            "인프라총점":38.0,
            "초등학군":89.74,
            "중학군":43.44,
            "학군총점":52.7,
            "인구수":40.91,
            "인구증감":-8.31,
            "인구총점":26.144,
            "일자리":23.4,
            "소득수준":70.9,
            "일자리총점":37.65,
            "가치 총점":34.325,
            "매매실거래년":20210524.0,
            "매매실거래가":24000.0,
            "전세실거래년":20211111.0,
            "전세실거래가":9000.0,
            "전세가율":36.14,
            "장기전세가율평균":73.28,
            "전세가율거품지수":37.14,
            "검색코드":17424,
            "세대수":147,
            "준공년월":"2004-01-30",
            "준공년차":19,
            "가까운역이름":"NA",
            "가까운역거리":"NA",
            "역세권여부":"NA",
            "30분이내주요거점역":"NA",
            "1시간이내주요거점역":"NA",
            "3km이내백화점수":0,
            "5km이내아울렛몰수":0,
            "1km이내대형먀트수":0,
            "500m이내은행수":4,
            "500m이내병원수":33,
            "5km이내대형병원수":2,
            "500m이내공원수":4,
            "3km이내혐오시설수":0,
            "초등학교학업성취도":89.74,
            "중학교학업성취도":71.2,
            "용적률":647,
            "건폐율":69,
            "Y":36.358483,
            "X":127.33712,
            "rank":138.0,
            "area_info":"13평(43.46), 14평(48.48), 15평(50.15), 18평(60.18)",
            "last_sales":"2021-05-24,24000.0,18평(60.18)"
        },
        {
            "index":487,
            "아파트명":"청솔(뉴서울,신호,태영)",
            "투자타입":"일반",
            "전용면적(m2)":"77.78",
            "전용면적(평)":"23평",
            "법정동주소":"대전시 유성구 송강동 8-2",
            "도로명주소":"대전시 유성구 송강로42번길 61",
            "세대수":90,
            "입주년차":0,
            "용적률점수":"--",
            "건폐율점수":"--",
            "세대당주차수":0,
            "난방방식":30,
            "공급면적":"--",
            "전용률":"--",
            "욕실수":50,
            "현관타입":10,
            "주거총점":40.5,
            "지역구공급총점":0.0,
            "역세권":"NA",
            "30분내 이동가능 거점":"NA",
            "1시간내 이동가능 거점":"NA",
            "교통총점":"NA",
            "백화점":0,
            "아울렛몰":80,
            "대형마트":0,
            "은행":0,
            "병원":60,
            "종합병원":0,
            "공원":100,
            "혐오시설":0,
            "인프라총점":17.0,
            "초등학군":84.48,
            "중학군":45.06,
            "학군총점":52.944,
            "인구수":40.91,
            "인구증감":-8.31,
            "인구총점":26.144,
            "일자리":23.4,
            "소득수준":70.9,
            "일자리총점":37.65,
            "가치 총점":34.211,
            "매매실거래년":20211214.0,
            "매매실거래가":18000.0,
            "전세실거래년":null,
            "전세실거래가":null,
            "전세가율":null,
            "장기전세가율평균":73.28,
            "전세가율거품지수":null,
            "검색코드":6142,
            "세대수":1446,
            "준공년월":"1995-08-30",
            "준공년차":28,
            "가까운역이름":"NA",
            "가까운역거리":"NA",
            "역세권여부":"NA",
            "30분이내주요거점역":"NA",
            "1시간이내주요거점역":"NA",
            "3km이내백화점수":0,
            "5km이내아울렛몰수":1,
            "1km이내대형먀트수":0,
            "500m이내은행수":0,
            "500m이내병원수":10,
            "5km이내대형병원수":0,
            "500m이내공원수":4,
            "3km이내혐오시설수":0,
            "초등학교학업성취도":84.48,
            "중학교학업성취도":74.7,
            "용적률":200,
            "건폐율":15,
            "Y":36.435664,
            "X":127.382249,
            "rank":139.0,
            "area_info":"23평(77.78), 23평(77.78), 23평(77.78), 31평(102.74), 31평(102.74), 31평(102.74)",
            "last_sales":"2021-12-14,18000.0,31평(102.74)"
        },
        {
            "index":493,
            "아파트명":"청솔(한양)",
            "투자타입":"일반",
            "전용면적(m2)":"55.96",
            "전용면적(평)":"16평",
            "법정동주소":"대전시 유성구 송강동 8-2",
            "도로명주소":"대전시 유성구 송강로42번길 61",
            "세대수":50,
            "입주년차":0,
            "용적률점수":"--",
            "건폐율점수":"--",
            "세대당주차수":0,
            "난방방식":30,
            "공급면적":"--",
            "전용률":"--",
            "욕실수":50,
            "현관타입":10,
            "주거총점":26.5,
            "지역구공급총점":0.0,
            "역세권":"NA",
            "30분내 이동가능 거점":"NA",
            "1시간내 이동가능 거점":"NA",
            "교통총점":"NA",
            "백화점":0,
            "아울렛몰":80,
            "대형마트":80,
            "은행":0,
            "병원":60,
            "종합병원":0,
            "공원":100,
            "혐오시설":0,
            "인프라총점":29.0,
            "초등학군":84.48,
            "중학군":45.06,
            "학군총점":52.944,
            "인구수":40.91,
            "인구증감":-8.31,
            "인구총점":26.144,
            "일자리":23.4,
            "소득수준":70.9,
            "일자리총점":37.65,
            "가치 총점":34.111,
            "매매실거래년":20211218.0,
            "매매실거래가":13500.0,
            "전세실거래년":20211124.0,
            "전세실거래가":11000.0,
            "전세가율":81.48,
            "장기전세가율평균":73.28,
            "전세가율거품지수":-8.2,
            "검색코드":6144,
            "세대수":520,
            "준공년월":"1996-11-15",
            "준공년차":27,
            "가까운역이름":"NA",
            "가까운역거리":"NA",
            "역세권여부":"NA",
            "30분이내주요거점역":"NA",
            "1시간이내주요거점역":"NA",
            "3km이내백화점수":0,
            "5km이내아울렛몰수":1,
            "1km이내대형먀트수":1,
            "500m이내은행수":0,
            "500m이내병원수":10,
            "5km이내대형병원수":0,
            "500m이내공원수":3,
            "3km이내혐오시설수":0,
            "초등학교학업성취도":84.48,
            "중학교학업성취도":74.7,
            "용적률":199,
            "건폐율":18,
            "Y":36.434582,
            "X":127.382224,
            "rank":140.0,
            "area_info":"16평(55.96), 31평(102.87)",
            "last_sales":"2021-12-18,13500.0,16평(55.96)"
        },
        {
            "index":560,
            "아파트명":"대덕테크노밸리푸르지오하임2단지",
            "투자타입":"일반",
            "전용면적(m2)":"159.12",
            "전용면적(평)":"48평",
            "법정동주소":"대전시 유성구 용산동 725",
            "도로명주소":"대전시 유성구 배울1로 147",
            "세대수":0,
            "입주년차":40,
            "용적률점수":"--",
            "건폐율점수":"--",
            "세대당주차수":80,
            "난방방식":30,
            "공급면적":"--",
            "전용률":"--",
            "욕실수":100,
            "현관타입":50,
            "주거총점":38.0,
            "지역구공급총점":0.0,
            "역세권":"NA",
            "30분내 이동가능 거점":"NA",
            "1시간내 이동가능 거점":"NA",
            "교통총점":"NA",
            "백화점":0,
            "아울렛몰":80,
            "대형마트":0,
            "은행":0,
            "병원":0,
            "종합병원":0,
            "공원":100,
            "혐오시설":0,
            "인프라총점":11.0,
            "초등학군":90.49,
            "중학군":56.6,
            "학군총점":63.378,
            "인구수":40.91,
            "인구증감":-8.31,
            "인구총점":26.144,
            "일자리":23.4,
            "소득수준":70.9,
            "일자리총점":37.65,
            "가치 총점":33.5445,
            "매매실거래년":20210129.0,
            "매매실거래가":115000.0,
            "전세실거래년":20190614.0,
            "전세실거래가":36000.0,
            "전세가율":52.33,
            "장기전세가율평균":73.28,
            "전세가율거품지수":20.95,
            "검색코드":26942,
            "세대수":152,
            "준공년월":"2008-06-25",
            "준공년차":15,
            "가까운역이름":"NA",
            "가까운역거리":"NA",
            "역세권여부":"NA",
            "30분이내주요거점역":"NA",
            "1시간이내주요거점역":"NA",
            "3km이내백화점수":0,
            "5km이내아울렛몰수":1,
            "1km이내대형먀트수":0,
            "500m이내은행수":0,
            "500m이내병원수":0,
            "5km이내대형병원수":0,
            "500m이내공원수":7,
            "3km이내혐오시설수":0,
            "초등학교학업성취도":90.49,
            "중학교학업성취도":92.0,
            "용적률":124,
            "건폐율":24,
            "Y":36.416775,
            "X":127.396548,
            "rank":141.0,
            "area_info":"48평(159.12), 48평(159.85), 48평(160.37), 48평(160.37), 48평(160.09), 56평(186.99), 56평(187.33), 61평(204.43), 61평(204.48), 61평(204.47)",
            "last_sales":"2021-01-29,115000.0,61평(204.47)"
        },
        {
            "index":339,
            "아파트명":"엔터팰리스2차(도시형)",
            "투자타입":"일반",
            "전용면적(m2)":"31.69",
            "전용면적(평)":"9평",
            "법정동주소":"대전시 유성구 봉명동 607-5",
            "도로명주소":"대전시 유성구 대학로 39-14",
            "세대수":0,
            "입주년차":80,
            "용적률점수":"--",
            "건폐율점수":"--",
            "세대당주차수":0,
            "난방방식":30,
            "공급면적":"--",
            "전용률":"--",
            "욕실수":50,
            "현관타입":10,
            "주거총점":25.0,
            "지역구공급총점":0.0,
            "역세권":"NA",
            "30분내 이동가능 거점":"NA",
            "1시간내 이동가능 거점":"NA",
            "교통총점":"NA",
            "백화점":0,
            "아울렛몰":0,
            "대형마트":0,
            "은행":0,
            "병원":60,
            "종합병원":100,
            "공원":100,
            "혐오시설":0,
            "인프라총점":29.0,
            "초등학군":89.74,
            "중학군":43.44,
            "학군총점":52.7,
            "인구수":40.91,
            "인구증감":-8.31,
            "인구총점":26.144,
            "일자리":23.4,
            "소득수준":70.9,
            "일자리총점":37.65,
            "가치 총점":33.525,
            "매매실거래년":20210813.0,
            "매매실거래가":9900.0,
            "전세실거래년":null,
            "전세실거래가":null,
            "전세가율":null,
            "장기전세가율평균":73.28,
            "전세가율거품지수":null,
            "검색코드":118090,
            "세대수":130,
            "준공년월":"2018-07-10",
            "준공년차":5,
            "가까운역이름":"NA",
            "가까운역거리":"NA",
            "역세권여부":"NA",
            "30분이내주요거점역":"NA",
            "1시간이내주요거점역":"NA",
            "3km이내백화점수":0,
            "5km이내아울렛몰수":0,
            "1km이내대형먀트수":0,
            "500m이내은행수":1,
            "500m이내병원수":23,
            "5km이내대형병원수":2,
            "500m이내공원수":5,
            "3km이내혐오시설수":0,
            "초등학교학업성취도":89.74,
            "중학교학업성취도":71.2,
            "용적률":559,
            "건폐율":54,
            "Y":36.357753,
            "X":127.342007,
            "rank":142.0,
            "area_info":"9평(31.69), 9평(32.02), 9평(32.28), 11평(39.35), 12평(39.78), 12평(40.03)",
            "last_sales":"2021-08-13,9900.0,11평(39.35)"
        },
        {
            "index":475,
            "아파트명":"목련1단지",
            "투자타입":"일반",
            "전용면적(m2)":"79.41",
            "전용면적(평)":"24평",
            "법정동주소":"대전시 유성구 상대동 445",
            "도로명주소":"대전시 유성구 월드컵대로290번길 39",
            "세대수":0,
            "입주년차":20,
            "용적률점수":"--",
            "건폐율점수":"--",
            "세대당주차수":30,
            "난방방식":30,
            "공급면적":"--",
            "전용률":"--",
            "욕실수":50,
            "현관타입":100,
            "주거총점":26.5,
            "지역구공급총점":0.0,
            "역세권":"NA",
            "30분내 이동가능 거점":"NA",
            "1시간내 이동가능 거점":"NA",
            "교통총점":"NA",
            "백화점":0,
            "아울렛몰":0,
            "대형마트":0,
            "은행":0,
            "병원":10,
            "종합병원":100,
            "공원":100,
            "혐오시설":0,
            "인프라총점":24.0,
            "초등학군":85.47,
            "중학군":49.68,
            "학군총점":56.838,
            "인구수":40.91,
            "인구증감":-8.31,
            "인구총점":26.144,
            "일자리":23.4,
            "소득수준":70.9,
            "일자리총점":37.65,
            "가치 총점":33.0845,
            "매매실거래년":20211229.0,
            "매매실거래가":28000.0,
            "전세실거래년":20211127.0,
            "전세실거래가":26000.0,
            "전세가율":92.86,
            "장기전세가율평균":73.28,
            "전세가율거품지수":-19.58,
            "검색코드":6132,
            "세대수":255,
            "준공년월":"2000-11-24",
            "준공년차":23,
            "가까운역이름":"NA",
            "가까운역거리":"NA",
            "역세권여부":"NA",
            "30분이내주요거점역":"NA",
            "1시간이내주요거점역":"NA",
            "3km이내백화점수":0,
            "5km이내아울렛몰수":0,
            "1km이내대형먀트수":0,
            "500m이내은행수":0,
            "500m이내병원수":3,
            "5km이내대형병원수":3,
            "500m이내공원수":4,
            "3km이내혐오시설수":0,
            "초등학교학업성취도":85.47,
            "중학교학업성취도":81.0,
            "용적률":213,
            "건폐율":19,
            "Y":36.34646,
            "X":127.332075,
            "rank":143.0,
            "area_info":"24평(79.41), 32평(106.95)",
            "last_sales":"2021-12-29,28000.0,24평(79.41)"
        },
        {
            "index":477,
            "아파트명":"목련2단지",
            "투자타입":"일반",
            "전용면적(m2)":"79.88",
            "전용면적(평)":"24평",
            "법정동주소":"대전시 유성구 상대동 444",
            "도로명주소":"대전시 유성구 월드컵대로290번길 20",
            "세대수":0,
            "입주년차":20,
            "용적률점수":"--",
            "건폐율점수":"--",
            "세대당주차수":30,
            "난방방식":30,
            "공급면적":"--",
            "전용률":"--",
            "욕실수":50,
            "현관타입":100,
            "주거총점":26.5,
            "지역구공급총점":0.0,
            "역세권":"NA",
            "30분내 이동가능 거점":"NA",
            "1시간내 이동가능 거점":"NA",
            "교통총점":"NA",
            "백화점":0,
            "아울렛몰":0,
            "대형마트":0,
            "은행":0,
            "병원":10,
            "종합병원":100,
            "공원":100,
            "혐오시설":0,
            "인프라총점":24.0,
            "초등학군":85.47,
            "중학군":49.68,
            "학군총점":56.838,
            "인구수":40.91,
            "인구증감":-8.31,
            "인구총점":26.144,
            "일자리":23.4,
            "소득수준":70.9,
            "일자리총점":37.65,
            "가치 총점":33.0845,
            "매매실거래년":20210525.0,
            "매매실거래가":32000.0,
            "전세실거래년":20211129.0,
            "전세실거래가":25000.0,
            "전세가율":78.12,
            "장기전세가율평균":73.28,
            "전세가율거품지수":-4.84,
            "검색코드":6133,
            "세대수":222,
            "준공년월":"2000-11-24",
            "준공년차":23,
            "가까운역이름":"NA",
            "가까운역거리":"NA",
            "역세권여부":"NA",
            "30분이내주요거점역":"NA",
            "1시간이내주요거점역":"NA",
            "3km이내백화점수":0,
            "5km이내아울렛몰수":0,
            "1km이내대형먀트수":0,
            "500m이내은행수":0,
            "500m이내병원수":3,
            "5km이내대형병원수":3,
            "500m이내공원수":5,
            "3km이내혐오시설수":0,
            "초등학교학업성취도":85.47,
            "중학교학업성취도":81.0,
            "용적률":255,
            "건폐율":22,
            "Y":36.347494,
            "X":127.331609,
            "rank":143.0,
            "area_info":"24평(79.88), 32평(106.33)",
            "last_sales":"2021-05-25,32000.0,24평(79.88)"
        },
        {
            "index":291,
            "아파트명":"솔리안(도시형)",
            "투자타입":"일반",
            "전용면적(m2)":"25.51",
            "전용면적(평)":"7평",
            "법정동주소":"대전시 유성구 봉명동 606-1",
            "도로명주소":"대전시 유성구 대학로 53",
            "세대수":0,
            "입주년차":60,
            "용적률점수":"--",
            "건폐율점수":"--",
            "세대당주차수":0,
            "난방방식":30,
            "공급면적":"--",
            "전용률":"--",
            "욕실수":50,
            "현관타입":50,
            "주거총점":25.0,
            "지역구공급총점":0.0,
            "역세권":"NA",
            "30분내 이동가능 거점":"NA",
            "1시간내 이동가능 거점":"NA",
            "교통총점":"NA",
            "백화점":0,
            "아울렛몰":0,
            "대형마트":0,
            "은행":0,
            "병원":30,
            "종합병원":100,
            "공원":100,
            "혐오시설":0,
            "인프라총점":26.0,
            "초등학군":89.74,
            "중학군":43.44,
            "학군총점":52.7,
            "인구수":40.91,
            "인구증감":-8.31,
            "인구총점":26.144,
            "일자리":23.4,
            "소득수준":70.9,
            "일자리총점":37.65,
            "가치 총점":32.325,
            "매매실거래년":20201203.0,
            "매매실거래가":8000.0,
            "전세실거래년":null,
            "전세실거래가":null,
            "전세가율":null,
            "장기전세가율평균":73.28,
            "전세가율거품지수":null,
            "검색코드":107265,
            "세대수":146,
            "준공년월":"2013-02-08",
            "준공년차":10,
            "가까운역이름":"NA",
            "가까운역거리":"NA",
            "역세권여부":"NA",
            "30분이내주요거점역":"NA",
            "1시간이내주요거점역":"NA",
            "3km이내백화점수":0,
            "5km이내아울렛몰수":0,
            "1km이내대형먀트수":0,
            "500m이내은행수":1,
            "500m이내병원수":9,
            "5km이내대형병원수":2,
            "500m이내공원수":5,
            "3km이내혐오시설수":0,
            "초등학교학업성취도":89.74,
            "중학교학업성취도":71.2,
            "용적률":799,
            "건폐율":62,
            "Y":36.358542,
            "X":127.342858,
            "rank":144.0,
            "area_info":"7평(25.51), 7평(25.83), 7평(26.41), 7평(26.05), 8평(27.37), 8평(27.76), 8평(27.53), 8평(28.73), 8평(29.12), 9평(30.92), 9평(30.52), 9평(30.51), 10평(35.69), 10평(35.91), 13평(45.73), 17평(59.32)",
            "last_sales":"2020-12-03,8000.0,13평(45.73)"
        },
        {
            "index":479,
            "아파트명":"이지",
            "투자타입":"일반",
            "전용면적(m2)":"76.84",
            "전용면적(평)":"23평",
            "법정동주소":"대전시 유성구 상대동 438-16",
            "도로명주소":"대전시 유성구 월드컵대로290번길 25",
            "세대수":0,
            "입주년차":20,
            "용적률점수":"--",
            "건폐율점수":"--",
            "세대당주차수":0,
            "난방방식":30,
            "공급면적":"--",
            "전용률":"--",
            "욕실수":50,
            "현관타입":100,
            "주거총점":22.0,
            "지역구공급총점":0.0,
            "역세권":"NA",
            "30분내 이동가능 거점":"NA",
            "1시간내 이동가능 거점":"NA",
            "교통총점":"NA",
            "백화점":0,
            "아울렛몰":0,
            "대형마트":0,
            "은행":0,
            "병원":10,
            "종합병원":100,
            "공원":100,
            "혐오시설":0,
            "인프라총점":24.0,
            "초등학군":85.47,
            "중학군":49.68,
            "학군총점":56.838,
            "인구수":40.91,
            "인구증감":-8.31,
            "인구총점":26.144,
            "일자리":23.4,
            "소득수준":70.9,
            "일자리총점":37.65,
            "가치 총점":31.5095,
            "매매실거래년":20210412.0,
            "매매실거래가":20700.0,
            "전세실거래년":20211117.0,
            "전세실거래가":13000.0,
            "전세가율":62.8,
            "장기전세가율평균":73.28,
            "전세가율거품지수":10.48,
            "검색코드":11874,
            "세대수":119,
            "준공년월":"2002-12-20",
            "준공년차":21,
            "가까운역이름":"NA",
            "가까운역거리":"NA",
            "역세권여부":"NA",
            "30분이내주요거점역":"NA",
            "1시간이내주요거점역":"NA",
            "3km이내백화점수":0,
            "5km이내아울렛몰수":0,
            "1km이내대형먀트수":0,
            "500m이내은행수":0,
            "500m이내병원수":3,
            "5km이내대형병원수":3,
            "500m이내공원수":4,
            "3km이내혐오시설수":0,
            "초등학교학업성취도":85.47,
            "중학교학업성취도":81.0,
            "용적률":293,
            "건폐율":23,
            "Y":36.34767,
            "X":127.33251,
            "rank":145.0,
            "area_info":"23평(76.84), 30평(99.67)",
            "last_sales":"2021-04-12,20700.0,23평(76.84)"
        },
        {
            "index":485,
            "아파트명":"송강마을1단지",
            "투자타입":"일반",
            "전용면적(m2)":"47.38",
            "전용면적(평)":"14평",
            "법정동주소":"대전시 유성구 송강동 10",
            "도로명주소":"대전시 유성구 봉산로 45",
            "세대수":50,
            "입주년차":0,
            "용적률점수":"--",
            "건폐율점수":"--",
            "세대당주차수":0,
            "난방방식":30,
            "공급면적":"--",
            "전용률":"--",
            "욕실수":50,
            "현관타입":10,
            "주거총점":26.5,
            "지역구공급총점":0.0,
            "역세권":"NA",
            "30분내 이동가능 거점":"NA",
            "1시간내 이동가능 거점":"NA",
            "교통총점":"NA",
            "백화점":0,
            "아울렛몰":80,
            "대형마트":0,
            "은행":0,
            "병원":60,
            "종합병원":0,
            "공원":100,
            "혐오시설":0,
            "인프라총점":17.0,
            "초등학군":84.48,
            "중학군":45.06,
            "학군총점":52.944,
            "인구수":40.91,
            "인구증감":-8.31,
            "인구총점":26.144,
            "일자리":23.4,
            "소득수준":70.9,
            "일자리총점":37.65,
            "가치 총점":29.311,
            "매매실거래년":"18000101",
            "매매실거래가":null,
            "전세실거래년":null,
            "전세실거래가":null,
            "전세가율":null,
            "장기전세가율평균":73.28,
            "전세가율거품지수":null,
            "검색코드":17274,
            "세대수":660,
            "준공년월":"1994-07-15",
            "준공년차":29,
            "가까운역이름":"NA",
            "가까운역거리":"NA",
            "역세권여부":"NA",
            "30분이내주요거점역":"NA",
            "1시간이내주요거점역":"NA",
            "3km이내백화점수":0,
            "5km이내아울렛몰수":1,
            "1km이내대형먀트수":0,
            "500m이내은행수":0,
            "500m이내병원수":12,
            "5km이내대형병원수":0,
            "500m이내공원수":5,
            "3km이내혐오시설수":0,
            "초등학교학업성취도":84.48,
            "중학교학업성취도":74.7,
            "용적률":209,
            "건폐율":19,
            "Y":36.437525,
            "X":127.384911,
            "rank":146.0,
            "area_info":"14평(47.38)",
            "last_sales":"1800-01-01,nan,14평(47.38)"
        },
        {
            "index":486,
            "아파트명":"송강마을2단지",
            "투자타입":"일반",
            "전용면적(m2)":"69.82",
            "전용면적(평)":"21평",
            "법정동주소":"대전시 유성구 송강동 10-3",
            "도로명주소":"대전시 유성구 봉산로 39",
            "세대수":50,
            "입주년차":0,
            "용적률점수":"--",
            "건폐율점수":"--",
            "세대당주차수":0,
            "난방방식":30,
            "공급면적":"--",
            "전용률":"--",
            "욕실수":50,
            "현관타입":10,
            "주거총점":26.5,
            "지역구공급총점":0.0,
            "역세권":"NA",
            "30분내 이동가능 거점":"NA",
            "1시간내 이동가능 거점":"NA",
            "교통총점":"NA",
            "백화점":0,
            "아울렛몰":80,
            "대형마트":0,
            "은행":0,
            "병원":60,
            "종합병원":0,
            "공원":100,
            "혐오시설":0,
            "인프라총점":17.0,
            "초등학군":84.48,
            "중학군":45.06,
            "학군총점":52.944,
            "인구수":40.91,
            "인구증감":-8.31,
            "인구총점":26.144,
            "일자리":23.4,
            "소득수준":70.9,
            "일자리총점":37.65,
            "가치 총점":29.311,
            "매매실거래년":20211213.0,
            "매매실거래가":13300.0,
            "전세실거래년":20220112.0,
            "전세실거래가":13500.0,
            "전세가율":101.5,
            "장기전세가율평균":73.28,
            "전세가율거품지수":-28.22,
            "검색코드":6140,
            "세대수":675,
            "준공년월":"1994-10-28",
            "준공년차":29,
            "가까운역이름":"NA",
            "가까운역거리":"NA",
            "역세권여부":"NA",
            "30분이내주요거점역":"NA",
            "1시간이내주요거점역":"NA",
            "3km이내백화점수":0,
            "5km이내아울렛몰수":1,
            "1km이내대형먀트수":0,
            "500m이내은행수":0,
            "500m이내병원수":13,
            "5km이내대형병원수":0,
            "500m이내공원수":5,
            "3km이내혐오시설수":0,
            "초등학교학업성취도":84.48,
            "중학교학업성취도":74.7,
            "용적률":214,
            "건폐율":17,
            "Y":36.436607,
            "X":127.385119,
            "rank":146.0,
            "area_info":"21평(69.82)",
            "last_sales":"2021-12-13,13300.0,21평(69.82)"
        },
        {
            "index":72,
            "아파트명":"초롱마을",
            "투자타입":"일반",
            "전용면적(m2)":"80.92",
            "전용면적(평)":"24평",
            "법정동주소":"대전시 유성구 구암동 627-1",
            "도로명주소":"대전시 유성구 월드컵대로253번길 37",
            "세대수":0,
            "입주년차":0,
            "용적률점수":"--",
            "건폐율점수":"--",
            "세대당주차수":0,
            "난방방식":30,
            "공급면적":"--",
            "전용률":"--",
            "욕실수":50,
            "현관타입":10,
            "주거총점":9.0,
            "지역구공급총점":0.0,
            "역세권":"NA",
            "30분내 이동가능 거점":"NA",
            "1시간내 이동가능 거점":"NA",
            "교통총점":"NA",
            "백화점":0,
            "아울렛몰":0,
            "대형마트":0,
            "은행":0,
            "병원":10,
            "종합병원":100,
            "공원":100,
            "혐오시설":0,
            "인프라총점":24.0,
            "초등학군":85.47,
            "중학군":49.68,
            "학군총점":56.838,
            "인구수":40.91,
            "인구증감":-8.31,
            "인구총점":26.144,
            "일자리":23.4,
            "소득수준":70.9,
            "일자리총점":37.65,
            "가치 총점":26.9595,
            "매매실거래년":20211006.0,
            "매매실거래가":24800.0,
            "전세실거래년":20210807.0,
            "전세실거래가":18000.0,
            "전세가율":72.58,
            "장기전세가율평균":73.28,
            "전세가율거품지수":0.7,
            "검색코드":6092,
            "세대수":205,
            "준공년월":"1995-02-01",
            "준공년차":28,
            "가까운역이름":"NA",
            "가까운역거리":"NA",
            "역세권여부":"NA",
            "30분이내주요거점역":"NA",
            "1시간이내주요거점역":"NA",
            "3km이내백화점수":0,
            "5km이내아울렛몰수":0,
            "1km이내대형먀트수":0,
            "500m이내은행수":0,
            "500m이내병원수":2,
            "5km이내대형병원수":2,
            "500m이내공원수":5,
            "3km이내혐오시설수":0,
            "초등학교학업성취도":85.47,
            "중학교학업성취도":81.0,
            "용적률":235,
            "건폐율":37,
            "Y":36.350409,
            "X":127.3292,
            "rank":147.0,
            "area_info":"24평(80.92), 31평(105.33)",
            "last_sales":"2021-10-06,24800.0,24평(80.92)"
        }
    ]
}