{
    "schema":{
        "fields":[
            {
                "name":"index",
                "type":"integer"
            },
            {
                "name":"아파트명",
                "type":"string"
            },
            {
                "name":"투자타입",
                "type":"string"
            },
            {
                "name":"전용면적(m2)",
                "type":"string"
            },
            {
                "name":"전용면적(평)",
                "type":"string"
            },
            {
                "name":"법정동주소",
                "type":"string"
            },
            {
                "name":"도로명주소",
                "type":"string"
            },
            {
                "name":"세대수",
                "type":"integer"
            },
            {
                "name":"입주년차",
                "type":"string"
            },
            {
                "name":"용적률점수",
                "type":"string"
            },
            {
                "name":"건폐율점수",
                "type":"string"
            },
            {
                "name":"세대당주차수",
                "type":"string"
            },
            {
                "name":"난방방식",
                "type":"string"
            },
            {
                "name":"공급면적",
                "type":"string"
            },
            {
                "name":"전용률",
                "type":"string"
            },
            {
                "name":"욕실수",
                "type":"string"
            },
            {
                "name":"현관타입",
                "type":"string"
            },
            {
                "name":"주거총점",
                "type":"number"
            },
            {
                "name":"지역구공급총점",
                "type":"number"
            },
            {
                "name":"역세권",
                "type":"string"
            },
            {
                "name":"30분내 이동가능 거점",
                "type":"string"
            },
            {
                "name":"1시간내 이동가능 거점",
                "type":"string"
            },
            {
                "name":"교통총점",
                "type":"string"
            },
            {
                "name":"백화점",
                "type":"integer"
            },
            {
                "name":"아울렛몰",
                "type":"integer"
            },
            {
                "name":"대형마트",
                "type":"integer"
            },
            {
                "name":"은행",
                "type":"integer"
            },
            {
                "name":"병원",
                "type":"integer"
            },
            {
                "name":"종합병원",
                "type":"integer"
            },
            {
                "name":"공원",
                "type":"integer"
            },
            {
                "name":"혐오시설",
                "type":"integer"
            },
            {
                "name":"인프라총점",
                "type":"number"
            },
            {
                "name":"초등학군",
                "type":"number"
            },
            {
                "name":"중학군",
                "type":"number"
            },
            {
                "name":"학군총점",
                "type":"number"
            },
            {
                "name":"인구수",
                "type":"number"
            },
            {
                "name":"인구증감",
                "type":"number"
            },
            {
                "name":"인구총점",
                "type":"number"
            },
            {
                "name":"일자리",
                "type":"number"
            },
            {
                "name":"소득수준",
                "type":"number"
            },
            {
                "name":"일자리총점",
                "type":"number"
            },
            {
                "name":"가치 총점",
                "type":"number"
            },
            {
                "name":"매매실거래년",
                "type":"string"
            },
            {
                "name":"매매실거래가",
                "type":"number"
            },
            {
                "name":"전세실거래년",
                "type":"number"
            },
            {
                "name":"전세실거래가",
                "type":"number"
            },
            {
                "name":"전세가율",
                "type":"number"
            },
            {
                "name":"장기전세가율평균",
                "type":"number"
            },
            {
                "name":"전세가율거품지수",
                "type":"number"
            },
            {
                "name":"검색코드",
                "type":"integer"
            },
            {
                "name":"세대수",
                "type":"number"
            },
            {
                "name":"준공년월",
                "type":"string"
            },
            {
                "name":"준공년차",
                "type":"number"
            },
            {
                "name":"가까운역이름",
                "type":"string"
            },
            {
                "name":"가까운역거리",
                "type":"string"
            },
            {
                "name":"역세권여부",
                "type":"string"
            },
            {
                "name":"30분이내주요거점역",
                "type":"string"
            },
            {
                "name":"1시간이내주요거점역",
                "type":"string"
            },
            {
                "name":"3km이내백화점수",
                "type":"integer"
            },
            {
                "name":"5km이내아울렛몰수",
                "type":"integer"
            },
            {
                "name":"1km이내대형먀트수",
                "type":"integer"
            },
            {
                "name":"500m이내은행수",
                "type":"integer"
            },
            {
                "name":"500m이내병원수",
                "type":"integer"
            },
            {
                "name":"5km이내대형병원수",
                "type":"integer"
            },
            {
                "name":"500m이내공원수",
                "type":"integer"
            },
            {
                "name":"3km이내혐오시설수",
                "type":"integer"
            },
            {
                "name":"초등학교학업성취도",
                "type":"number"
            },
            {
                "name":"중학교학업성취도",
                "type":"number"
            },
            {
                "name":"용적률",
                "type":"integer"
            },
            {
                "name":"건폐율",
                "type":"integer"
            },
            {
                "name":"Y",
                "type":"number"
            },
            {
                "name":"X",
                "type":"number"
            },
            {
                "name":"rank",
                "type":"number"
            },
            {
                "name":"area_info",
                "type":"string"
            },
            {
                "name":"last_sales",
                "type":"string"
            }
        ],
        "primaryKey":[
            "index"
        ],
        "pandas_version":"1.4.0"
    },
    "data":[
        {
            "index":130,
            "아파트명":"금강엑슬루타워",
            "투자타입":"일반",
            "전용면적(m2)":"92.14",
            "전용면적(평)":"27평",
            "법정동주소":"대전시 대덕구 석봉동 770",
            "도로명주소":"대전시 대덕구 대덕대로 1555",
            "세대수":100,
            "입주년차":60,
            "용적률점수":"--",
            "건폐율점수":"--",
            "세대당주차수":60,
            "난방방식":100,
            "공급면적":"--",
            "전용률":"--",
            "욕실수":100,
            "현관타입":100,
            "주거총점":86.0,
            "지역구공급총점":0.0,
            "역세권":"NA",
            "30분내 이동가능 거점":"NA",
            "1시간내 이동가능 거점":"NA",
            "교통총점":"NA",
            "백화점":0,
            "아울렛몰":80,
            "대형마트":80,
            "은행":0,
            "병원":60,
            "종합병원":80,
            "공원":100,
            "혐오시설":0,
            "인프라총점":45.0,
            "초등학군":96.57,
            "중학군":53.42,
            "학군총점":62.05,
            "인구수":20.3,
            "인구증감":4.89,
            "인구총점":15.677,
            "일자리":11.9,
            "소득수준":72.14,
            "일자리총점":29.972,
            "가치 총점":63.6125,
            "매매실거래년":20211227.0,
            "매매실거래가":58500.0,
            "전세실거래년":20211223.0,
            "전세실거래가":20000.0,
            "전세가율":54.79,
            "장기전세가율평균":69.62,
            "전세가율거품지수":14.83,
            "검색코드":100330,
            "세대수":2312.0,
            "준공년월":"2012-01-12",
            "준공년차":11.0,
            "가까운역이름":"NA",
            "가까운역거리":"NA",
            "역세권여부":"NA",
            "30분이내주요거점역":"NA",
            "1시간이내주요거점역":"NA",
            "3km이내백화점수":0,
            "5km이내아울렛몰수":1,
            "1km이내대형먀트수":1,
            "500m이내은행수":1,
            "500m이내병원수":10,
            "5km이내대형병원수":1,
            "500m이내공원수":2,
            "3km이내혐오시설수":0,
            "초등학교학업성취도":96.57,
            "중학교학업성취도":88.1,
            "용적률":243,
            "건폐율":9,
            "Y":36.451798,
            "X":127.420463,
            "rank":1.0,
            "area_info":"27평(92.14), 28평(92.65), 28평(95.09), 35평(117.62), 35평(117.67), 35평(117.28), 42평(141.77), 48평(160.75), 48평(160.63), 58평(192.13), 58평(192.13)",
            "last_sales":"2021-12-27,58500.0,58평(192.13)"
        },
        {
            "index":115,
            "아파트명":"금강로하스엘크루",
            "투자타입":"일반",
            "전용면적(m2)":"80.37",
            "전용면적(평)":"24평",
            "법정동주소":"대전시 대덕구 석봉동 771",
            "도로명주소":"대전시 대덕구 대덕대로 1587",
            "세대수":80,
            "입주년차":80,
            "용적률점수":"--",
            "건폐율점수":"--",
            "세대당주차수":30,
            "난방방식":100,
            "공급면적":"--",
            "전용률":"--",
            "욕실수":100,
            "현관타입":100,
            "주거총점":78.5,
            "지역구공급총점":0.0,
            "역세권":"NA",
            "30분내 이동가능 거점":"NA",
            "1시간내 이동가능 거점":"NA",
            "교통총점":"NA",
            "백화점":0,
            "아울렛몰":80,
            "대형마트":80,
            "은행":0,
            "병원":60,
            "종합병원":80,
            "공원":100,
            "혐오시설":0,
            "인프라총점":45.0,
            "초등학군":96.57,
            "중학군":53.42,
            "학군총점":62.05,
            "인구수":20.3,
            "인구증감":4.89,
            "인구총점":15.677,
            "일자리":11.9,
            "소득수준":72.14,
            "일자리총점":29.972,
            "가치 총점":60.9875,
            "매매실거래년":20220101.0,
            "매매실거래가":46000.0,
            "전세실거래년":20211224.0,
            "전세실거래가":24000.0,
            "전세가율":71.64,
            "장기전세가율평균":69.62,
            "전세가율거품지수":-2.02,
            "검색코드":110758,
            "세대수":765.0,
            "준공년월":"2017-10-26",
            "준공년차":6.0,
            "가까운역이름":"NA",
            "가까운역거리":"NA",
            "역세권여부":"NA",
            "30분이내주요거점역":"NA",
            "1시간이내주요거점역":"NA",
            "3km이내백화점수":0,
            "5km이내아울렛몰수":1,
            "1km이내대형먀트수":1,
            "500m이내은행수":0,
            "500m이내병원수":14,
            "5km이내대형병원수":1,
            "500m이내공원수":3,
            "3km이내혐오시설수":0,
            "초등학교학업성취도":96.57,
            "중학교학업성취도":88.1,
            "용적률":244,
            "건폐율":19,
            "Y":36.453339,
            "X":127.423127,
            "rank":2.0,
            "area_info":"24평(80.37), 34평(112.85), 34평(113.93), 34평(113.18)",
            "last_sales":"2022-01-01,46000.0,34평(112.85)"
        },
        {
            "index":196,
            "아파트명":"동일스위트리버스카이",
            "투자타입":"일반",
            "전용면적(m2)":"88.52",
            "전용면적(평)":"26평",
            "법정동주소":"대전시 대덕구 신탄진동 100-1",
            "도로명주소":"대전시 대덕구 대청로 43",
            "세대수":100,
            "입주년차":100,
            "용적률점수":"--",
            "건폐율점수":"--",
            "세대당주차수":30,
            "난방방식":30,
            "공급면적":"--",
            "전용률":"--",
            "욕실수":100,
            "현관타입":100,
            "주거총점":82.5,
            "지역구공급총점":0.0,
            "역세권":"NA",
            "30분내 이동가능 거점":"NA",
            "1시간내 이동가능 거점":"NA",
            "교통총점":"NA",
            "백화점":0,
            "아울렛몰":80,
            "대형마트":80,
            "은행":20,
            "병원":60,
            "종합병원":80,
            "공원":100,
            "혐오시설":0,
            "인프라총점":47.0,
            "초등학군":86.31,
            "중학군":40.84,
            "학군총점":49.934,
            "인구수":20.3,
            "인구증감":4.89,
            "인구총점":15.677,
            "일자리":11.9,
            "소득수준":72.14,
            "일자리총점":29.972,
            "가치 총점":60.1585,
            "매매실거래년":20220103.0,
            "매매실거래가":35150.0,
            "전세실거래년":null,
            "전세실거래가":null,
            "전세가율":null,
            "장기전세가율평균":69.62,
            "전세가율거품지수":null,
            "검색코드":123551,
            "세대수":1757.0,
            "준공년월":"2021-11-01",
            "준공년차":2.0,
            "가까운역이름":"NA",
            "가까운역거리":"NA",
            "역세권여부":"NA",
            "30분이내주요거점역":"NA",
            "1시간이내주요거점역":"NA",
            "3km이내백화점수":0,
            "5km이내아울렛몰수":1,
            "1km이내대형먀트수":1,
            "500m이내은행수":2,
            "500m이내병원수":16,
            "5km이내대형병원수":1,
            "500m이내공원수":4,
            "3km이내혐오시설수":0,
            "초등학교학업성취도":86.31,
            "중학교학업성취도":67.2,
            "용적률":0,
            "건폐율":13,
            "Y":36.452953,
            "X":127.431712,
            "rank":3.0,
            "area_info":"26평(88.52), 26평(88.45), 30평(99.63), 30평(100.43), 32평(108.96), 33평(109.46)",
            "last_sales":"2022-01-03,35150.0,30평(100.43)"
        },
        {
            "index":119,
            "아파트명":"금강센트럴파크서희스타힐스",
            "투자타입":"일반",
            "전용면적(m2)":"81.95",
            "전용면적(평)":"24평",
            "법정동주소":"대전시 대덕구 석봉동 787",
            "도로명주소":"대전시 대덕구 대덕대로1585번길 44",
            "세대수":80,
            "입주년차":100,
            "용적률점수":"--",
            "건폐율점수":"--",
            "세대당주차수":30,
            "난방방식":30,
            "공급면적":"--",
            "전용률":"--",
            "욕실수":100,
            "현관타입":100,
            "주거총점":75.5,
            "지역구공급총점":0.0,
            "역세권":"NA",
            "30분내 이동가능 거점":"NA",
            "1시간내 이동가능 거점":"NA",
            "교통총점":"NA",
            "백화점":0,
            "아울렛몰":80,
            "대형마트":80,
            "은행":0,
            "병원":60,
            "종합병원":80,
            "공원":100,
            "혐오시설":0,
            "인프라총점":45.0,
            "초등학군":96.57,
            "중학군":53.42,
            "학군총점":62.05,
            "인구수":20.3,
            "인구증감":4.89,
            "인구총점":15.677,
            "일자리":11.9,
            "소득수준":72.14,
            "일자리총점":29.972,
            "가치 총점":59.9375,
            "매매실거래년":20200902.0,
            "매매실거래가":29480.0,
            "전세실거래년":null,
            "전세실거래가":null,
            "전세가율":null,
            "장기전세가율평균":69.62,
            "전세가율거품지수":null,
            "검색코드":118899,
            "세대수":835.0,
            "준공년월":"2020-08-31",
            "준공년차":3.0,
            "가까운역이름":"NA",
            "가까운역거리":"NA",
            "역세권여부":"NA",
            "30분이내주요거점역":"NA",
            "1시간이내주요거점역":"NA",
            "3km이내백화점수":0,
            "5km이내아울렛몰수":1,
            "1km이내대형먀트수":1,
            "500m이내은행수":0,
            "500m이내병원수":15,
            "5km이내대형병원수":1,
            "500m이내공원수":3,
            "3km이내혐오시설수":0,
            "초등학교학업성취도":96.57,
            "중학교학업성취도":88.1,
            "용적률":237,
            "건폐율":16,
            "Y":36.454438,
            "X":127.425488,
            "rank":4.0,
            "area_info":"24평(81.95), 24평(81.96), 24평(81.88), 29평(98.63), 29평(98.64), 29평(98.64), 29평(98.64), 31평(104.81), 31평(104.82), 31평(104.78), 31평(104.78)",
            "last_sales":"2020-09-02,29480.0,29평(98.63)"
        },
        {
            "index":43,
            "아파트명":"e편한세상대전법동",
            "투자타입":"일반",
            "전용면적(m2)":"83.6",
            "전용면적(평)":"25평",
            "법정동주소":"대전시 대덕구 법동 448",
            "도로명주소":"대전시 대덕구 중리북로 46",
            "세대수":100,
            "입주년차":100,
            "용적률점수":"--",
            "건폐율점수":"--",
            "세대당주차수":30,
            "난방방식":30,
            "공급면적":"--",
            "전용률":"--",
            "욕실수":100,
            "현관타입":100,
            "주거총점":82.5,
            "지역구공급총점":0.0,
            "역세권":"NA",
            "30분내 이동가능 거점":"NA",
            "1시간내 이동가능 거점":"NA",
            "교통총점":"NA",
            "백화점":0,
            "아울렛몰":0,
            "대형마트":0,
            "은행":0,
            "병원":60,
            "종합병원":100,
            "공원":100,
            "혐오시설":0,
            "인프라총점":29.0,
            "초등학군":100.0,
            "중학군":34.58,
            "학군총점":47.664,
            "인구수":20.3,
            "인구증감":4.89,
            "인구총점":15.677,
            "일자리":11.9,
            "소득수준":72.14,
            "일자리총점":29.972,
            "가치 총점":52.391,
            "매매실거래년":20210911.0,
            "매매실거래가":79800.0,
            "전세실거래년":20220111.0,
            "전세실거래가":33000.0,
            "전세가율":66.0,
            "장기전세가율평균":69.62,
            "전세가율거품지수":3.62,
            "검색코드":120965,
            "세대수":1503.0,
            "준공년월":"2020-09-18",
            "준공년차":3.0,
            "가까운역이름":"NA",
            "가까운역거리":"NA",
            "역세권여부":"NA",
            "30분이내주요거점역":"NA",
            "1시간이내주요거점역":"NA",
            "3km이내백화점수":0,
            "5km이내아울렛몰수":0,
            "1km이내대형먀트수":0,
            "500m이내은행수":0,
            "500m이내병원수":17,
            "5km이내대형병원수":5,
            "500m이내공원수":5,
            "3km이내혐오시설수":0,
            "초등학교학업성취도":100.0,
            "중학교학업성취도":56.9,
            "용적률":243,
            "건폐율":15,
            "Y":36.367731,
            "X":127.425314,
            "rank":5.0,
            "area_info":"25평(83.6), 25평(83.94), 30평(100.09), 30평(100.18), 33평(111.77), 34평(112.49), 34평(112.45)",
            "last_sales":"2021-09-11,79800.0,33평(111.77)"
        },
        {
            "index":103,
            "아파트명":"비래휴플러스",
            "투자타입":"일반",
            "전용면적(m2)":"79.55",
            "전용면적(평)":"24평",
            "법정동주소":"대전시 대덕구 비래동 509-1",
            "도로명주소":"대전시 대덕구 비래서로10번길 21",
            "세대수":50,
            "입주년차":40,
            "용적률점수":"--",
            "건폐율점수":"--",
            "세대당주차수":30,
            "난방방식":30,
            "공급면적":"--",
            "전용률":"--",
            "욕실수":100,
            "현관타입":100,
            "주거총점":53.0,
            "지역구공급총점":0.0,
            "역세권":"NA",
            "30분내 이동가능 거점":"NA",
            "1시간내 이동가능 거점":"NA",
            "교통총점":"NA",
            "백화점":0,
            "아울렛몰":0,
            "대형마트":100,
            "은행":0,
            "병원":60,
            "종합병원":100,
            "공원":100,
            "혐오시설":0,
            "인프라총점":44.0,
            "초등학군":88.11,
            "중학군":39.94,
            "학군총점":49.574,
            "인구수":20.3,
            "인구증감":4.89,
            "인구총점":15.677,
            "일자리":11.9,
            "소득수준":72.14,
            "일자리총점":29.972,
            "가치 총점":48.5435,
            "매매실거래년":20210502.0,
            "매매실거래가":45000.0,
            "전세실거래년":20211202.0,
            "전세실거래가":17000.0,
            "전세가율":71.43,
            "장기전세가율평균":69.62,
            "전세가율거품지수":-1.81,
            "검색코드":17507,
            "세대수":646.0,
            "준공년월":"2006-06-14",
            "준공년차":17.0,
            "가까운역이름":"NA",
            "가까운역거리":"NA",
            "역세권여부":"NA",
            "30분이내주요거점역":"NA",
            "1시간이내주요거점역":"NA",
            "3km이내백화점수":0,
            "5km이내아울렛몰수":0,
            "1km이내대형먀트수":2,
            "500m이내은행수":1,
            "500m이내병원수":17,
            "5km이내대형병원수":4,
            "500m이내공원수":2,
            "3km이내혐오시설수":0,
            "초등학교학업성취도":88.11,
            "중학교학업성취도":65.1,
            "용적률":328,
            "건폐율":24,
            "Y":36.354488,
            "X":127.446232,
            "rank":6.0,
            "area_info":"24평(79.55), 27평(89.53), 32평(106.52), 33평(112.39), 34평(114.37), 47평(156.94)",
            "last_sales":"2021-05-02,45000.0,47평(156.94)"
        },
        {
            "index":172,
            "아파트명":"선비마을4단지",
            "투자타입":"일반",
            "전용면적(m2)":"80.8",
            "전용면적(평)":"24평",
            "법정동주소":"대전시 대덕구 송촌동 462",
            "도로명주소":"대전시 대덕구 계족산로 135",
            "세대수":90,
            "입주년차":20,
            "용적률점수":"--",
            "건폐율점수":"--",
            "세대당주차수":30,
            "난방방식":30,
            "공급면적":"--",
            "전용률":"--",
            "욕실수":100,
            "현관타입":100,
            "주거총점":63.0,
            "지역구공급총점":0.0,
            "역세권":"NA",
            "30분내 이동가능 거점":"NA",
            "1시간내 이동가능 거점":"NA",
            "교통총점":"NA",
            "백화점":0,
            "아울렛몰":0,
            "대형마트":0,
            "은행":0,
            "병원":60,
            "종합병원":100,
            "공원":100,
            "혐오시설":0,
            "인프라총점":29.0,
            "초등학군":91.28,
            "중학군":49.7,
            "학군총점":58.016,
            "인구수":20.3,
            "인구증감":4.89,
            "인구총점":15.677,
            "일자리":11.9,
            "소득수준":72.14,
            "일자리총점":29.972,
            "가치 총점":48.154,
            "매매실거래년":20211120.0,
            "매매실거래가":38500.0,
            "전세실거래년":20211228.0,
            "전세실거래가":17300.0,
            "전세가율":57.28,
            "장기전세가율평균":69.62,
            "전세가율거품지수":12.34,
            "검색코드":5616,
            "세대수":1428.0,
            "준공년월":"1999-10-01",
            "준공년차":24.0,
            "가까운역이름":"NA",
            "가까운역거리":"NA",
            "역세권여부":"NA",
            "30분이내주요거점역":"NA",
            "1시간이내주요거점역":"NA",
            "3km이내백화점수":0,
            "5km이내아울렛몰수":0,
            "1km이내대형먀트수":0,
            "500m이내은행수":1,
            "500m이내병원수":20,
            "5km이내대형병원수":3,
            "500m이내공원수":5,
            "3km이내혐오시설수":0,
            "초등학교학업성취도":91.28,
            "중학교학업성취도":81.9,
            "용적률":239,
            "건폐율":18,
            "Y":36.367319,
            "X":127.44389,
            "rank":7.0,
            "area_info":"24평(80.8), 24평(81.15), 28평(95.33), 32평(108.71), 32평(108.08), 50평(166.11)",
            "last_sales":"2021-11-20,38500.0,32평(108.08)"
        },
        {
            "index":227,
            "아파트명":"평화로운",
            "투자타입":"일반",
            "전용면적(m2)":"77.69",
            "전용면적(평)":"23평",
            "법정동주소":"대전시 대덕구 오정동 587-1",
            "도로명주소":"대전시 대덕구 한밭대로1003번길 25",
            "세대수":0,
            "입주년차":40,
            "용적률점수":"--",
            "건폐율점수":"--",
            "세대당주차수":30,
            "난방방식":30,
            "공급면적":"--",
            "전용률":"--",
            "욕실수":100,
            "현관타입":100,
            "주거총점":35.5,
            "지역구공급총점":0.0,
            "역세권":"NA",
            "30분내 이동가능 거점":"NA",
            "1시간내 이동가능 거점":"NA",
            "교통총점":"NA",
            "백화점":100,
            "아울렛몰":0,
            "대형마트":0,
            "은행":20,
            "병원":30,
            "종합병원":100,
            "공원":0,
            "혐오시설":0,
            "인프라총점":55.0,
            "초등학군":85.9,
            "중학군":45.28,
            "학군총점":53.404,
            "인구수":20.3,
            "인구증감":4.89,
            "인구총점":15.677,
            "일자리":11.9,
            "소득수준":72.14,
            "일자리총점":29.972,
            "가치 총점":47.776,
            "매매실거래년":20211113.0,
            "매매실거래가":22800.0,
            "전세실거래년":20210717.0,
            "전세실거래가":18000.0,
            "전세가율":78.95,
            "장기전세가율평균":69.62,
            "전세가율거품지수":-9.33,
            "검색코드":104758,
            "세대수":201.0,
            "준공년월":"2007-11-19",
            "준공년차":16.0,
            "가까운역이름":"NA",
            "가까운역거리":"NA",
            "역세권여부":"NA",
            "30분이내주요거점역":"NA",
            "1시간이내주요거점역":"NA",
            "3km이내백화점수":2,
            "5km이내아울렛몰수":0,
            "1km이내대형먀트수":0,
            "500m이내은행수":2,
            "500m이내병원수":6,
            "5km이내대형병원수":6,
            "500m이내공원수":0,
            "3km이내혐오시설수":0,
            "초등학교학업성취도":85.9,
            "중학교학업성취도":73.4,
            "용적률":199,
            "건폐율":17,
            "Y":36.359524,
            "X":127.408356,
            "rank":8.0,
            "area_info":"23평(77.69), 31평(103.7)",
            "last_sales":"2021-11-13,22800.0,23평(77.69)"
        },
        {
            "index":111,
            "아파트명":"현대",
            "투자타입":"재건축",
            "전용면적(m2)":"90.14",
            "전용면적(평)":"27평",
            "법정동주소":"대전시 대덕구 비래동 47-1",
            "도로명주소":"대전시 대덕구 우암로 394",
            "세대수":30,
            "입주년차":"--",
            "용적률점수":80,
            "건폐율점수":100,
            "세대당주차수":"--",
            "난방방식":"--",
            "공급면적":70,
            "전용률":80,
            "욕실수":"--",
            "현관타입":"--",
            "주거총점":68.5,
            "지역구공급총점":0.0,
            "역세권":"NA",
            "30분내 이동가능 거점":"NA",
            "1시간내 이동가능 거점":"NA",
            "교통총점":"NA",
            "백화점":0,
            "아울렛몰":0,
            "대형마트":0,
            "은행":0,
            "병원":60,
            "종합병원":100,
            "공원":80,
            "혐오시설":0,
            "인프라총점":28.4,
            "초등학군":88.11,
            "중학군":39.94,
            "학군총점":49.574,
            "인구수":20.3,
            "인구증감":4.89,
            "인구총점":15.677,
            "일자리":11.9,
            "소득수준":72.14,
            "일자리총점":29.972,
            "가치 총점":47.7285,
            "매매실거래년":20211203.0,
            "매매실거래가":20500.0,
            "전세실거래년":20211012.0,
            "전세실거래가":14000.0,
            "전세가율":68.29,
            "장기전세가율평균":69.62,
            "전세가율거품지수":1.33,
            "검색코드":5637,
            "세대수":370.0,
            "준공년월":"1986-11-24",
            "준공년차":37.0,
            "가까운역이름":"NA",
            "가까운역거리":"NA",
            "역세권여부":"NA",
            "30분이내주요거점역":"NA",
            "1시간이내주요거점역":"NA",
            "3km이내백화점수":0,
            "5km이내아울렛몰수":0,
            "1km이내대형먀트수":0,
            "500m이내은행수":1,
            "500m이내병원수":11,
            "5km이내대형병원수":4,
            "500m이내공원수":1,
            "3km이내혐오시설수":0,
            "초등학교학업성취도":88.11,
            "중학교학업성취도":65.1,
            "용적률":172,
            "건폐율":12,
            "Y":36.353969,
            "X":127.454893,
            "rank":9.0,
            "area_info":"27평(90.14), 31평(102.68)",
            "last_sales":"2021-12-03,20500.0,27평(90.14)"
        },
        {
            "index":166,
            "아파트명":"선비마을3단지",
            "투자타입":"일반",
            "전용면적(m2)":"80.28",
            "전용면적(평)":"24평",
            "법정동주소":"대전시 대덕구 송촌동 461-1",
            "도로명주소":"대전시 대덕구 동춘당로114번길 60",
            "세대수":100,
            "입주년차":20,
            "용적률점수":"--",
            "건폐율점수":"--",
            "세대당주차수":30,
            "난방방식":30,
            "공급면적":"--",
            "전용률":"--",
            "욕실수":50,
            "현관타입":100,
            "주거총점":61.5,
            "지역구공급총점":0.0,
            "역세권":"NA",
            "30분내 이동가능 거점":"NA",
            "1시간내 이동가능 거점":"NA",
            "교통총점":"NA",
            "백화점":0,
            "아울렛몰":0,
            "대형마트":0,
            "은행":0,
            "병원":60,
            "종합병원":100,
            "공원":100,
            "혐오시설":0,
            "인프라총점":29.0,
            "초등학군":88.93,
            "중학군":49.7,
            "학군총점":57.546,
            "인구수":20.3,
            "인구증감":4.89,
            "인구총점":15.677,
            "일자리":11.9,
            "소득수준":72.14,
            "일자리총점":29.972,
            "가치 총점":47.5115,
            "매매실거래년":20211208.0,
            "매매실거래가":65000.0,
            "전세실거래년":20211230.0,
            "전세실거래가":25000.0,
            "전세가율":79.87,
            "장기전세가율평균":69.62,
            "전세가율거품지수":-10.25,
            "검색코드":5614,
            "세대수":1872.0,
            "준공년월":"1999-11-24",
            "준공년차":24.0,
            "가까운역이름":"NA",
            "가까운역거리":"NA",
            "역세권여부":"NA",
            "30분이내주요거점역":"NA",
            "1시간이내주요거점역":"NA",
            "3km이내백화점수":0,
            "5km이내아울렛몰수":0,
            "1km이내대형먀트수":0,
            "500m이내은행수":1,
            "500m이내병원수":23,
            "5km이내대형병원수":3,
            "500m이내공원수":4,
            "3km이내혐오시설수":0,
            "초등학교학업성취도":88.93,
            "중학교학업성취도":81.9,
            "용적률":239,
            "건폐율":16,
            "Y":36.368,
            "X":127.441077,
            "rank":10.0,
            "area_info":"24평(80.28), 24평(81.29), 28평(95.82), 32평(108.19), 43평(142.3), 48평(160.31)",
            "last_sales":"2021-12-08,65000.0,48평(160.31)"
        },
        {
            "index":76,
            "아파트명":"선비마을1단지",
            "투자타입":"일반",
            "전용면적(m2)":"69.3",
            "전용면적(평)":"20평",
            "법정동주소":"대전시 대덕구 법동 440-4",
            "도로명주소":"대전시 대덕구 계족로690번길 21",
            "세대수":90,
            "입주년차":20,
            "용적률점수":"--",
            "건폐율점수":"--",
            "세대당주차수":30,
            "난방방식":30,
            "공급면적":"--",
            "전용률":"--",
            "욕실수":50,
            "현관타입":100,
            "주거총점":58.0,
            "지역구공급총점":0.0,
            "역세권":"NA",
            "30분내 이동가능 거점":"NA",
            "1시간내 이동가능 거점":"NA",
            "교통총점":"NA",
            "백화점":0,
            "아울렛몰":0,
            "대형마트":0,
            "은행":0,
            "병원":60,
            "종합병원":100,
            "공원":100,
            "혐오시설":0,
            "인프라총점":29.0,
            "초등학군":88.93,
            "중학군":52.52,
            "학군총점":59.802,
            "인구수":20.3,
            "인구증감":4.89,
            "인구총점":15.677,
            "일자리":11.9,
            "소득수준":72.14,
            "일자리총점":29.972,
            "가치 총점":46.8505,
            "매매실거래년":20210606.0,
            "매매실거래가":32400.0,
            "전세실거래년":null,
            "전세실거래가":null,
            "전세가율":null,
            "장기전세가율평균":69.62,
            "전세가율거품지수":null,
            "검색코드":8543,
            "세대수":1140.0,
            "준공년월":"1999-11-03",
            "준공년차":24.0,
            "가까운역이름":"NA",
            "가까운역거리":"NA",
            "역세권여부":"NA",
            "30분이내주요거점역":"NA",
            "1시간이내주요거점역":"NA",
            "3km이내백화점수":0,
            "5km이내아울렛몰수":0,
            "1km이내대형먀트수":0,
            "500m이내은행수":0,
            "500m이내병원수":11,
            "5km이내대형병원수":4,
            "500m이내공원수":4,
            "3km이내혐오시설수":0,
            "초등학교학업성취도":88.93,
            "중학교학업성취도":86.6,
            "용적률":238,
            "건폐율":19,
            "Y":36.373337,
            "X":127.429905,
            "rank":11.0,
            "area_info":"20평(69.3), 21평(70.64), 24평(79.85), 33평(109.62)",
            "last_sales":"2021-06-06,32400.0,33평(109.62)"
        },
        {
            "index":161,
            "아파트명":"선비마을2단지",
            "투자타입":"일반",
            "전용면적(m2)":"79.23",
            "전용면적(평)":"23평",
            "법정동주소":"대전시 대덕구 송촌동 444",
            "도로명주소":"대전시 대덕구 동춘당로114번길 47",
            "세대수":90,
            "입주년차":20,
            "용적률점수":"--",
            "건폐율점수":"--",
            "세대당주차수":30,
            "난방방식":30,
            "공급면적":"--",
            "전용률":"--",
            "욕실수":50,
            "현관타입":100,
            "주거총점":58.0,
            "지역구공급총점":0.0,
            "역세권":"NA",
            "30분내 이동가능 거점":"NA",
            "1시간내 이동가능 거점":"NA",
            "교통총점":"NA",
            "백화점":0,
            "아울렛몰":0,
            "대형마트":0,
            "은행":0,
            "병원":60,
            "종합병원":100,
            "공원":100,
            "혐오시설":0,
            "인프라총점":29.0,
            "초등학군":88.93,
            "중학군":52.52,
            "학군총점":59.802,
            "인구수":20.3,
            "인구증감":4.89,
            "인구총점":15.677,
            "일자리":11.9,
            "소득수준":72.14,
            "일자리총점":29.972,
            "가치 총점":46.8505,
            "매매실거래년":20211126.0,
            "매매실거래가":41750.0,
            "전세실거래년":20220105.0,
            "전세실거래가":17300.0,
            "전세가율":56.91,
            "장기전세가율평균":69.62,
            "전세가율거품지수":12.71,
            "검색코드":5612,
            "세대수":1146.0,
            "준공년월":"1999-10-12",
            "준공년차":24.0,
            "가까운역이름":"NA",
            "가까운역거리":"NA",
            "역세권여부":"NA",
            "30분이내주요거점역":"NA",
            "1시간이내주요거점역":"NA",
            "3km이내백화점수":0,
            "5km이내아울렛몰수":0,
            "1km이내대형먀트수":0,
            "500m이내은행수":1,
            "500m이내병원수":22,
            "5km이내대형병원수":3,
            "500m이내공원수":4,
            "3km이내혐오시설수":0,
            "초등학교학업성취도":88.93,
            "중학교학업성취도":86.6,
            "용적률":239,
            "건폐율":18,
            "Y":36.368766,
            "X":127.439143,
            "rank":11.0,
            "area_info":"23평(79.23), 23평(79.28), 31평(105.64), 36평(121.73), 36평(122.05)",
            "last_sales":"2021-11-26,41750.0,31평(105.64)"
        },
        {
            "index":178,
            "아파트명":"선비마을5단지",
            "투자타입":"일반",
            "전용면적(m2)":"79.34",
            "전용면적(평)":"24평",
            "법정동주소":"대전시 대덕구 송촌동 494-1",
            "도로명주소":"대전시 대덕구 계족산로 136",
            "세대수":100,
            "입주년차":20,
            "용적률점수":"--",
            "건폐율점수":"--",
            "세대당주차수":30,
            "난방방식":30,
            "공급면적":"--",
            "전용률":"--",
            "욕실수":50,
            "현관타입":100,
            "주거총점":61.5,
            "지역구공급총점":0.0,
            "역세권":"NA",
            "30분내 이동가능 거점":"NA",
            "1시간내 이동가능 거점":"NA",
            "교통총점":"NA",
            "백화점":0,
            "아울렛몰":0,
            "대형마트":0,
            "은행":0,
            "병원":10,
            "종합병원":100,
            "공원":100,
            "혐오시설":0,
            "인프라총점":24.0,
            "초등학군":91.28,
            "중학군":49.7,
            "학군총점":58.016,
            "인구수":20.3,
            "인구증감":4.89,
            "인구총점":15.677,
            "일자리":11.9,
            "소득수준":72.14,
            "일자리총점":29.972,
            "가치 총점":45.629,
            "매매실거래년":20220107.0,
            "매매실거래가":40500.0,
            "전세실거래년":20211211.0,
            "전세실거래가":25000.0,
            "전세가율":78.12,
            "장기전세가율평균":69.62,
            "전세가율거품지수":-8.5,
            "검색코드":8671,
            "세대수":1554.0,
            "준공년월":"1999-10-21",
            "준공년차":24.0,
            "가까운역이름":"NA",
            "가까운역거리":"NA",
            "역세권여부":"NA",
            "30분이내주요거점역":"NA",
            "1시간이내주요거점역":"NA",
            "3km이내백화점수":0,
            "5km이내아울렛몰수":0,
            "1km이내대형먀트수":0,
            "500m이내은행수":0,
            "500m이내병원수":2,
            "5km이내대형병원수":3,
            "500m이내공원수":4,
            "3km이내혐오시설수":0,
            "초등학교학업성취도":91.28,
            "중학교학업성취도":81.9,
            "용적률":238,
            "건폐율":18,
            "Y":36.365486,
            "X":127.445995,
            "rank":12.0,
            "area_info":"24평(79.34), 25평(82.65), 29평(95.87), 32평(105.79), 32평(109.09), 38평(125.62), 48평(161.98)",
            "last_sales":"2022-01-07,40500.0,32평(105.79)"
        },
        {
            "index":213,
            "아파트명":"신동아",
            "투자타입":"재건축",
            "전용면적(m2)":"82.88",
            "전용면적(평)":"25평",
            "법정동주소":"대전시 대덕구 오정동 635-1",
            "도로명주소":"대전시 대덕구 한밭대로1033번길 15",
            "세대수":50,
            "입주년차":"--",
            "용적률점수":0,
            "건폐율점수":0,
            "세대당주차수":"--",
            "난방방식":"--",
            "공급면적":70,
            "전용률":80,
            "욕실수":"--",
            "현관타입":"--",
            "주거총점":22.5,
            "지역구공급총점":0.0,
            "역세권":"NA",
            "30분내 이동가능 거점":"NA",
            "1시간내 이동가능 거점":"NA",
            "교통총점":"NA",
            "백화점":100,
            "아울렛몰":0,
            "대형마트":0,
            "은행":20,
            "병원":30,
            "종합병원":100,
            "공원":100,
            "혐오시설":0,
            "인프라총점":58.0,
            "초등학군":85.9,
            "중학군":45.28,
            "학군총점":53.404,
            "인구수":20.3,
            "인구증감":4.89,
            "인구총점":15.677,
            "일자리":11.9,
            "소득수준":72.14,
            "일자리총점":29.972,
            "가치 총점":44.426,
            "매매실거래년":20211204.0,
            "매매실거래가":34800.0,
            "전세실거래년":20211217.0,
            "전세실거래가":18000.0,
            "전세가율":85.71,
            "장기전세가율평균":69.62,
            "전세가율거품지수":-16.09,
            "검색코드":5620,
            "세대수":594.0,
            "준공년월":"1990-11-13",
            "준공년차":33.0,
            "가까운역이름":"NA",
            "가까운역거리":"NA",
            "역세권여부":"NA",
            "30분이내주요거점역":"NA",
            "1시간이내주요거점역":"NA",
            "3km이내백화점수":1,
            "5km이내아울렛몰수":0,
            "1km이내대형먀트수":0,
            "500m이내은행수":2,
            "500m이내병원수":8,
            "5km이내대형병원수":6,
            "500m이내공원수":2,
            "3km이내혐오시설수":0,
            "초등학교학업성취도":85.9,
            "중학교학업성취도":73.4,
            "용적률":0,
            "건폐율":0,
            "Y":36.360182,
            "X":127.412039,
            "rank":13.0,
            "area_info":"25평(82.88), 30평(100.19), 35평(118.15), 39평(130.66), 44평(147.48), 54평(180.88)",
            "last_sales":"2021-12-04,34800.0,54평(180.88)"
        },
        {
            "index":38,
            "아파트명":"상록수",
            "투자타입":"일반",
            "전용면적(m2)":"78.25",
            "전용면적(평)":"23평",
            "법정동주소":"대전시 대덕구 목상동 185-1",
            "도로명주소":"대전시 대덕구 대덕대로1470번길 27",
            "세대수":50,
            "입주년차":20,
            "용적률점수":"--",
            "건폐율점수":"--",
            "세대당주차수":30,
            "난방방식":100,
            "공급면적":"--",
            "전용률":"--",
            "욕실수":50,
            "현관타입":100,
            "주거총점":51.0,
            "지역구공급총점":0.0,
            "역세권":"NA",
            "30분내 이동가능 거점":"NA",
            "1시간내 이동가능 거점":"NA",
            "교통총점":"NA",
            "백화점":0,
            "아울렛몰":80,
            "대형마트":0,
            "은행":0,
            "병원":10,
            "종합병원":80,
            "공원":100,
            "혐오시설":0,
            "인프라총점":28.0,
            "초등학군":77.2,
            "중학군":53.42,
            "학군총점":58.176,
            "인구수":20.3,
            "인구증감":4.89,
            "인구총점":15.677,
            "일자리":11.9,
            "소득수준":72.14,
            "일자리총점":29.972,
            "가치 총점":43.594,
            "매매실거래년":20211201.0,
            "매매실거래가":14000.0,
            "전세실거래년":20211124.0,
            "전세실거래가":13000.0,
            "전세가율":92.86,
            "장기전세가율평균":69.62,
            "전세가율거품지수":-23.24,
            "검색코드":10326,
            "세대수":456.0,
            "준공년월":"1999-02-01",
            "준공년차":24.0,
            "가까운역이름":"NA",
            "가까운역거리":"NA",
            "역세권여부":"NA",
            "30분이내주요거점역":"NA",
            "1시간이내주요거점역":"NA",
            "3km이내백화점수":0,
            "5km이내아울렛몰수":1,
            "1km이내대형먀트수":0,
            "500m이내은행수":0,
            "500m이내병원수":2,
            "5km이내대형병원수":1,
            "500m이내공원수":2,
            "3km이내혐오시설수":0,
            "초등학교학업성취도":77.2,
            "중학교학업성취도":88.1,
            "용적률":138,
            "건폐율":18,
            "Y":36.448536,
            "X":127.413203,
            "rank":14.0,
            "area_info":"23평(78.25), 23평(78.25)",
            "last_sales":"2021-12-01,14000.0,23평(78.25)"
        },
        {
            "index":249,
            "아파트명":"행복한마을",
            "투자타입":"일반",
            "전용면적(m2)":"90.74",
            "전용면적(평)":"27평",
            "법정동주소":"대전시 대덕구 평촌동 540-1",
            "도로명주소":"대전시 대덕구 덕암로 200",
            "세대수":50,
            "입주년차":60,
            "용적률점수":"--",
            "건폐율점수":"--",
            "세대당주차수":60,
            "난방방식":30,
            "공급면적":"--",
            "전용률":"--",
            "욕실수":100,
            "현관타입":100,
            "주거총점":61.5,
            "지역구공급총점":0.0,
            "역세권":"NA",
            "30분내 이동가능 거점":"NA",
            "1시간내 이동가능 거점":"NA",
            "교통총점":"NA",
            "백화점":0,
            "아울렛몰":80,
            "대형마트":0,
            "은행":0,
            "병원":10,
            "종합병원":80,
            "공원":80,
            "혐오시설":0,
            "인프라총점":27.4,
            "초등학군":82.28,
            "중학군":34.56,
            "학군총점":44.104,
            "인구수":20.3,
            "인구증감":4.89,
            "인구총점":15.677,
            "일자리":11.9,
            "소득수준":72.14,
            "일자리총점":29.972,
            "가치 총점":43.511,
            "매매실거래년":20211103.0,
            "매매실거래가":33000.0,
            "전세실거래년":20210217.0,
            "전세실거래가":20000.0,
            "전세가율":72.2,
            "장기전세가율평균":69.62,
            "전세가율거품지수":-2.58,
            "검색코드":102967,
            "세대수":589.0,
            "준공년월":"2011-04-29",
            "준공년차":12.0,
            "가까운역이름":"NA",
            "가까운역거리":"NA",
            "역세권여부":"NA",
            "30분이내주요거점역":"NA",
            "1시간이내주요거점역":"NA",
            "3km이내백화점수":0,
            "5km이내아울렛몰수":1,
            "1km이내대형먀트수":0,
            "500m이내은행수":0,
            "500m이내병원수":3,
            "5km이내대형병원수":1,
            "500m이내공원수":1,
            "3km이내혐오시설수":0,
            "초등학교학업성취도":82.28,
            "중학교학업성취도":57.6,
            "용적률":226,
            "건폐율":17,
            "Y":36.4381,
            "X":127.424279,
            "rank":15.0,
            "area_info":"27평(90.74), 31평(103.03), 31평(103.26), 33평(109.57), 33평(110.79), 33평(110.17), 39평(129.37), 40평(133.64), 46평(153.04)",
            "last_sales":"2021-11-03,33000.0,33평(110.17)"
        },
        {
            "index":204,
            "아파트명":"새여울(라이프)",
            "투자타입":"일반",
            "전용면적(m2)":"113.08",
            "전용면적(평)":"34평",
            "법정동주소":"대전시 대덕구 신탄진동 22-1",
            "도로명주소":"대전시 대덕구 대청로64번길 11",
            "세대수":30,
            "입주년차":0,
            "용적률점수":"--",
            "건폐율점수":"--",
            "세대당주차수":60,
            "난방방식":30,
            "공급면적":"--",
            "전용률":"--",
            "욕실수":100,
            "현관타입":100,
            "주거총점":42.5,
            "지역구공급총점":0.0,
            "역세권":"NA",
            "30분내 이동가능 거점":"NA",
            "1시간내 이동가능 거점":"NA",
            "교통총점":"NA",
            "백화점":0,
            "아울렛몰":80,
            "대형마트":80,
            "은행":0,
            "병원":0,
            "종합병원":80,
            "공원":100,
            "혐오시설":0,
            "인프라총점":39.0,
            "초등학군":86.31,
            "중학군":40.84,
            "학군총점":49.934,
            "인구수":20.3,
            "인구증감":4.89,
            "인구총점":15.677,
            "일자리":11.9,
            "소득수준":72.14,
            "일자리총점":29.972,
            "가치 총점":42.9585,
            "매매실거래년":20211204.0,
            "매매실거래가":28000.0,
            "전세실거래년":20211113.0,
            "전세실거래가":22000.0,
            "전세가율":78.57,
            "장기전세가율평균":69.62,
            "전세가율거품지수":-8.95,
            "검색코드":5567,
            "세대수":308.0,
            "준공년월":"1994-11-24",
            "준공년차":29.0,
            "가까운역이름":"NA",
            "가까운역거리":"NA",
            "역세권여부":"NA",
            "30분이내주요거점역":"NA",
            "1시간이내주요거점역":"NA",
            "3km이내백화점수":0,
            "5km이내아울렛몰수":1,
            "1km이내대형먀트수":1,
            "500m이내은행수":0,
            "500m이내병원수":0,
            "5km이내대형병원수":1,
            "500m이내공원수":3,
            "3km이내혐오시설수":0,
            "초등학교학업성취도":86.31,
            "중학교학업성취도":67.2,
            "용적률":216,
            "건폐율":37,
            "Y":36.452488,
            "X":127.4366,
            "rank":16.0,
            "area_info":"34평(113.08), 36평(120.32), 44평(146.36)",
            "last_sales":"2021-12-04,28000.0,36평(120.32)"
        },
        {
            "index":37,
            "아파트명":"다사랑",
            "투자타입":"일반",
            "전용면적(m2)":"70.08",
            "전용면적(평)":"21평",
            "법정동주소":"대전시 대덕구 목상동 185-2",
            "도로명주소":"대전시 대덕구 대덕대로1470번길 55",
            "세대수":90,
            "입주년차":0,
            "용적률점수":"--",
            "건폐율점수":"--",
            "세대당주차수":0,
            "난방방식":100,
            "공급면적":"--",
            "전용률":"--",
            "욕실수":50,
            "현관타입":10,
            "주거총점":47.5,
            "지역구공급총점":0.0,
            "역세권":"NA",
            "30분내 이동가능 거점":"NA",
            "1시간내 이동가능 거점":"NA",
            "교통총점":"NA",
            "백화점":0,
            "아울렛몰":80,
            "대형마트":0,
            "은행":0,
            "병원":0,
            "종합병원":80,
            "공원":100,
            "혐오시설":0,
            "인프라총점":27.0,
            "초등학군":77.2,
            "중학군":53.42,
            "학군총점":58.176,
            "인구수":20.3,
            "인구증감":4.89,
            "인구총점":15.677,
            "일자리":11.9,
            "소득수준":72.14,
            "일자리총점":29.972,
            "가치 총점":41.969,
            "매매실거래년":20211227.0,
            "매매실거래가":12500.0,
            "전세실거래년":20220110.0,
            "전세실거래가":12700.0,
            "전세가율":101.6,
            "장기전세가율평균":69.62,
            "전세가율거품지수":-31.98,
            "검색코드":5627,
            "세대수":900.0,
            "준공년월":"1993-09-09",
            "준공년차":30.0,
            "가까운역이름":"NA",
            "가까운역거리":"NA",
            "역세권여부":"NA",
            "30분이내주요거점역":"NA",
            "1시간이내주요거점역":"NA",
            "3km이내백화점수":0,
            "5km이내아울렛몰수":1,
            "1km이내대형먀트수":0,
            "500m이내은행수":0,
            "500m이내병원수":1,
            "5km이내대형병원수":1,
            "500m이내공원수":2,
            "3km이내혐오시설수":0,
            "초등학교학업성취도":77.2,
            "중학교학업성취도":88.1,
            "용적률":186,
            "건폐율":16,
            "Y":36.446934,
            "X":127.413683,
            "rank":17.0,
            "area_info":"21평(70.08)",
            "last_sales":"2021-12-27,12500.0,21평(70.08)"
        },
        {
            "index":40,
            "아파트명":"평화로운",
            "투자타입":"일반",
            "전용면적(m2)":"79.34",
            "전용면적(평)":"24평",
            "법정동주소":"대전시 대덕구 목상동 207-25",
            "도로명주소":"대전시 대덕구 대덕대로1520번길 77",
            "세대수":0,
            "입주년차":60,
            "용적률점수":"--",
            "건폐율점수":"--",
            "세대당주차수":30,
            "난방방식":100,
            "공급면적":"--",
            "전용률":"--",
            "욕실수":100,
            "현관타입":100,
            "주거총점":46.5,
            "지역구공급총점":0.0,
            "역세권":"NA",
            "30분내 이동가능 거점":"NA",
            "1시간내 이동가능 거점":"NA",
            "교통총점":"NA",
            "백화점":0,
            "아울렛몰":80,
            "대형마트":0,
            "은행":0,
            "병원":0,
            "종합병원":80,
            "공원":100,
            "혐오시설":0,
            "인프라총점":27.0,
            "초등학군":77.2,
            "중학군":53.42,
            "학군총점":58.176,
            "인구수":20.3,
            "인구증감":4.89,
            "인구총점":15.677,
            "일자리":11.9,
            "소득수준":72.14,
            "일자리총점":29.972,
            "가치 총점":41.619,
            "매매실거래년":20220106.0,
            "매매실거래가":23000.0,
            "전세실거래년":20211115.0,
            "전세실거래가":12100.0,
            "전세가율":73.33,
            "장기전세가율평균":69.62,
            "전세가율거품지수":-3.71,
            "검색코드":103926,
            "세대수":199.0,
            "준공년월":"2011-07-29",
            "준공년차":12.0,
            "가까운역이름":"NA",
            "가까운역거리":"NA",
            "역세권여부":"NA",
            "30분이내주요거점역":"NA",
            "1시간이내주요거점역":"NA",
            "3km이내백화점수":0,
            "5km이내아울렛몰수":1,
            "1km이내대형먀트수":0,
            "500m이내은행수":0,
            "500m이내병원수":1,
            "5km이내대형병원수":1,
            "500m이내공원수":2,
            "3km이내혐오시설수":0,
            "초등학교학업성취도":77.2,
            "중학교학업성취도":88.1,
            "용적률":199,
            "건폐율":22,
            "Y":36.446862,
            "X":127.415368,
            "rank":18.0,
            "area_info":"24평(79.34), 30평(99.96), 31평(104.03)",
            "last_sales":"2022-01-06,23000.0,30평(99.96)"
        },
        {
            "index":50,
            "아파트명":"그린타운",
            "투자타입":"일반",
            "전용면적(m2)":"80.06",
            "전용면적(평)":"24평",
            "법정동주소":"대전시 대덕구 법동 195-1",
            "도로명주소":"대전시 대덕구 동춘당로 151",
            "세대수":90,
            "입주년차":0,
            "용적률점수":"--",
            "건폐율점수":"--",
            "세대당주차수":0,
            "난방방식":30,
            "공급면적":"--",
            "전용률":"--",
            "욕실수":50,
            "현관타입":10,
            "주거총점":40.5,
            "지역구공급총점":0.0,
            "역세권":"NA",
            "30분내 이동가능 거점":"NA",
            "1시간내 이동가능 거점":"NA",
            "교통총점":"NA",
            "백화점":0,
            "아울렛몰":0,
            "대형마트":0,
            "은행":20,
            "병원":80,
            "종합병원":100,
            "공원":100,
            "혐오시설":0,
            "인프라총점":33.0,
            "초등학군":88.31,
            "중학군":47.84,
            "학군총점":55.934,
            "인구수":20.3,
            "인구증감":4.89,
            "인구총점":15.677,
            "일자리":11.9,
            "소득수준":72.14,
            "일자리총점":29.972,
            "가치 총점":41.3585,
            "매매실거래년":20220112.0,
            "매매실거래가":29500.0,
            "전세실거래년":20220108.0,
            "전세실거래가":12600.0,
            "전세가율":60.58,
            "장기전세가율평균":69.62,
            "전세가율거품지수":9.04,
            "검색코드":5589,
            "세대수":1050.0,
            "준공년월":"1993-11-12",
            "준공년차":30.0,
            "가까운역이름":"NA",
            "가까운역거리":"NA",
            "역세권여부":"NA",
            "30분이내주요거점역":"NA",
            "1시간이내주요거점역":"NA",
            "3km이내백화점수":0,
            "5km이내아울렛몰수":0,
            "1km이내대형먀트수":0,
            "500m이내은행수":2,
            "500m이내병원수":37,
            "5km이내대형병원수":4,
            "500m이내공원수":11,
            "3km이내혐오시설수":0,
            "초등학교학업성취도":88.31,
            "중학교학업성취도":79.0,
            "용적률":228,
            "건폐율":20,
            "Y":36.367116,
            "X":127.435021,
            "rank":19.0,
            "area_info":"24평(80.06), 31평(103.54), 31평(103.68)",
            "last_sales":"2022-01-12,29500.0,31평(103.54)"
        },
        {
            "index":56,
            "아파트명":"보람",
            "투자타입":"일반",
            "전용면적(m2)":"78.62",
            "전용면적(평)":"23평",
            "법정동주소":"대전시 대덕구 법동 191-1",
            "도로명주소":"대전시 대덕구 동춘당로 178",
            "세대수":100,
            "입주년차":0,
            "용적률점수":"--",
            "건폐율점수":"--",
            "세대당주차수":0,
            "난방방식":30,
            "공급면적":"--",
            "전용률":"--",
            "욕실수":50,
            "현관타입":10,
            "주거총점":44.0,
            "지역구공급총점":0.0,
            "역세권":"NA",
            "30분내 이동가능 거점":"NA",
            "1시간내 이동가능 거점":"NA",
            "교통총점":"NA",
            "백화점":0,
            "아울렛몰":0,
            "대형마트":0,
            "은행":0,
            "병원":60,
            "종합병원":100,
            "공원":100,
            "혐오시설":0,
            "인프라총점":29.0,
            "초등학군":87.64,
            "중학군":47.84,
            "학군총점":55.8,
            "인구수":20.3,
            "인구증감":4.89,
            "인구총점":15.677,
            "일자리":11.9,
            "소득수준":72.14,
            "일자리총점":29.972,
            "가치 총점":40.95,
            "매매실거래년":20211115.0,
            "매매실거래가":23700.0,
            "전세실거래년":20211112.0,
            "전세실거래가":12000.0,
            "전세가율":50.63,
            "장기전세가율평균":69.62,
            "전세가율거품지수":18.99,
            "검색코드":5590,
            "세대수":1735.0,
            "준공년월":"1995-05-19",
            "준공년차":28.0,
            "가까운역이름":"NA",
            "가까운역거리":"NA",
            "역세권여부":"NA",
            "30분이내주요거점역":"NA",
            "1시간이내주요거점역":"NA",
            "3km이내백화점수":0,
            "5km이내아울렛몰수":0,
            "1km이내대형먀트수":0,
            "500m이내은행수":1,
            "500m이내병원수":25,
            "5km이내대형병원수":4,
            "500m이내공원수":9,
            "3km이내혐오시설수":0,
            "초등학교학업성취도":87.64,
            "중학교학업성취도":79.0,
            "용적률":223,
            "건폐율":21,
            "Y":36.36916,
            "X":127.430972,
            "rank":20.0,
            "area_info":"23평(78.62), 30평(100.37), 35평(117.95), 36평(119.11), 44평(146.79)",
            "last_sales":"2021-11-15,23700.0,23평(78.62)"
        },
        {
            "index":229,
            "아파트명":"한남",
            "투자타입":"일반",
            "전용면적(m2)":"75.23",
            "전용면적(평)":"22평",
            "법정동주소":"대전시 대덕구 오정동 464-1",
            "도로명주소":"대전시 대덕구 대전로1020번길 85",
            "세대수":0,
            "입주년차":0,
            "용적률점수":"--",
            "건폐율점수":"--",
            "세대당주차수":0,
            "난방방식":30,
            "공급면적":"--",
            "전용률":"--",
            "욕실수":50,
            "현관타입":100,
            "주거총점":18.0,
            "지역구공급총점":0.0,
            "역세권":"NA",
            "30분내 이동가능 거점":"NA",
            "1시간내 이동가능 거점":"NA",
            "교통총점":"NA",
            "백화점":100,
            "아울렛몰":0,
            "대형마트":0,
            "은행":0,
            "병원":10,
            "종합병원":100,
            "공원":100,
            "혐오시설":0,
            "인프라총점":54.0,
            "초등학군":87.93,
            "중학군":42.0,
            "학군총점":51.186,
            "인구수":20.3,
            "인구증감":4.89,
            "인구총점":15.677,
            "일자리":11.9,
            "소득수준":72.14,
            "일자리총점":29.972,
            "가치 총점":40.6965,
            "매매실거래년":20220108.0,
            "매매실거래가":19200.0,
            "전세실거래년":20161030.0,
            "전세실거래가":4500.0,
            "전세가율":37.5,
            "장기전세가율평균":69.62,
            "전세가율거품지수":32.12,
            "검색코드":5626,
            "세대수":200.0,
            "준공년월":"1996-10-05",
            "준공년차":27.0,
            "가까운역이름":"NA",
            "가까운역거리":"NA",
            "역세권여부":"NA",
            "30분이내주요거점역":"NA",
            "1시간이내주요거점역":"NA",
            "3km이내백화점수":1,
            "5km이내아울렛몰수":0,
            "1km이내대형먀트수":0,
            "500m이내은행수":1,
            "500m이내병원수":4,
            "5km이내대형병원수":6,
            "500m이내공원수":3,
            "3km이내혐오시설수":0,
            "초등학교학업성취도":87.93,
            "중학교학업성취도":69.2,
            "용적률":240,
            "건폐율":29,
            "Y":36.349618,
            "X":127.419082,
            "rank":21.0,
            "area_info":"22평(75.23), 30평(100.95)",
            "last_sales":"2022-01-08,19200.0,30평(100.95)"
        },
        {
            "index":151,
            "아파트명":"한밭",
            "투자타입":"일반",
            "전용면적(m2)":"86.13",
            "전용면적(평)":"26평",
            "법정동주소":"대전시 대덕구 석봉동 313-1",
            "도로명주소":"대전시 대덕구 석봉로58번안길 82",
            "세대수":30,
            "입주년차":0,
            "용적률점수":"--",
            "건폐율점수":"--",
            "세대당주차수":0,
            "난방방식":30,
            "공급면적":"--",
            "전용률":"--",
            "욕실수":50,
            "현관타입":10,
            "주거총점":19.5,
            "지역구공급총점":0.0,
            "역세권":"NA",
            "30분내 이동가능 거점":"NA",
            "1시간내 이동가능 거점":"NA",
            "교통총점":"NA",
            "백화점":0,
            "아울렛몰":80,
            "대형마트":80,
            "은행":0,
            "병원":60,
            "종합병원":80,
            "공원":100,
            "혐오시설":0,
            "인프라총점":45.0,
            "초등학군":90.7,
            "중학군":53.42,
            "학군총점":60.876,
            "인구수":20.3,
            "인구증감":4.89,
            "인구총점":15.677,
            "일자리":11.9,
            "소득수준":72.14,
            "일자리총점":29.972,
            "가치 총점":40.044,
            "매매실거래년":20211229.0,
            "매매실거래가":12500.0,
            "전세실거래년":20211123.0,
            "전세실거래가":12500.0,
            "전세가율":100.0,
            "장기전세가율평균":69.62,
            "전세가율거품지수":-30.38,
            "검색코드":5609,
            "세대수":302.0,
            "준공년월":"1995-11-10",
            "준공년차":28.0,
            "가까운역이름":"NA",
            "가까운역거리":"NA",
            "역세권여부":"NA",
            "30분이내주요거점역":"NA",
            "1시간이내주요거점역":"NA",
            "3km이내백화점수":0,
            "5km이내아울렛몰수":1,
            "1km이내대형먀트수":1,
            "500m이내은행수":1,
            "500m이내병원수":16,
            "5km이내대형병원수":1,
            "500m이내공원수":5,
            "3km이내혐오시설수":0,
            "초등학교학업성취도":90.7,
            "중학교학업성취도":88.1,
            "용적률":284,
            "건폐율":22,
            "Y":36.446517,
            "X":127.424217,
            "rank":22.0,
            "area_info":"26평(86.13), 32평(107.16)",
            "last_sales":"2021-12-29,12500.0,26평(86.13)"
        },
        {
            "index":190,
            "아파트명":"골든리버",
            "투자타입":"일반",
            "전용면적(m2)":"35.7",
            "전용면적(평)":"10평",
            "법정동주소":"대전시 대덕구 신탄진동 141-28",
            "도로명주소":"대전시 대덕구 신탄진로810번길 20",
            "세대수":0,
            "입주년차":40,
            "용적률점수":"--",
            "건폐율점수":"--",
            "세대당주차수":0,
            "난방방식":30,
            "공급면적":"--",
            "전용률":"--",
            "욕실수":50,
            "현관타입":10,
            "주거총점":17.0,
            "지역구공급총점":0.0,
            "역세권":"NA",
            "30분내 이동가능 거점":"NA",
            "1시간내 이동가능 거점":"NA",
            "교통총점":"NA",
            "백화점":0,
            "아울렛몰":80,
            "대형마트":80,
            "은행":20,
            "병원":60,
            "종합병원":80,
            "공원":100,
            "혐오시설":0,
            "인프라총점":47.0,
            "초등학군":90.0,
            "중학군":53.42,
            "학군총점":60.736,
            "인구수":20.3,
            "인구증감":4.89,
            "인구총점":15.677,
            "일자리":11.9,
            "소득수준":72.14,
            "일자리총점":29.972,
            "가치 총점":39.934,
            "매매실거래년":20211228.0,
            "매매실거래가":5100.0,
            "전세실거래년":20220106.0,
            "전세실거래가":4000.0,
            "전세가율":78.43,
            "장기전세가율평균":69.62,
            "전세가율거품지수":-8.81,
            "검색코드":102964,
            "세대수":191.0,
            "준공년월":"2004-05-25",
            "준공년차":19.0,
            "가까운역이름":"NA",
            "가까운역거리":"NA",
            "역세권여부":"NA",
            "30분이내주요거점역":"NA",
            "1시간이내주요거점역":"NA",
            "3km이내백화점수":0,
            "5km이내아울렛몰수":1,
            "1km이내대형먀트수":1,
            "500m이내은행수":2,
            "500m이내병원수":27,
            "5km이내대형병원수":1,
            "500m이내공원수":6,
            "3km이내혐오시설수":0,
            "초등학교학업성취도":90.0,
            "중학교학업성취도":88.1,
            "용적률":574,
            "건폐율":74,
            "Y":36.449755,
            "X":127.430295,
            "rank":23.0,
            "area_info":"10평(35.7), 16평(54.37), 22평(72.98), 27평(90.07), 37평(122.38), 73평(243.62)",
            "last_sales":"2021-12-28,5100.0,10평(35.7)"
        },
        {
            "index":61,
            "아파트명":"삼익소월",
            "투자타입":"일반",
            "전용면적(m2)":"82.39",
            "전용면적(평)":"24평",
            "법정동주소":"대전시 대덕구 법동 190",
            "도로명주소":"대전시 대덕구 동춘당로 160",
            "세대수":80,
            "입주년차":0,
            "용적률점수":"--",
            "건폐율점수":"--",
            "세대당주차수":0,
            "난방방식":30,
            "공급면적":"--",
            "전용률":"--",
            "욕실수":50,
            "현관타입":10,
            "주거총점":37.0,
            "지역구공급총점":0.0,
            "역세권":"NA",
            "30분내 이동가능 거점":"NA",
            "1시간내 이동가능 거점":"NA",
            "교통총점":"NA",
            "백화점":0,
            "아울렛몰":0,
            "대형마트":0,
            "은행":0,
            "병원":60,
            "종합병원":100,
            "공원":100,
            "혐오시설":0,
            "인프라총점":29.0,
            "초등학군":87.64,
            "중학군":52.52,
            "학군총점":59.544,
            "인구수":20.3,
            "인구증감":4.89,
            "인구총점":15.677,
            "일자리":11.9,
            "소득수준":72.14,
            "일자리총점":29.972,
            "가치 총점":39.436,
            "매매실거래년":20211218.0,
            "매매실거래가":21000.0,
            "전세실거래년":20211222.0,
            "전세실거래가":17500.0,
            "전세가율":83.33,
            "장기전세가율평균":69.62,
            "전세가율거품지수":-13.71,
            "검색코드":5591,
            "세대수":810.0,
            "준공년월":"1993-07-03",
            "준공년차":30.0,
            "가까운역이름":"NA",
            "가까운역거리":"NA",
            "역세권여부":"NA",
            "30분이내주요거점역":"NA",
            "1시간이내주요거점역":"NA",
            "3km이내백화점수":0,
            "5km이내아울렛몰수":0,
            "1km이내대형먀트수":0,
            "500m이내은행수":1,
            "500m이내병원수":20,
            "5km이내대형병원수":4,
            "500m이내공원수":5,
            "3km이내혐오시설수":0,
            "초등학교학업성취도":87.64,
            "중학교학업성취도":86.6,
            "용적률":253,
            "건폐율":43,
            "Y":36.369123,
            "X":127.434483,
            "rank":24.0,
            "area_info":"24평(82.39), 31평(103.37)",
            "last_sales":"2021-12-18,21000.0,24평(82.39)"
        },
        {
            "index":30,
            "아파트명":"덕암(옥그린)",
            "투자타입":"일반",
            "전용면적(m2)":"60.32",
            "전용면적(평)":"18평",
            "법정동주소":"대전시 대덕구 덕암동 3-7",
            "도로명주소":"대전시 대덕구 덕암로265번길 81",
            "세대수":0,
            "입주년차":0,
            "용적률점수":"--",
            "건폐율점수":"--",
            "세대당주차수":0,
            "난방방식":30,
            "공급면적":"--",
            "전용률":"--",
            "욕실수":50,
            "현관타입":100,
            "주거총점":18.0,
            "지역구공급총점":0.0,
            "역세권":"NA",
            "30분내 이동가능 거점":"NA",
            "1시간내 이동가능 거점":"NA",
            "교통총점":"NA",
            "백화점":0,
            "아울렛몰":80,
            "대형마트":80,
            "은행":0,
            "병원":30,
            "종합병원":80,
            "공원":100,
            "혐오시설":0,
            "인프라총점":42.0,
            "초등학군":90.7,
            "중학군":53.42,
            "학군총점":60.876,
            "인구수":20.3,
            "인구증감":4.89,
            "인구총점":15.677,
            "일자리":11.9,
            "소득수준":72.14,
            "일자리총점":29.972,
            "가치 총점":38.319,
            "매매실거래년":20220111.0,
            "매매실거래가":7850.0,
            "전세실거래년":20210407.0,
            "전세실거래가":4200.0,
            "전세가율":75.0,
            "장기전세가율평균":69.62,
            "전세가율거품지수":-5.38,
            "검색코드":17032,
            "세대수":250.0,
            "준공년월":"1998-11-17",
            "준공년차":25.0,
            "가까운역이름":"NA",
            "가까운역거리":"NA",
            "역세권여부":"NA",
            "30분이내주요거점역":"NA",
            "1시간이내주요거점역":"NA",
            "3km이내백화점수":0,
            "5km이내아울렛몰수":1,
            "1km이내대형먀트수":1,
            "500m이내은행수":1,
            "500m이내병원수":6,
            "5km이내대형병원수":1,
            "500m이내공원수":3,
            "3km이내혐오시설수":0,
            "초등학교학업성취도":90.7,
            "중학교학업성취도":88.1,
            "용적률":0,
            "건폐율":0,
            "Y":36.44587,
            "X":127.42186,
            "rank":25.0,
            "area_info":"18평(60.32), 22평(73.04)",
            "last_sales":"2022-01-11,7850.0,22평(73.04)"
        },
        {
            "index":219,
            "아파트명":"양지마을",
            "투자타입":"일반",
            "전용면적(m2)":"79.41",
            "전용면적(평)":"24평",
            "법정동주소":"대전시 대덕구 오정동 55-5",
            "도로명주소":"대전시 대덕구 대전로1185번길 30",
            "세대수":50,
            "입주년차":20,
            "용적률점수":"--",
            "건폐율점수":"--",
            "세대당주차수":0,
            "난방방식":80,
            "공급면적":"--",
            "전용률":"--",
            "욕실수":50,
            "현관타입":10,
            "주거총점":35.5,
            "지역구공급총점":0.0,
            "역세권":"NA",
            "30분내 이동가능 거점":"NA",
            "1시간내 이동가능 거점":"NA",
            "교통총점":"NA",
            "백화점":0,
            "아울렛몰":0,
            "대형마트":0,
            "은행":0,
            "병원":60,
            "종합병원":100,
            "공원":100,
            "혐오시설":0,
            "인프라총점":29.0,
            "초등학군":85.9,
            "중학군":45.28,
            "학군총점":53.404,
            "인구수":20.3,
            "인구증감":4.89,
            "인구총점":15.677,
            "일자리":11.9,
            "소득수준":72.14,
            "일자리총점":29.972,
            "가치 총점":37.376,
            "매매실거래년":20211118.0,
            "매매실거래가":21500.0,
            "전세실거래년":20211219.0,
            "전세실거래가":13000.0,
            "전세가율":60.47,
            "장기전세가율평균":69.62,
            "전세가율거품지수":9.15,
            "검색코드":5623,
            "세대수":548.0,
            "준공년월":"1999-05-31",
            "준공년차":24.0,
            "가까운역이름":"NA",
            "가까운역거리":"NA",
            "역세권여부":"NA",
            "30분이내주요거점역":"NA",
            "1시간이내주요거점역":"NA",
            "3km이내백화점수":0,
            "5km이내아울렛몰수":0,
            "1km이내대형먀트수":0,
            "500m이내은행수":1,
            "500m이내병원수":12,
            "5km이내대형병원수":6,
            "500m이내공원수":4,
            "3km이내혐오시설수":0,
            "초등학교학업성취도":85.9,
            "중학교학업성취도":73.4,
            "용적률":233,
            "건폐율":20,
            "Y":36.360545,
            "X":127.414399,
            "rank":26.0,
            "area_info":"24평(79.41), 26평(86.84), 31평(104.75), 32평(106.49), 42평(141.64)",
            "last_sales":"2021-11-18,21500.0,24평(79.41)"
        },
        {
            "index":27,
            "아파트명":"장미",
            "투자타입":"재건축",
            "전용면적(m2)":"65.52",
            "전용면적(평)":"19평",
            "법정동주소":"대전시 대덕구 대화동 229-12",
            "도로명주소":"대전시 대덕구 동심5길 16",
            "세대수":0,
            "입주년차":"--",
            "용적률점수":0,
            "건폐율점수":0,
            "세대당주차수":"--",
            "난방방식":"--",
            "공급면적":50,
            "전용률":100,
            "욕실수":"--",
            "현관타입":"--",
            "주거총점":7.5,
            "지역구공급총점":0.0,
            "역세권":"NA",
            "30분내 이동가능 거점":"NA",
            "1시간내 이동가능 거점":"NA",
            "교통총점":"NA",
            "백화점":100,
            "아울렛몰":0,
            "대형마트":0,
            "은행":0,
            "병원":0,
            "종합병원":100,
            "공원":100,
            "혐오시설":0,
            "인프라총점":53.0,
            "초등학군":89.55,
            "중학군":45.28,
            "학군총점":54.134,
            "인구수":20.3,
            "인구증감":4.89,
            "인구총점":15.677,
            "일자리":11.9,
            "소득수준":72.14,
            "일자리총점":29.972,
            "가치 총점":37.3585,
            "매매실거래년":20211116.0,
            "매매실거래가":10000.0,
            "전세실거래년":20210828.0,
            "전세실거래가":9000.0,
            "전세가율":90.0,
            "장기전세가율평균":69.62,
            "전세가율거품지수":-20.38,
            "검색코드":5588,
            "세대수":159.0,
            "준공년월":"1986-09-05",
            "준공년차":37.0,
            "가까운역이름":"NA",
            "가까운역거리":"NA",
            "역세권여부":"NA",
            "30분이내주요거점역":"NA",
            "1시간이내주요거점역":"NA",
            "3km이내백화점수":1,
            "5km이내아울렛몰수":0,
            "1km이내대형먀트수":0,
            "500m이내은행수":1,
            "500m이내병원수":1,
            "5km이내대형병원수":5,
            "500m이내공원수":6,
            "3km이내혐오시설수":0,
            "초등학교학업성취도":89.55,
            "중학교학업성취도":73.4,
            "용적률":0,
            "건폐율":0,
            "Y":36.366185,
            "X":127.412028,
            "rank":27.0,
            "area_info":"19평(65.52), 20평(67.41), 20평(68.76)",
            "last_sales":"2021-11-16,10000.0,19평(65.52)"
        },
        {
            "index":25,
            "아파트명":"오광",
            "투자타입":"재건축",
            "전용면적(m2)":"65.06",
            "전용면적(평)":"19평",
            "법정동주소":"대전시 대덕구 대화동 253",
            "도로명주소":"대전시 대덕구 생산5길 22",
            "세대수":0,
            "입주년차":"--",
            "용적률점수":0,
            "건폐율점수":0,
            "세대당주차수":"--",
            "난방방식":"--",
            "공급면적":50,
            "전용률":80,
            "욕실수":"--",
            "현관타입":"--",
            "주거총점":6.5,
            "지역구공급총점":0.0,
            "역세권":"NA",
            "30분내 이동가능 거점":"NA",
            "1시간내 이동가능 거점":"NA",
            "교통총점":"NA",
            "백화점":100,
            "아울렛몰":0,
            "대형마트":0,
            "은행":0,
            "병원":0,
            "종합병원":100,
            "공원":100,
            "혐오시설":0,
            "인프라총점":53.0,
            "초등학군":89.55,
            "중학군":45.28,
            "학군총점":54.134,
            "인구수":20.3,
            "인구증감":4.89,
            "인구총점":15.677,
            "일자리":11.9,
            "소득수준":72.14,
            "일자리총점":29.972,
            "가치 총점":37.0085,
            "매매실거래년":20211028.0,
            "매매실거래가":9300.0,
            "전세실거래년":20210117.0,
            "전세실거래가":5000.0,
            "전세가율":62.5,
            "장기전세가율평균":69.62,
            "전세가율거품지수":7.12,
            "검색코드":14557,
            "세대수":105.0,
            "준공년월":"1986-09-25",
            "준공년차":37.0,
            "가까운역이름":"NA",
            "가까운역거리":"NA",
            "역세권여부":"NA",
            "30분이내주요거점역":"NA",
            "1시간이내주요거점역":"NA",
            "3km이내백화점수":1,
            "5km이내아울렛몰수":0,
            "1km이내대형먀트수":0,
            "500m이내은행수":0,
            "500m이내병원수":0,
            "5km이내대형병원수":5,
            "500m이내공원수":5,
            "3km이내혐오시설수":0,
            "초등학교학업성취도":89.55,
            "중학교학업성취도":73.4,
            "용적률":0,
            "건폐율":0,
            "Y":36.364634,
            "X":127.410123,
            "rank":28.0,
            "area_info":"19평(65.06), 22평(75.41)",
            "last_sales":"2021-10-28,9300.0,22평(75.41)"
        },
        {
            "index":224,
            "아파트명":"영진로얄맨션",
            "투자타입":"재건축",
            "전용면적(m2)":"90.68",
            "전용면적(평)":"27평",
            "법정동주소":"대전시 대덕구 오정동 254-1",
            "도로명주소":"대전시 대덕구 대전로1020번길 86",
            "세대수":0,
            "입주년차":"--",
            "용적률점수":0,
            "건폐율점수":0,
            "세대당주차수":"--",
            "난방방식":"--",
            "공급면적":70,
            "전용률":80,
            "욕실수":"--",
            "현관타입":"--",
            "주거총점":7.5,
            "지역구공급총점":0.0,
            "역세권":"NA",
            "30분내 이동가능 거점":"NA",
            "1시간내 이동가능 거점":"NA",
            "교통총점":"NA",
            "백화점":100,
            "아울렛몰":0,
            "대형마트":0,
            "은행":0,
            "병원":10,
            "종합병원":100,
            "공원":80,
            "혐오시설":0,
            "인프라총점":53.4,
            "초등학군":87.93,
            "중학군":42.0,
            "학군총점":51.186,
            "인구수":20.3,
            "인구증감":4.89,
            "인구총점":15.677,
            "일자리":11.9,
            "소득수준":72.14,
            "일자리총점":29.972,
            "가치 총점":36.7815,
            "매매실거래년":20210907.0,
            "매매실거래가":15000.0,
            "전세실거래년":20190219.0,
            "전세실거래가":8000.0,
            "전세가율":53.33,
            "장기전세가율평균":69.62,
            "전세가율거품지수":16.29,
            "검색코드":5625,
            "세대수":120.0,
            "준공년월":"1991-10-12",
            "준공년차":32.0,
            "가까운역이름":"NA",
            "가까운역거리":"NA",
            "역세권여부":"NA",
            "30분이내주요거점역":"NA",
            "1시간이내주요거점역":"NA",
            "3km이내백화점수":1,
            "5km이내아울렛몰수":0,
            "1km이내대형먀트수":0,
            "500m이내은행수":1,
            "500m이내병원수":3,
            "5km이내대형병원수":6,
            "500m이내공원수":1,
            "3km이내혐오시설수":0,
            "초등학교학업성취도":87.93,
            "중학교학업성취도":69.2,
            "용적률":0,
            "건폐율":0,
            "Y":36.34973,
            "X":127.42008,
            "rank":29.0,
            "area_info":"27평(90.68), 27평(92.16), 30평(100.1)",
            "last_sales":"2021-09-07,15000.0,27평(90.68)"
        },
        {
            "index":32,
            "아파트명":"덕암삼부",
            "투자타입":"일반",
            "전용면적(m2)":"75.53",
            "전용면적(평)":"22평",
            "법정동주소":"대전시 대덕구 덕암동 45-2",
            "도로명주소":"대전시 대덕구 덕암로234번길 15",
            "세대수":0,
            "입주년차":20,
            "용적률점수":"--",
            "건폐율점수":"--",
            "세대당주차수":30,
            "난방방식":30,
            "공급면적":"--",
            "전용률":"--",
            "욕실수":50,
            "현관타입":100,
            "주거총점":26.5,
            "지역구공급총점":0.0,
            "역세권":"NA",
            "30분내 이동가능 거점":"NA",
            "1시간내 이동가능 거점":"NA",
            "교통총점":"NA",
            "백화점":0,
            "아울렛몰":80,
            "대형마트":80,
            "은행":0,
            "병원":10,
            "종합병원":80,
            "공원":100,
            "혐오시설":0,
            "인프라총점":40.0,
            "초등학군":90.7,
            "중학군":34.56,
            "학군총점":45.788,
            "인구수":20.3,
            "인구증감":4.89,
            "인구총점":15.677,
            "일자리":11.9,
            "소득수준":72.14,
            "일자리총점":29.972,
            "가치 총점":36.722,
            "매매실거래년":20220108.0,
            "매매실거래가":17300.0,
            "전세실거래년":20211127.0,
            "전세실거래가":14000.0,
            "전세가율":80.92,
            "장기전세가율평균":69.62,
            "전세가율거품지수":-11.3,
            "검색코드":9373,
            "세대수":292.0,
            "준공년월":"2000-10-30",
            "준공년차":23.0,
            "가까운역이름":"NA",
            "가까운역거리":"NA",
            "역세권여부":"NA",
            "30분이내주요거점역":"NA",
            "1시간이내주요거점역":"NA",
            "3km이내백화점수":0,
            "5km이내아울렛몰수":1,
            "1km이내대형먀트수":1,
            "500m이내은행수":0,
            "500m이내병원수":4,
            "5km이내대형병원수":1,
            "500m이내공원수":2,
            "3km이내혐오시설수":0,
            "초등학교학업성취도":90.7,
            "중학교학업성취도":57.6,
            "용적률":296,
            "건폐율":19,
            "Y":36.441449,
            "X":127.425414,
            "rank":30.0,
            "area_info":"22평(75.53), 30평(100.29), 30평(100.66), 37평(123.55)",
            "last_sales":"2022-01-08,17300.0,22평(75.53)"
        },
        {
            "index":36,
            "아파트명":"리치빌",
            "투자타입":"일반",
            "전용면적(m2)":"76.18",
            "전용면적(평)":"23평",
            "법정동주소":"대전시 대덕구 덕암동 46-2",
            "도로명주소":"대전시 대덕구 덕암로234번길 23",
            "세대수":0,
            "입주년차":60,
            "용적률점수":"--",
            "건폐율점수":"--",
            "세대당주차수":30,
            "난방방식":30,
            "공급면적":"--",
            "전용률":"--",
            "욕실수":100,
            "현관타입":100,
            "주거총점":39.5,
            "지역구공급총점":0.0,
            "역세권":"NA",
            "30분내 이동가능 거점":"NA",
            "1시간내 이동가능 거점":"NA",
            "교통총점":"NA",
            "백화점":0,
            "아울렛몰":80,
            "대형마트":0,
            "은행":0,
            "병원":10,
            "종합병원":80,
            "공원":100,
            "혐오시설":0,
            "인프라총점":28.0,
            "초등학군":90.7,
            "중학군":34.56,
            "학군총점":45.788,
            "인구수":20.3,
            "인구증감":4.89,
            "인구총점":15.677,
            "일자리":11.9,
            "소득수준":72.14,
            "일자리총점":29.972,
            "가치 총점":36.472,
            "매매실거래년":20211106.0,
            "매매실거래가":14300.0,
            "전세실거래년":20200914.0,
            "전세실거래가":9000.0,
            "전세가율":62.94,
            "장기전세가율평균":69.62,
            "전세가율거품지수":6.68,
            "검색코드":105049,
            "세대수":118.0,
            "준공년월":"2009-03-24",
            "준공년차":14.0,
            "가까운역이름":"NA",
            "가까운역거리":"NA",
            "역세권여부":"NA",
            "30분이내주요거점역":"NA",
            "1시간이내주요거점역":"NA",
            "3km이내백화점수":0,
            "5km이내아울렛몰수":1,
            "1km이내대형먀트수":0,
            "500m이내은행수":0,
            "500m이내병원수":4,
            "5km이내대형병원수":1,
            "500m이내공원수":2,
            "3km이내혐오시설수":0,
            "초등학교학업성취도":90.7,
            "중학교학업성취도":57.6,
            "용적률":202,
            "건폐율":19,
            "Y":36.441254,
            "X":127.426152,
            "rank":31.0,
            "area_info":"23평(76.18)",
            "last_sales":"2021-11-06,14300.0,23평(76.18)"
        },
        {
            "index":99,
            "아파트명":"둥지",
            "투자타입":"일반",
            "전용면적(m2)":"83.3",
            "전용면적(평)":"25평",
            "법정동주소":"대전시 대덕구 비래동 18-21",
            "도로명주소":"대전시 대덕구 신상로 21",
            "세대수":50,
            "입주년차":0,
            "용적률점수":"--",
            "건폐율점수":"--",
            "세대당주차수":0,
            "난방방식":30,
            "공급면적":"--",
            "전용률":"--",
            "욕실수":50,
            "현관타입":100,
            "주거총점":35.5,
            "지역구공급총점":0.0,
            "역세권":"NA",
            "30분내 이동가능 거점":"NA",
            "1시간내 이동가능 거점":"NA",
            "교통총점":"NA",
            "백화점":0,
            "아울렛몰":0,
            "대형마트":0,
            "은행":0,
            "병원":60,
            "종합병원":100,
            "공원":80,
            "혐오시설":0,
            "인프라총점":28.4,
            "초등학군":91.2,
            "중학군":39.94,
            "학군총점":50.192,
            "인구수":20.3,
            "인구증감":4.89,
            "인구총점":15.677,
            "일자리":11.9,
            "소득수준":72.14,
            "일자리총점":29.972,
            "가치 총점":36.333,
            "매매실거래년":20211230.0,
            "매매실거래가":14500.0,
            "전세실거래년":20210202.0,
            "전세실거래가":11000.0,
            "전세가율":75.86,
            "장기전세가율평균":69.62,
            "전세가율거품지수":-6.24,
            "검색코드":5633,
            "세대수":425.0,
            "준공년월":"1994-11-07",
            "준공년차":29.0,
            "가까운역이름":"NA",
            "가까운역거리":"NA",
            "역세권여부":"NA",
            "30분이내주요거점역":"NA",
            "1시간이내주요거점역":"NA",
            "3km이내백화점수":0,
            "5km이내아울렛몰수":0,
            "1km이내대형먀트수":0,
            "500m이내은행수":0,
            "500m이내병원수":10,
            "5km이내대형병원수":4,
            "500m이내공원수":1,
            "3km이내혐오시설수":0,
            "초등학교학업성취도":91.2,
            "중학교학업성취도":65.1,
            "용적률":265,
            "건폐율":18,
            "Y":36.356523,
            "X":127.455644,
            "rank":32.0,
            "area_info":"25평(83.3), 31평(104.91)",
            "last_sales":"2021-12-30,14500.0,25평(83.3)"
        },
        {
            "index":147,
            "아파트명":"유락",
            "투자타입":"재건축",
            "전용면적(m2)":"48.15",
            "전용면적(평)":"14평",
            "법정동주소":"대전시 대덕구 석봉동 178-2",
            "도로명주소":"대전시 대덕구 석봉로44번길 13",
            "세대수":0,
            "입주년차":"--",
            "용적률점수":0,
            "건폐율점수":0,
            "세대당주차수":"--",
            "난방방식":"--",
            "공급면적":50,
            "전용률":80,
            "욕실수":"--",
            "현관타입":"--",
            "주거총점":6.5,
            "지역구공급총점":0.0,
            "역세권":"NA",
            "30분내 이동가능 거점":"NA",
            "1시간내 이동가능 거점":"NA",
            "교통총점":"NA",
            "백화점":0,
            "아울렛몰":80,
            "대형마트":80,
            "은행":20,
            "병원":60,
            "종합병원":80,
            "공원":100,
            "혐오시설":0,
            "인프라총점":47.0,
            "초등학군":90.7,
            "중학군":53.42,
            "학군총점":60.876,
            "인구수":20.3,
            "인구증감":4.89,
            "인구총점":15.677,
            "일자리":11.9,
            "소득수준":72.14,
            "일자리총점":29.972,
            "가치 총점":36.294,
            "매매실거래년":20210724.0,
            "매매실거래가":13000.0,
            "전세실거래년":null,
            "전세실거래가":null,
            "전세가율":null,
            "장기전세가율평균":69.62,
            "전세가율거품지수":null,
            "검색코드":5610,
            "세대수":128.0,
            "준공년월":"1992-05-04",
            "준공년차":31.0,
            "가까운역이름":"NA",
            "가까운역거리":"NA",
            "역세권여부":"NA",
            "30분이내주요거점역":"NA",
            "1시간이내주요거점역":"NA",
            "3km이내백화점수":0,
            "5km이내아울렛몰수":1,
            "1km이내대형먀트수":1,
            "500m이내은행수":2,
            "500m이내병원수":25,
            "5km이내대형병원수":1,
            "500m이내공원수":4,
            "3km이내혐오시설수":0,
            "초등학교학업성취도":90.7,
            "중학교학업성취도":88.1,
            "용적률":0,
            "건폐율":0,
            "Y":36.446451,
            "X":127.427341,
            "rank":33.0,
            "area_info":"14평(48.15), 18평(60.23), 23평(76.55), 27평(89.4)",
            "last_sales":"2021-07-24,13000.0,27평(89.4)"
        },
        {
            "index":8,
            "아파트명":"두레",
            "투자타입":"일반",
            "전용면적(m2)":"48.8",
            "전용면적(평)":"14평",
            "법정동주소":"대전시 대덕구 대화동 31-36",
            "도로명주소":"대전시 대덕구 대화1길 77",
            "세대수":50,
            "입주년차":20,
            "용적률점수":"--",
            "건폐율점수":"--",
            "세대당주차수":0,
            "난방방식":30,
            "공급면적":"--",
            "전용률":"--",
            "욕실수":50,
            "현관타입":50,
            "주거총점":34.5,
            "지역구공급총점":0.0,
            "역세권":"NA",
            "30분내 이동가능 거점":"NA",
            "1시간내 이동가능 거점":"NA",
            "교통총점":"NA",
            "백화점":0,
            "아울렛몰":0,
            "대형마트":0,
            "은행":0,
            "병원":30,
            "종합병원":100,
            "공원":100,
            "혐오시설":0,
            "인프라총점":26.0,
            "초등학군":89.55,
            "중학군":45.28,
            "학군총점":54.134,
            "인구수":20.3,
            "인구증감":4.89,
            "인구총점":15.677,
            "일자리":11.9,
            "소득수준":72.14,
            "일자리총점":29.972,
            "가치 총점":36.0085,
            "매매실거래년":20220113.0,
            "매매실거래가":5550.0,
            "전세실거래년":20211218.0,
            "전세실거래가":5300.0,
            "전세가율":88.33,
            "장기전세가율평균":69.62,
            "전세가율거품지수":-18.71,
            "검색코드":105830,
            "세대수":423.0,
            "준공년월":"2001-07-11",
            "준공년차":22.0,
            "가까운역이름":"NA",
            "가까운역거리":"NA",
            "역세권여부":"NA",
            "30분이내주요거점역":"NA",
            "1시간이내주요거점역":"NA",
            "3km이내백화점수":0,
            "5km이내아울렛몰수":0,
            "1km이내대형먀트수":0,
            "500m이내은행수":1,
            "500m이내병원수":6,
            "5km이내대형병원수":5,
            "500m이내공원수":6,
            "3km이내혐오시설수":0,
            "초등학교학업성취도":89.55,
            "중학교학업성취도":73.4,
            "용적률":0,
            "건폐율":0,
            "Y":36.363604,
            "X":127.41685,
            "rank":34.0,
            "area_info":"14평(48.8), 16평(53.79), 20평(68.27)",
            "last_sales":"2022-01-13,5550.0,16평(53.79)"
        },
        {
            "index":84,
            "아파트명":"주공2단지",
            "투자타입":"재건축",
            "전용면적(m2)":"34.8",
            "전용면적(평)":"10평",
            "법정동주소":"대전시 대덕구 법동 284-1",
            "도로명주소":"대전시 대덕구 계족로663번길 29",
            "세대수":90,
            "입주년차":"--",
            "용적률점수":0,
            "건폐율점수":0,
            "세대당주차수":"--",
            "난방방식":"--",
            "공급면적":50,
            "전용률":80,
            "욕실수":"--",
            "현관타입":"--",
            "주거총점":33.5,
            "지역구공급총점":0.0,
            "역세권":"NA",
            "30분내 이동가능 거점":"NA",
            "1시간내 이동가능 거점":"NA",
            "교통총점":"NA",
            "백화점":0,
            "아울렛몰":0,
            "대형마트":0,
            "은행":0,
            "병원":60,
            "종합병원":100,
            "공원":100,
            "혐오시설":0,
            "인프라총점":29.0,
            "초등학군":100.0,
            "중학군":34.58,
            "학군총점":47.664,
            "인구수":20.3,
            "인구증감":4.89,
            "인구총점":15.677,
            "일자리":11.9,
            "소득수준":72.14,
            "일자리총점":29.972,
            "가치 총점":35.241,
            "매매실거래년":20211215.0,
            "매매실거래가":26900.0,
            "전세실거래년":20220106.0,
            "전세실거래가":3000.0,
            "전세가율":25.0,
            "장기전세가율평균":69.62,
            "전세가율거품지수":44.62,
            "검색코드":101202,
            "세대수":1220.0,
            "준공년월":"1987-09-02",
            "준공년차":36.0,
            "가까운역이름":"NA",
            "가까운역거리":"NA",
            "역세권여부":"NA",
            "30분이내주요거점역":"NA",
            "1시간이내주요거점역":"NA",
            "3km이내백화점수":0,
            "5km이내아울렛몰수":0,
            "1km이내대형먀트수":0,
            "500m이내은행수":0,
            "500m이내병원수":16,
            "5km이내대형병원수":4,
            "500m이내공원수":5,
            "3km이내혐오시설수":0,
            "초등학교학업성취도":100.0,
            "중학교학업성취도":56.9,
            "용적률":0,
            "건폐율":0,
            "Y":36.369596,
            "X":127.425496,
            "rank":35.0,
            "area_info":"10평(34.8), 14평(46.58), 14평(48.82), 18평(60.45), 22평(73.2), 27평(89.34), 29평(96.65), 29평(96.39), 29평(97.69)",
            "last_sales":"2021-12-15,26900.0,29평(96.65)"
        },
        {
            "index":141,
            "아파트명":"서우",
            "투자타입":"재건축",
            "전용면적(m2)":"64.36",
            "전용면적(평)":"19평",
            "법정동주소":"대전시 대덕구 석봉동 177-2",
            "도로명주소":"대전시 대덕구 석봉로30번안길 57",
            "세대수":0,
            "입주년차":"--",
            "용적률점수":0,
            "건폐율점수":0,
            "세대당주차수":"--",
            "난방방식":"--",
            "공급면적":50,
            "전용률":60,
            "욕실수":"--",
            "현관타입":"--",
            "주거총점":5.5,
            "지역구공급총점":0.0,
            "역세권":"NA",
            "30분내 이동가능 거점":"NA",
            "1시간내 이동가능 거점":"NA",
            "교통총점":"NA",
            "백화점":0,
            "아울렛몰":80,
            "대형마트":80,
            "은행":0,
            "병원":60,
            "종합병원":80,
            "공원":100,
            "혐오시설":0,
            "인프라총점":45.0,
            "초등학군":90.7,
            "중학군":53.42,
            "학군총점":60.876,
            "인구수":20.3,
            "인구증감":4.89,
            "인구총점":15.677,
            "일자리":11.9,
            "소득수준":72.14,
            "일자리총점":29.972,
            "가치 총점":35.144,
            "매매실거래년":20211008.0,
            "매매실거래가":10500.0,
            "전세실거래년":20190726.0,
            "전세실거래가":5500.0,
            "전세가율":94.83,
            "장기전세가율평균":69.62,
            "전세가율거품지수":-25.21,
            "검색코드":5608,
            "세대수":230.0,
            "준공년월":"1991-03-18",
            "준공년차":32.0,
            "가까운역이름":"NA",
            "가까운역거리":"NA",
            "역세권여부":"NA",
            "30분이내주요거점역":"NA",
            "1시간이내주요거점역":"NA",
            "3km이내백화점수":0,
            "5km이내아울렛몰수":1,
            "1km이내대형먀트수":1,
            "500m이내은행수":1,
            "500m이내병원수":13,
            "5km이내대형병원수":1,
            "500m이내공원수":4,
            "3km이내혐오시설수":0,
            "초등학교학업성취도":90.7,
            "중학교학업성취도":88.1,
            "용적률":0,
            "건폐율":0,
            "Y":36.445627,
            "X":127.428507,
            "rank":36.0,
            "area_info":"19평(64.36), 21평(70.19), 22평(75.72), 25평(82.82), 25평(85.07), 27평(90.96)",
            "last_sales":"2021-10-08,10500.0,27평(90.96)"
        },
        {
            "index":202,
            "아파트명":"새여울(대우)",
            "투자타입":"일반",
            "전용면적(m2)":"81.64",
            "전용면적(평)":"24평",
            "법정동주소":"대전시 대덕구 신탄진동 22-2",
            "도로명주소":"대전시 대덕구 대청로64번길 41",
            "세대수":30,
            "입주년차":0,
            "용적률점수":"--",
            "건폐율점수":"--",
            "세대당주차수":0,
            "난방방식":30,
            "공급면적":"--",
            "전용률":"--",
            "욕실수":50,
            "현관타입":10,
            "주거총점":19.5,
            "지역구공급총점":0.0,
            "역세권":"NA",
            "30분내 이동가능 거점":"NA",
            "1시간내 이동가능 거점":"NA",
            "교통총점":"NA",
            "백화점":0,
            "아울렛몰":80,
            "대형마트":80,
            "은행":0,
            "병원":0,
            "종합병원":80,
            "공원":100,
            "혐오시설":0,
            "인프라총점":39.0,
            "초등학군":86.31,
            "중학군":40.84,
            "학군총점":49.934,
            "인구수":20.3,
            "인구증감":4.89,
            "인구총점":15.677,
            "일자리":11.9,
            "소득수준":72.14,
            "일자리총점":29.972,
            "가치 총점":34.9085,
            "매매실거래년":20211202.0,
            "매매실거래가":13900.0,
            "전세실거래년":20211220.0,
            "전세실거래가":13000.0,
            "전세가율":93.53,
            "장기전세가율평균":69.62,
            "전세가율거품지수":-23.91,
            "검색코드":5569,
            "세대수":300.0,
            "준공년월":"1994-08-27",
            "준공년차":29.0,
            "가까운역이름":"NA",
            "가까운역거리":"NA",
            "역세권여부":"NA",
            "30분이내주요거점역":"NA",
            "1시간이내주요거점역":"NA",
            "3km이내백화점수":0,
            "5km이내아울렛몰수":1,
            "1km이내대형먀트수":1,
            "500m이내은행수":0,
            "500m이내병원수":0,
            "5km이내대형병원수":1,
            "500m이내공원수":4,
            "3km이내혐오시설수":0,
            "초등학교학업성취도":86.31,
            "중학교학업성취도":67.2,
            "용적률":198,
            "건폐율":19,
            "Y":36.451542,
            "X":127.436652,
            "rank":37.0,
            "area_info":"24평(81.64), 30평(102.22)",
            "last_sales":"2021-12-02,13900.0,24평(81.64)"
        },
        {
            "index":231,
            "아파트명":"현대",
            "투자타입":"일반",
            "전용면적(m2)":"84.01",
            "전용면적(평)":"25평",
            "법정동주소":"대전시 대덕구 와동 111",
            "도로명주소":"대전시 대덕구 신탄진로218번길 62",
            "세대수":50,
            "입주년차":0,
            "용적률점수":"--",
            "건폐율점수":"--",
            "세대당주차수":0,
            "난방방식":80,
            "공급면적":"--",
            "전용률":"--",
            "욕실수":50,
            "현관타입":10,
            "주거총점":31.5,
            "지역구공급총점":0.0,
            "역세권":"NA",
            "30분내 이동가능 거점":"NA",
            "1시간내 이동가능 거점":"NA",
            "교통총점":"NA",
            "백화점":0,
            "아울렛몰":80,
            "대형마트":0,
            "은행":0,
            "병원":10,
            "종합병원":80,
            "공원":80,
            "혐오시설":0,
            "인프라총점":27.4,
            "초등학군":77.55,
            "중학군":44.22,
            "학군총점":50.886,
            "인구수":20.3,
            "인구증감":4.89,
            "인구총점":15.677,
            "일자리":11.9,
            "소득수준":72.14,
            "일자리총점":29.972,
            "가치 총점":34.7065,
            "매매실거래년":20211115.0,
            "매매실거래가":17400.0,
            "전세실거래년":20211113.0,
            "전세실거래가":15000.0,
            "전세가율":86.21,
            "장기전세가율평균":69.62,
            "전세가율거품지수":-16.59,
            "검색코드":5641,
            "세대수":656.0,
            "준공년월":"1994-08-19",
            "준공년차":29.0,
            "가까운역이름":"NA",
            "가까운역거리":"NA",
            "역세권여부":"NA",
            "30분이내주요거점역":"NA",
            "1시간이내주요거점역":"NA",
            "3km이내백화점수":0,
            "5km이내아울렛몰수":1,
            "1km이내대형먀트수":0,
            "500m이내은행수":0,
            "500m이내병원수":4,
            "5km이내대형병원수":1,
            "500m이내공원수":1,
            "3km이내혐오시설수":0,
            "초등학교학업성취도":77.55,
            "중학교학업성취도":73.7,
            "용적률":279,
            "건폐율":22,
            "Y":36.402197,
            "X":127.424667,
            "rank":38.0,
            "area_info":"25평(84.01), 32평(107.24)",
            "last_sales":"2021-11-15,17400.0,25평(84.01)"
        },
        {
            "index":73,
            "아파트명":"삼호",
            "투자타입":"재건축",
            "전용면적(m2)":"93.26",
            "전용면적(평)":"28평",
            "법정동주소":"대전시 대덕구 법동 280-2",
            "도로명주소":"대전시 대덕구 계족로663번길 32",
            "세대수":50,
            "입주년차":"--",
            "용적률점수":0,
            "건폐율점수":60,
            "세대당주차수":"--",
            "난방방식":"--",
            "공급면적":70,
            "전용률":80,
            "욕실수":"--",
            "현관타입":"--",
            "주거총점":34.5,
            "지역구공급총점":0.0,
            "역세권":"NA",
            "30분내 이동가능 거점":"NA",
            "1시간내 이동가능 거점":"NA",
            "교통총점":"NA",
            "백화점":0,
            "아울렛몰":0,
            "대형마트":0,
            "은행":0,
            "병원":30,
            "종합병원":100,
            "공원":100,
            "혐오시설":0,
            "인프라총점":26.0,
            "초등학군":100.0,
            "중학군":34.58,
            "학군총점":47.664,
            "인구수":20.3,
            "인구증감":4.89,
            "인구총점":15.677,
            "일자리":11.9,
            "소득수준":72.14,
            "일자리총점":29.972,
            "가치 총점":34.391,
            "매매실거래년":20211225.0,
            "매매실거래가":26500.0,
            "전세실거래년":20210723.0,
            "전세실거래가":15000.0,
            "전세가율":69.77,
            "장기전세가율평균":69.62,
            "전세가율거품지수":-0.15,
            "검색코드":5596,
            "세대수":480.0,
            "준공년월":"1989-10-19",
            "준공년차":34.0,
            "가까운역이름":"NA",
            "가까운역거리":"NA",
            "역세권여부":"NA",
            "30분이내주요거점역":"NA",
            "1시간이내주요거점역":"NA",
            "3km이내백화점수":0,
            "5km이내아울렛몰수":0,
            "1km이내대형먀트수":0,
            "500m이내은행수":0,
            "500m이내병원수":8,
            "5km이내대형병원수":4,
            "500m이내공원수":3,
            "3km이내혐오시설수":0,
            "초등학교학업성취도":100.0,
            "중학교학업성취도":56.9,
            "용적률":248,
            "건폐율":34,
            "Y":36.372854,
            "X":127.42515,
            "rank":39.0,
            "area_info":"28평(93.26), 30평(101.48), 30평(101.66)",
            "last_sales":"2021-12-25,26500.0,30평(101.48)"
        },
        {
            "index":207,
            "아파트명":"새여울(한신)",
            "투자타입":"일반",
            "전용면적(m2)":"74.97",
            "전용면적(평)":"22평",
            "법정동주소":"대전시 대덕구 신탄진동 22-2",
            "도로명주소":"대전시 대덕구 대청로64번길 63",
            "세대수":0,
            "입주년차":0,
            "용적률점수":"--",
            "건폐율점수":"--",
            "세대당주차수":0,
            "난방방식":30,
            "공급면적":"--",
            "전용률":"--",
            "욕실수":50,
            "현관타입":100,
            "주거총점":18.0,
            "지역구공급총점":0.0,
            "역세권":"NA",
            "30분내 이동가능 거점":"NA",
            "1시간내 이동가능 거점":"NA",
            "교통총점":"NA",
            "백화점":0,
            "아울렛몰":80,
            "대형마트":80,
            "은행":0,
            "병원":0,
            "종합병원":80,
            "공원":100,
            "혐오시설":0,
            "인프라총점":39.0,
            "초등학군":86.31,
            "중학군":40.84,
            "학군총점":49.934,
            "인구수":20.3,
            "인구증감":4.89,
            "인구총점":15.677,
            "일자리":11.9,
            "소득수준":72.14,
            "일자리총점":29.972,
            "가치 총점":34.3835,
            "매매실거래년":20220104.0,
            "매매실거래가":17700.0,
            "전세실거래년":20211205.0,
            "전세실거래가":13000.0,
            "전세가율":73.45,
            "장기전세가율평균":69.62,
            "전세가율거품지수":-3.83,
            "검색코드":5571,
            "세대수":299.0,
            "준공년월":"1996-09-14",
            "준공년차":27.0,
            "가까운역이름":"NA",
            "가까운역거리":"NA",
            "역세권여부":"NA",
            "30분이내주요거점역":"NA",
            "1시간이내주요거점역":"NA",
            "3km이내백화점수":0,
            "5km이내아울렛몰수":1,
            "1km이내대형먀트수":1,
            "500m이내은행수":0,
            "500m이내병원수":0,
            "5km이내대형병원수":1,
            "500m이내공원수":4,
            "3km이내혐오시설수":0,
            "초등학교학업성취도":86.31,
            "중학교학업성취도":67.2,
            "용적률":198,
            "건폐율":19,
            "Y":36.450588,
            "X":127.436826,
            "rank":40.0,
            "area_info":"22평(74.97), 31평(102.62)",
            "last_sales":"2022-01-04,17700.0,22평(74.97)"
        },
        {
            "index":240,
            "아파트명":"영진로얄",
            "투자타입":"재건축",
            "전용면적(m2)":"40.21",
            "전용면적(평)":"12평",
            "법정동주소":"대전시 대덕구 중리동 274-1",
            "도로명주소":"대전시 대덕구 중리서로 31",
            "세대수":80,
            "입주년차":"--",
            "용적률점수":0,
            "건폐율점수":0,
            "세대당주차수":"--",
            "난방방식":"--",
            "공급면적":50,
            "전용률":60,
            "욕실수":"--",
            "현관타입":"--",
            "주거총점":29.5,
            "지역구공급총점":0.0,
            "역세권":"NA",
            "30분내 이동가능 거점":"NA",
            "1시간내 이동가능 거점":"NA",
            "교통총점":"NA",
            "백화점":0,
            "아울렛몰":0,
            "대형마트":0,
            "은행":0,
            "병원":30,
            "종합병원":100,
            "공원":100,
            "혐오시설":0,
            "인프라총점":26.0,
            "초등학군":90.22,
            "중학군":45.28,
            "학군총점":54.268,
            "인구수":20.3,
            "인구증감":4.89,
            "인구총점":15.677,
            "일자리":11.9,
            "소득수준":72.14,
            "일자리총점":29.972,
            "가치 총점":34.292,
            "매매실거래년":20210302.0,
            "매매실거래가":15500.0,
            "전세실거래년":20210617.0,
            "전세실거래가":5000.0,
            "전세가율":78.12,
            "장기전세가율평균":69.62,
            "전세가율거품지수":-8.5,
            "검색코드":5642,
            "세대수":750.0,
            "준공년월":"1989-05-04",
            "준공년차":34.0,
            "가까운역이름":"NA",
            "가까운역거리":"NA",
            "역세권여부":"NA",
            "30분이내주요거점역":"NA",
            "1시간이내주요거점역":"NA",
            "3km이내백화점수":0,
            "5km이내아울렛몰수":0,
            "1km이내대형먀트수":0,
            "500m이내은행수":0,
            "500m이내병원수":6,
            "5km이내대형병원수":5,
            "500m이내공원수":6,
            "3km이내혐오시설수":0,
            "초등학교학업성취도":90.22,
            "중학교학업성취도":73.4,
            "용적률":0,
            "건폐율":0,
            "Y":36.361886,
            "X":127.421253,
            "rank":41.0,
            "area_info":"12평(40.21), 14평(46.97), 17평(59.04), 21평(70.05), 23평(77.54), 26평(87.84), 29평(98.63)",
            "last_sales":"2021-03-02,15500.0,29평(98.63)"
        },
        {
            "index":247,
            "아파트명":"영진상록",
            "투자타입":"일반",
            "전용면적(m2)":"67.77",
            "전용면적(평)":"20평",
            "법정동주소":"대전시 대덕구 중리동 250-3",
            "도로명주소":"대전시 대덕구 계족로521번길 79",
            "세대수":0,
            "입주년차":0,
            "용적률점수":"--",
            "건폐율점수":"--",
            "세대당주차수":0,
            "난방방식":30,
            "공급면적":"--",
            "전용률":"--",
            "욕실수":50,
            "현관타입":10,
            "주거총점":9.0,
            "지역구공급총점":0.0,
            "역세권":"NA",
            "30분내 이동가능 거점":"NA",
            "1시간내 이동가능 거점":"NA",
            "교통총점":"NA",
            "백화점":0,
            "아울렛몰":0,
            "대형마트":80,
            "은행":0,
            "병원":60,
            "종합병원":100,
            "공원":100,
            "혐오시설":0,
            "인프라총점":41.0,
            "초등학군":86.03,
            "중학군":43.24,
            "학군총점":51.798,
            "인구수":20.3,
            "인구증감":4.89,
            "인구총점":15.677,
            "일자리":11.9,
            "소득수준":72.14,
            "일자리총점":29.972,
            "가치 총점":32.4995,
            "매매실거래년":20211126.0,
            "매매실거래가":11350.0,
            "전세실거래년":20201006.0,
            "전세실거래가":9000.0,
            "전세가율":79.3,
            "장기전세가율평균":69.62,
            "전세가율거품지수":-9.68,
            "검색코드":8978,
            "세대수":104.0,
            "준공년월":"1993-09-23",
            "준공년차":30.0,
            "가까운역이름":"NA",
            "가까운역거리":"NA",
            "역세권여부":"NA",
            "30분이내주요거점역":"NA",
            "1시간이내주요거점역":"NA",
            "3km이내백화점수":0,
            "5km이내아울렛몰수":0,
            "1km이내대형먀트수":1,
            "500m이내은행수":1,
            "500m이내병원수":12,
            "5km이내대형병원수":6,
            "500m이내공원수":3,
            "3km이내혐오시설수":0,
            "초등학교학업성취도":86.03,
            "중학교학업성취도":71.8,
            "용적률":189,
            "건폐율":31,
            "Y":36.358098,
            "X":127.428245,
            "rank":42.0,
            "area_info":"20평(67.77), 30평(99.66)",
            "last_sales":"2021-11-26,11350.0,20평(67.77)"
        },
        {
            "index":236,
            "아파트명":"현대",
            "투자타입":"재건축",
            "전용면적(m2)":"75.05",
            "전용면적(평)":"22평",
            "법정동주소":"대전시 대덕구 읍내동 54",
            "도로명주소":"대전시 대덕구 계족로761번길 24",
            "세대수":90,
            "입주년차":"--",
            "용적률점수":0,
            "건폐율점수":0,
            "세대당주차수":"--",
            "난방방식":"--",
            "공급면적":50,
            "전용률":60,
            "욕실수":"--",
            "현관타입":"--",
            "주거총점":32.5,
            "지역구공급총점":0.0,
            "역세권":"NA",
            "30분내 이동가능 거점":"NA",
            "1시간내 이동가능 거점":"NA",
            "교통총점":"NA",
            "백화점":0,
            "아울렛몰":0,
            "대형마트":0,
            "은행":0,
            "병원":10,
            "종합병원":100,
            "공원":100,
            "혐오시설":0,
            "인프라총점":24.0,
            "초등학군":78.52,
            "중학군":34.58,
            "학군총점":43.368,
            "인구수":20.3,
            "인구증감":4.89,
            "인구총점":15.677,
            "일자리":11.9,
            "소득수준":72.14,
            "일자리총점":29.972,
            "가치 총점":31.817,
            "매매실거래년":20211204.0,
            "매매실거래가":25700.0,
            "전세실거래년":20211225.0,
            "전세실거래가":10000.0,
            "전세가율":71.43,
            "장기전세가율평균":69.62,
            "전세가율거품지수":-1.81,
            "검색코드":5577,
            "세대수":1344.0,
            "준공년월":"1991-10-12",
            "준공년차":32.0,
            "가까운역이름":"NA",
            "가까운역거리":"NA",
            "역세권여부":"NA",
            "30분이내주요거점역":"NA",
            "1시간이내주요거점역":"NA",
            "3km이내백화점수":0,
            "5km이내아울렛몰수":0,
            "1km이내대형먀트수":0,
            "500m이내은행수":0,
            "500m이내병원수":2,
            "5km이내대형병원수":3,
            "500m이내공원수":3,
            "3km이내혐오시설수":0,
            "초등학교학업성취도":78.52,
            "중학교학업성취도":56.9,
            "용적률":0,
            "건폐율":0,
            "Y":36.379524,
            "X":127.425224,
            "rank":43.0,
            "area_info":"22평(75.05), 25평(83.87), 28평(94.4), 30평(102.42)",
            "last_sales":"2021-12-04,25700.0,30평(102.42)"
        },
        {
            "index":109,
            "아파트명":"삼호맨션",
            "투자타입":"재건축",
            "전용면적(m2)":"93.71",
            "전용면적(평)":"28평",
            "법정동주소":"대전시 대덕구 비래동 124-1",
            "도로명주소":"대전시 대덕구 비래서로 42",
            "세대수":0,
            "입주년차":"--",
            "용적률점수":0,
            "건폐율점수":0,
            "세대당주차수":"--",
            "난방방식":"--",
            "공급면적":70,
            "전용률":80,
            "욕실수":"--",
            "현관타입":"--",
            "주거총점":7.5,
            "지역구공급총점":0.0,
            "역세권":"NA",
            "30분내 이동가능 거점":"NA",
            "1시간내 이동가능 거점":"NA",
            "교통총점":"NA",
            "백화점":0,
            "아울렛몰":0,
            "대형마트":80,
            "은행":0,
            "병원":60,
            "종합병원":100,
            "공원":100,
            "혐오시설":0,
            "인프라총점":41.0,
            "초등학군":88.11,
            "중학군":39.94,
            "학군총점":49.574,
            "인구수":20.3,
            "인구증감":4.89,
            "인구총점":15.677,
            "일자리":11.9,
            "소득수준":72.14,
            "일자리총점":29.972,
            "가치 총점":31.4185,
            "매매실거래년":20211205.0,
            "매매실거래가":19800.0,
            "전세실거래년":20190520.0,
            "전세실거래가":10000.0,
            "전세가율":62.5,
            "장기전세가율평균":69.62,
            "전세가율거품지수":7.12,
            "검색코드":5634,
            "세대수":220.0,
            "준공년월":"1989-12-07",
            "준공년차":34.0,
            "가까운역이름":"NA",
            "가까운역거리":"NA",
            "역세권여부":"NA",
            "30분이내주요거점역":"NA",
            "1시간이내주요거점역":"NA",
            "3km이내백화점수":0,
            "5km이내아울렛몰수":0,
            "1km이내대형먀트수":1,
            "500m이내은행수":1,
            "500m이내병원수":19,
            "5km이내대형병원수":4,
            "500m이내공원수":2,
            "3km이내혐오시설수":0,
            "초등학교학업성취도":88.11,
            "중학교학업성취도":65.1,
            "용적률":0,
            "건폐율":0,
            "Y":36.353984,
            "X":127.448464,
            "rank":44.0,
            "area_info":"28평(93.71), 28평(94.74)",
            "last_sales":"2021-12-05,19800.0,28평(94.74)"
        },
        {
            "index":185,
            "아파트명":"주공",
            "투자타입":"재건축",
            "전용면적(m2)":"45.12",
            "전용면적(평)":"13평",
            "법정동주소":"대전시 대덕구 신대동 179",
            "도로명주소":"대전시 대덕구 신탄진로 217",
            "세대수":50,
            "입주년차":"--",
            "용적률점수":0,
            "건폐율점수":0,
            "세대당주차수":"--",
            "난방방식":"--",
            "공급면적":50,
            "전용률":80,
            "욕실수":"--",
            "현관타입":"--",
            "주거총점":21.5,
            "지역구공급총점":0.0,
            "역세권":"NA",
            "30분내 이동가능 거점":"NA",
            "1시간내 이동가능 거점":"NA",
            "교통총점":"NA",
            "백화점":0,
            "아울렛몰":80,
            "대형마트":0,
            "은행":0,
            "병원":10,
            "종합병원":80,
            "공원":80,
            "혐오시설":0,
            "인프라총점":27.4,
            "초등학군":77.55,
            "중학군":44.22,
            "학군총점":50.886,
            "인구수":20.3,
            "인구증감":4.89,
            "인구총점":15.677,
            "일자리":11.9,
            "소득수준":72.14,
            "일자리총점":29.972,
            "가치 총점":31.2065,
            "매매실거래년":20211110.0,
            "매매실거래가":20500.0,
            "전세실거래년":20211203.0,
            "전세실거래가":3000.0,
            "전세가율":14.63,
            "장기전세가율평균":69.62,
            "전세가율거품지수":54.99,
            "검색코드":5638,
            "세대수":540.0,
            "준공년월":"1987-05-15",
            "준공년차":36.0,
            "가까운역이름":"NA",
            "가까운역거리":"NA",
            "역세권여부":"NA",
            "30분이내주요거점역":"NA",
            "1시간이내주요거점역":"NA",
            "3km이내백화점수":0,
            "5km이내아울렛몰수":1,
            "1km이내대형먀트수":0,
            "500m이내은행수":1,
            "500m이내병원수":4,
            "5km이내대형병원수":1,
            "500m이내공원수":1,
            "3km이내혐오시설수":0,
            "초등학교학업성취도":77.55,
            "중학교학업성취도":73.7,
            "용적률":0,
            "건폐율":0,
            "Y":36.400037,
            "X":127.42165,
            "rank":45.0,
            "area_info":"13평(45.12), 13평(45.12), 15평(52.5), 15평(52.14)",
            "last_sales":"2021-11-10,20500.0,13평(45.12)"
        },
        {
            "index":80,
            "아파트명":"유원",
            "투자타입":"재건축",
            "전용면적(m2)":"71.39",
            "전용면적(평)":"21평",
            "법정동주소":"대전시 대덕구 법동 285-1",
            "도로명주소":"대전시 대덕구 계족로663번길 23",
            "세대수":50,
            "입주년차":"--",
            "용적률점수":0,
            "건폐율점수":0,
            "세대당주차수":"--",
            "난방방식":"--",
            "공급면적":50,
            "전용률":80,
            "욕실수":"--",
            "현관타입":"--",
            "주거총점":21.5,
            "지역구공급총점":0.0,
            "역세권":"NA",
            "30분내 이동가능 거점":"NA",
            "1시간내 이동가능 거점":"NA",
            "교통총점":"NA",
            "백화점":0,
            "아울렛몰":0,
            "대형마트":0,
            "은행":0,
            "병원":60,
            "종합병원":100,
            "공원":100,
            "혐오시설":0,
            "인프라총점":29.0,
            "초등학군":100.0,
            "중학군":34.58,
            "학군총점":47.664,
            "인구수":20.3,
            "인구증감":4.89,
            "인구총점":15.677,
            "일자리":11.9,
            "소득수준":72.14,
            "일자리총점":29.972,
            "가치 총점":31.041,
            "매매실거래년":20211217.0,
            "매매실거래가":17500.0,
            "전세실거래년":20211230.0,
            "전세실거래가":13000.0,
            "전세가율":74.29,
            "장기전세가율평균":69.62,
            "전세가율거품지수":-4.67,
            "검색코드":5603,
            "세대수":400.0,
            "준공년월":"1989-11-25",
            "준공년차":34.0,
            "가까운역이름":"NA",
            "가까운역거리":"NA",
            "역세권여부":"NA",
            "30분이내주요거점역":"NA",
            "1시간이내주요거점역":"NA",
            "3km이내백화점수":0,
            "5km이내아울렛몰수":0,
            "1km이내대형먀트수":0,
            "500m이내은행수":1,
            "500m이내병원수":27,
            "5km이내대형병원수":4,
            "500m이내공원수":8,
            "3km이내혐오시설수":0,
            "초등학교학업성취도":100.0,
            "중학교학업성취도":56.9,
            "용적률":0,
            "건폐율":0,
            "Y":36.370157,
            "X":127.428235,
            "rank":46.0,
            "area_info":"21평(71.39), 26평(86.15), 30평(101.84), 38평(127.8)",
            "last_sales":"2021-12-17,17500.0,21평(71.39)"
        },
        {
            "index":209,
            "아파트명":"주공",
            "투자타입":"재건축",
            "전용면적(m2)":"45.12",
            "전용면적(평)":"13평",
            "법정동주소":"대전시 대덕구 연축동 102",
            "도로명주소":"대전시 대덕구 신탄진로 170",
            "세대수":50,
            "입주년차":"--",
            "용적률점수":0,
            "건폐율점수":0,
            "세대당주차수":"--",
            "난방방식":"--",
            "공급면적":50,
            "전용률":80,
            "욕실수":"--",
            "현관타입":"--",
            "주거총점":21.5,
            "지역구공급총점":0.0,
            "역세권":"NA",
            "30분내 이동가능 거점":"NA",
            "1시간내 이동가능 거점":"NA",
            "교통총점":"NA",
            "백화점":0,
            "아울렛몰":80,
            "대형마트":0,
            "은행":0,
            "병원":10,
            "종합병원":80,
            "공원":80,
            "혐오시설":-50,
            "인프라총점":26.4,
            "초등학군":77.55,
            "중학군":44.22,
            "학군총점":50.886,
            "인구수":20.3,
            "인구증감":4.89,
            "인구총점":15.677,
            "일자리":11.9,
            "소득수준":72.14,
            "일자리총점":29.972,
            "가치 총점":30.8065,
            "매매실거래년":20211115.0,
            "매매실거래가":27500.0,
            "전세실거래년":20211227.0,
            "전세실거래가":2800.0,
            "전세가율":15.56,
            "장기전세가율평균":69.62,
            "전세가율거품지수":54.06,
            "검색코드":11865,
            "세대수":670.0,
            "준공년월":"1987-11-19",
            "준공년차":36.0,
            "가까운역이름":"NA",
            "가까운역거리":"NA",
            "역세권여부":"NA",
            "30분이내주요거점역":"NA",
            "1시간이내주요거점역":"NA",
            "3km이내백화점수":0,
            "5km이내아울렛몰수":1,
            "1km이내대형먀트수":0,
            "500m이내은행수":1,
            "500m이내병원수":2,
            "5km이내대형병원수":1,
            "500m이내공원수":1,
            "3km이내혐오시설수":1,
            "초등학교학업성취도":77.55,
            "중학교학업성취도":73.7,
            "용적률":0,
            "건폐율":0,
            "Y":36.395642,
            "X":127.424146,
            "rank":47.0,
            "area_info":"13평(45.12), 13평(45.12), 15평(52.5), 15평(52.14)",
            "last_sales":"2021-11-15,27500.0,15평(52.14)"
        },
        {
            "index":53,
            "아파트명":"법동영진로얄맨션",
            "투자타입":"재건축",
            "전용면적(m2)":"90.09",
            "전용면적(평)":"27평",
            "법정동주소":"대전시 대덕구 법동 389",
            "도로명주소":"대전시 대덕구 아리랑로 211",
            "세대수":50,
            "입주년차":"--",
            "용적률점수":0,
            "건폐율점수":0,
            "세대당주차수":"--",
            "난방방식":"--",
            "공급면적":70,
            "전용률":80,
            "욕실수":"--",
            "현관타입":"--",
            "주거총점":22.5,
            "지역구공급총점":0.0,
            "역세권":"NA",
            "30분내 이동가능 거점":"NA",
            "1시간내 이동가능 거점":"NA",
            "교통총점":"NA",
            "백화점":0,
            "아울렛몰":0,
            "대형마트":0,
            "은행":0,
            "병원":30,
            "종합병원":100,
            "공원":100,
            "혐오시설":0,
            "인프라총점":26.0,
            "초등학군":100.0,
            "중학군":34.58,
            "학군총점":47.664,
            "인구수":20.3,
            "인구증감":4.89,
            "인구총점":15.677,
            "일자리":11.9,
            "소득수준":72.14,
            "일자리총점":29.972,
            "가치 총점":30.191,
            "매매실거래년":20211226.0,
            "매매실거래가":25500.0,
            "전세실거래년":20201123.0,
            "전세실거래가":13000.0,
            "전세가율":50.98,
            "장기전세가율평균":69.62,
            "전세가율거품지수":18.64,
            "검색코드":5602,
            "세대수":600.0,
            "준공년월":"1990-12-28",
            "준공년차":33.0,
            "가까운역이름":"NA",
            "가까운역거리":"NA",
            "역세권여부":"NA",
            "30분이내주요거점역":"NA",
            "1시간이내주요거점역":"NA",
            "3km이내백화점수":0,
            "5km이내아울렛몰수":0,
            "1km이내대형먀트수":0,
            "500m이내은행수":0,
            "500m이내병원수":8,
            "5km이내대형병원수":4,
            "500m이내공원수":4,
            "3km이내혐오시설수":0,
            "초등학교학업성취도":100.0,
            "중학교학업성취도":56.9,
            "용적률":0,
            "건폐율":0,
            "Y":36.375061,
            "X":127.426772,
            "rank":48.0,
            "area_info":"27평(90.09), 30평(101.35), 43평(144.92)",
            "last_sales":"2021-12-26,25500.0,27평(90.09)"
        },
        {
            "index":96,
            "아파트명":"금성백조2차",
            "투자타입":"재건축",
            "전용면적(m2)":"94.51",
            "전용면적(평)":"28평",
            "법정동주소":"대전시 대덕구 비래동 133-5",
            "도로명주소":"대전시 대덕구 우암동로 2",
            "세대수":30,
            "입주년차":"--",
            "용적률점수":0,
            "건폐율점수":0,
            "세대당주차수":"--",
            "난방방식":"--",
            "공급면적":70,
            "전용률":80,
            "욕실수":"--",
            "현관타입":"--",
            "주거총점":16.5,
            "지역구공급총점":0.0,
            "역세권":"NA",
            "30분내 이동가능 거점":"NA",
            "1시간내 이동가능 거점":"NA",
            "교통총점":"NA",
            "백화점":0,
            "아울렛몰":0,
            "대형마트":0,
            "은행":0,
            "병원":60,
            "종합병원":100,
            "공원":100,
            "혐오시설":0,
            "인프라총점":29.0,
            "초등학군":91.2,
            "중학군":39.94,
            "학군총점":50.192,
            "인구수":20.3,
            "인구증감":4.89,
            "인구총점":15.677,
            "일자리":11.9,
            "소득수준":72.14,
            "일자리총점":29.972,
            "가치 총점":29.923,
            "매매실거래년":20210821.0,
            "매매실거래가":18500.0,
            "전세실거래년":20210222.0,
            "전세실거래가":10000.0,
            "전세가율":54.05,
            "장기전세가율평균":69.62,
            "전세가율거품지수":15.57,
            "검색코드":5630,
            "세대수":324.0,
            "준공년월":"1991-03-20",
            "준공년차":32.0,
            "가까운역이름":"NA",
            "가까운역거리":"NA",
            "역세권여부":"NA",
            "30분이내주요거점역":"NA",
            "1시간이내주요거점역":"NA",
            "3km이내백화점수":0,
            "5km이내아울렛몰수":0,
            "1km이내대형먀트수":0,
            "500m이내은행수":1,
            "500m이내병원수":19,
            "5km이내대형병원수":4,
            "500m이내공원수":3,
            "3km이내혐오시설수":0,
            "초등학교학업성취도":91.2,
            "중학교학업성취도":65.1,
            "용적률":0,
            "건폐율":0,
            "Y":36.357979,
            "X":127.451021,
            "rank":49.0,
            "area_info":"28평(94.51), 29평(96.85), 30평(100.53)",
            "last_sales":"2021-08-21,18500.0,28평(94.51)"
        },
        {
            "index":101,
            "아파트명":"미래",
            "투자타입":"일반",
            "전용면적(m2)":"51.7",
            "전용면적(평)":"15평",
            "법정동주소":"대전시 대덕구 비래동 135-5",
            "도로명주소":"대전시 대덕구 우암동로18번길 30",
            "세대수":0,
            "입주년차":20,
            "용적률점수":"--",
            "건폐율점수":"--",
            "세대당주차수":0,
            "난방방식":30,
            "공급면적":"--",
            "전용률":"--",
            "욕실수":50,
            "현관타입":50,
            "주거총점":17.0,
            "지역구공급총점":0.0,
            "역세권":"NA",
            "30분내 이동가능 거점":"NA",
            "1시간내 이동가능 거점":"NA",
            "교통총점":"NA",
            "백화점":0,
            "아울렛몰":0,
            "대형마트":0,
            "은행":0,
            "병원":60,
            "종합병원":100,
            "공원":80,
            "혐오시설":0,
            "인프라총점":28.4,
            "초등학군":91.2,
            "중학군":39.94,
            "학군총점":50.192,
            "인구수":20.3,
            "인구증감":4.89,
            "인구총점":15.677,
            "일자리":11.9,
            "소득수준":72.14,
            "일자리총점":29.972,
            "가치 총점":29.858,
            "매매실거래년":20211211.0,
            "매매실거래가":9600.0,
            "전세실거래년":20211027.0,
            "전세실거래가":5500.0,
            "전세가율":64.71,
            "장기전세가율평균":69.62,
            "전세가율거품지수":4.91,
            "검색코드":105205,
            "세대수":172.0,
            "준공년월":"2001-07-30",
            "준공년차":22.0,
            "가까운역이름":"NA",
            "가까운역거리":"NA",
            "역세권여부":"NA",
            "30분이내주요거점역":"NA",
            "1시간이내주요거점역":"NA",
            "3km이내백화점수":0,
            "5km이내아울렛몰수":0,
            "1km이내대형먀트수":0,
            "500m이내은행수":1,
            "500m이내병원수":18,
            "5km이내대형병원수":4,
            "500m이내공원수":1,
            "3km이내혐오시설수":0,
            "초등학교학업성취도":91.2,
            "중학교학업성취도":65.1,
            "용적률":343,
            "건폐율":28,
            "Y":36.357763,
            "X":127.453039,
            "rank":50.0,
            "area_info":"15평(51.7), 17평(58.05)",
            "last_sales":"2021-12-11,9600.0,17평(58.05)"
        },
        {
            "index":63,
            "아파트명":"삼정하이츠타운",
            "투자타입":"재건축",
            "전용면적(m2)":"38.85",
            "전용면적(평)":"11평",
            "법정동주소":"대전시 대덕구 법동 281",
            "도로명주소":"대전시 대덕구 계족로663번길 30",
            "세대수":50,
            "입주년차":"--",
            "용적률점수":0,
            "건폐율점수":0,
            "세대당주차수":"--",
            "난방방식":"--",
            "공급면적":50,
            "전용률":60,
            "욕실수":"--",
            "현관타입":"--",
            "주거총점":20.5,
            "지역구공급총점":0.0,
            "역세권":"NA",
            "30분내 이동가능 거점":"NA",
            "1시간내 이동가능 거점":"NA",
            "교통총점":"NA",
            "백화점":0,
            "아울렛몰":0,
            "대형마트":0,
            "은행":0,
            "병원":30,
            "종합병원":100,
            "공원":100,
            "혐오시설":0,
            "인프라총점":26.0,
            "초등학군":100.0,
            "중학군":34.58,
            "학군총점":47.664,
            "인구수":20.3,
            "인구증감":4.89,
            "인구총점":15.677,
            "일자리":11.9,
            "소득수준":72.14,
            "일자리총점":29.972,
            "가치 총점":29.491,
            "매매실거래년":20211204.0,
            "매매실거래가":41000.0,
            "전세실거래년":20191202.0,
            "전세실거래가":4500.0,
            "전세가율":37.5,
            "장기전세가율평균":69.62,
            "전세가율거품지수":32.12,
            "검색코드":8088,
            "세대수":468.0,
            "준공년월":"1987-11-18",
            "준공년차":36.0,
            "가까운역이름":"NA",
            "가까운역거리":"NA",
            "역세권여부":"NA",
            "30분이내주요거점역":"NA",
            "1시간이내주요거점역":"NA",
            "3km이내백화점수":0,
            "5km이내아울렛몰수":0,
            "1km이내대형먀트수":0,
            "500m이내은행수":0,
            "500m이내병원수":9,
            "5km이내대형병원수":4,
            "500m이내공원수":4,
            "3km이내혐오시설수":0,
            "초등학교학업성취도":100.0,
            "중학교학업성취도":56.9,
            "용적률":0,
            "건폐율":0,
            "Y":36.373414,
            "X":127.427219,
            "rank":51.0,
            "area_info":"11평(38.85), 12평(41.62), 18평(60.05), 19평(65.31), 19평(65.72), 21평(69.86), 23평(78.38), 25평(84.27), 27평(89.68), 29평(98.02)",
            "last_sales":"2021-12-04,41000.0,29평(98.02)"
        },
        {
            "index":153,
            "아파트명":"서오",
            "투자타입":"재건축",
            "전용면적(m2)":"75.23",
            "전용면적(평)":"22평",
            "법정동주소":"대전시 대덕구 송촌동 554",
            "도로명주소":"대전시 대덕구 동춘당로23번길 13",
            "세대수":30,
            "입주년차":"--",
            "용적률점수":0,
            "건폐율점수":0,
            "세대당주차수":"--",
            "난방방식":"--",
            "공급면적":50,
            "전용률":80,
            "욕실수":"--",
            "현관타입":"--",
            "주거총점":15.5,
            "지역구공급총점":0.0,
            "역세권":"NA",
            "30분내 이동가능 거점":"NA",
            "1시간내 이동가능 거점":"NA",
            "교통총점":"NA",
            "백화점":0,
            "아울렛몰":0,
            "대형마트":0,
            "은행":0,
            "병원":0,
            "종합병원":100,
            "공원":100,
            "혐오시설":0,
            "인프라총점":23.0,
            "초등학군":88.64,
            "중학군":49.7,
            "학군총점":57.488,
            "인구수":20.3,
            "인구증감":4.89,
            "인구총점":15.677,
            "일자리":11.9,
            "소득수준":72.14,
            "일자리총점":29.972,
            "가치 총점":28.997,
            "매매실거래년":20210917.0,
            "매매실거래가":20600.0,
            "전세실거래년":20191101.0,
            "전세실거래가":9200.0,
            "전세가율":62.16,
            "장기전세가율평균":69.62,
            "전세가율거품지수":7.46,
            "검색코드":5635,
            "세대수":320.0,
            "준공년월":"1991-11-11",
            "준공년차":32.0,
            "가까운역이름":"NA",
            "가까운역거리":"NA",
            "역세권여부":"NA",
            "30분이내주요거점역":"NA",
            "1시간이내주요거점역":"NA",
            "3km이내백화점수":0,
            "5km이내아울렛몰수":0,
            "1km이내대형먀트수":0,
            "500m이내은행수":0,
            "500m이내병원수":0,
            "5km이내대형병원수":4,
            "500m이내공원수":4,
            "3km이내혐오시설수":0,
            "초등학교학업성취도":88.64,
            "중학교학업성취도":81.9,
            "용적률":0,
            "건폐율":0,
            "Y":36.359921,
            "X":127.445892,
            "rank":52.0,
            "area_info":"22평(75.23), 23평(78.94), 23평(79.12), 25평(85.66), 29평(97.17), 30평(100.59), 32평(106.45), 37평(123.57)",
            "last_sales":"2021-09-17,20600.0,32평(106.45)"
        },
        {
            "index":189,
            "아파트명":"한라",
            "투자타입":"일반",
            "전용면적(m2)":"72.05",
            "전용면적(평)":"21평",
            "법정동주소":"대전시 대덕구 신일동 1682-4",
            "도로명주소":"대전시 대덕구 대덕대로1448번길 80",
            "세대수":0,
            "입주년차":0,
            "용적률점수":"--",
            "건폐율점수":"--",
            "세대당주차수":0,
            "난방방식":30,
            "공급면적":"--",
            "전용률":"--",
            "욕실수":50,
            "현관타입":100,
            "주거총점":18.0,
            "지역구공급총점":0.0,
            "역세권":"NA",
            "30분내 이동가능 거점":"NA",
            "1시간내 이동가능 거점":"NA",
            "교통총점":"NA",
            "백화점":0,
            "아울렛몰":80,
            "대형마트":0,
            "은행":0,
            "병원":10,
            "종합병원":80,
            "공원":100,
            "혐오시설":0,
            "인프라총점":28.0,
            "초등학군":77.2,
            "중학군":34.56,
            "학군총점":43.088,
            "인구수":20.3,
            "인구증감":4.89,
            "인구총점":15.677,
            "일자리":11.9,
            "소득수준":72.14,
            "일자리총점":29.972,
            "가치 총점":28.272,
            "매매실거래년":20211213.0,
            "매매실거래가":9600.0,
            "전세실거래년":20220103.0,
            "전세실거래가":8500.0,
            "전세가율":88.54,
            "장기전세가율평균":69.62,
            "전세가율거품지수":-18.92,
            "검색코드":11331,
            "세대수":150.0,
            "준공년월":"1996-10-16",
            "준공년차":27.0,
            "가까운역이름":"NA",
            "가까운역거리":"NA",
            "역세권여부":"NA",
            "30분이내주요거점역":"NA",
            "1시간이내주요거점역":"NA",
            "3km이내백화점수":0,
            "5km이내아울렛몰수":1,
            "1km이내대형먀트수":0,
            "500m이내은행수":0,
            "500m이내병원수":2,
            "5km이내대형병원수":1,
            "500m이내공원수":3,
            "3km이내혐오시설수":0,
            "초등학교학업성취도":77.2,
            "중학교학업성취도":57.6,
            "용적률":187,
            "건폐율":25,
            "Y":36.444231,
            "X":127.410067,
            "rank":53.0,
            "area_info":"21평(72.05)",
            "last_sales":"2021-12-13,9600.0,21평(72.05)"
        },
        {
            "index":24,
            "아파트명":"소라",
            "투자타입":"재건축",
            "전용면적(m2)":"71.28",
            "전용면적(평)":"21평",
            "법정동주소":"대전시 대덕구 대화동 30-1",
            "도로명주소":"대전시 대덕구 동심1길 103",
            "세대수":0,
            "입주년차":"--",
            "용적률점수":0,
            "건폐율점수":0,
            "세대당주차수":"--",
            "난방방식":"--",
            "공급면적":50,
            "전용률":80,
            "욕실수":"--",
            "현관타입":"--",
            "주거총점":6.5,
            "지역구공급총점":0.0,
            "역세권":"NA",
            "30분내 이동가능 거점":"NA",
            "1시간내 이동가능 거점":"NA",
            "교통총점":"NA",
            "백화점":0,
            "아울렛몰":0,
            "대형마트":0,
            "은행":0,
            "병원":60,
            "종합병원":100,
            "공원":100,
            "혐오시설":0,
            "인프라총점":29.0,
            "초등학군":89.55,
            "중학군":45.28,
            "학군총점":54.134,
            "인구수":20.3,
            "인구증감":4.89,
            "인구총점":15.677,
            "일자리":11.9,
            "소득수준":72.14,
            "일자리총점":29.972,
            "가치 총점":27.4085,
            "매매실거래년":20211108.0,
            "매매실거래가":15300.0,
            "전세실거래년":20211112.0,
            "전세실거래가":9000.0,
            "전세가율":58.82,
            "장기전세가율평균":69.62,
            "전세가율거품지수":10.8,
            "검색코드":5587,
            "세대수":270.0,
            "준공년월":"1990-11-02",
            "준공년차":33.0,
            "가까운역이름":"NA",
            "가까운역거리":"NA",
            "역세권여부":"NA",
            "30분이내주요거점역":"NA",
            "1시간이내주요거점역":"NA",
            "3km이내백화점수":0,
            "5km이내아울렛몰수":0,
            "1km이내대형먀트수":0,
            "500m이내은행수":1,
            "500m이내병원수":11,
            "5km이내대형병원수":5,
            "500m이내공원수":7,
            "3km이내혐오시설수":0,
            "초등학교학업성취도":89.55,
            "중학교학업성취도":73.4,
            "용적률":0,
            "건폐율":0,
            "Y":36.362827,
            "X":127.412822,
            "rank":54.0,
            "area_info":"21평(71.28)",
            "last_sales":"2021-11-08,15300.0,21평(71.28)"
        },
        {
            "index":11,
            "아파트명":"세원풍남",
            "투자타입":"재건축",
            "전용면적(m2)":"55.99",
            "전용면적(평)":"16평",
            "법정동주소":"대전시 대덕구 대화동 16-5",
            "도로명주소":"대전시 대덕구 대화11길 11",
            "세대수":0,
            "입주년차":"--",
            "용적률점수":0,
            "건폐율점수":0,
            "세대당주차수":"--",
            "난방방식":"--",
            "공급면적":50,
            "전용률":80,
            "욕실수":"--",
            "현관타입":"--",
            "주거총점":6.5,
            "지역구공급총점":0.0,
            "역세권":"NA",
            "30분내 이동가능 거점":"NA",
            "1시간내 이동가능 거점":"NA",
            "교통총점":"NA",
            "백화점":0,
            "아울렛몰":0,
            "대형마트":0,
            "은행":0,
            "병원":30,
            "종합병원":100,
            "공원":100,
            "혐오시설":0,
            "인프라총점":26.0,
            "초등학군":89.55,
            "중학군":45.28,
            "학군총점":54.134,
            "인구수":20.3,
            "인구증감":4.89,
            "인구총점":15.677,
            "일자리":11.9,
            "소득수준":72.14,
            "일자리총점":29.972,
            "가치 총점":26.2085,
            "매매실거래년":20211020.0,
            "매매실거래가":18000.0,
            "전세실거래년":null,
            "전세실거래가":null,
            "전세가율":null,
            "장기전세가율평균":69.62,
            "전세가율거품지수":null,
            "검색코드":5583,
            "세대수":270.0,
            "준공년월":"1987-12-22",
            "준공년차":36.0,
            "가까운역이름":"NA",
            "가까운역거리":"NA",
            "역세권여부":"NA",
            "30분이내주요거점역":"NA",
            "1시간이내주요거점역":"NA",
            "3km이내백화점수":0,
            "5km이내아울렛몰수":0,
            "1km이내대형먀트수":0,
            "500m이내은행수":1,
            "500m이내병원수":5,
            "5km이내대형병원수":5,
            "500m이내공원수":4,
            "3km이내혐오시설수":0,
            "초등학교학업성취도":89.55,
            "중학교학업성취도":73.4,
            "용적률":0,
            "건폐율":0,
            "Y":36.36666,
            "X":127.417195,
            "rank":55.0,
            "area_info":"16평(55.99), 19평(63.86), 19평(64.25), 19평(64.67), 19평(65.52), 22평(74.63), 24평(80.09), 25평(82.77), 25평(83.3), 25평(84.45), 25평(85.13), 25평(85.02), 26평(86.63)",
            "last_sales":"2021-10-20,18000.0,25평(85.02)"
        },
        {
            "index":93,
            "아파트명":"금성백조1차",
            "투자타입":"재건축",
            "전용면적(m2)":"88.76",
            "전용면적(평)":"26평",
            "법정동주소":"대전시 대덕구 비래동 149-1",
            "도로명주소":"대전시 대덕구 우암로412번길 45",
            "세대수":0,
            "입주년차":"--",
            "용적률점수":0,
            "건폐율점수":0,
            "세대당주차수":"--",
            "난방방식":"--",
            "공급면적":70,
            "전용률":60,
            "욕실수":"--",
            "현관타입":"--",
            "주거총점":6.5,
            "지역구공급총점":0.0,
            "역세권":"NA",
            "30분내 이동가능 거점":"NA",
            "1시간내 이동가능 거점":"NA",
            "교통총점":"NA",
            "백화점":0,
            "아울렛몰":0,
            "대형마트":0,
            "은행":0,
            "병원":60,
            "종합병원":100,
            "공원":80,
            "혐오시설":0,
            "인프라총점":28.4,
            "초등학군":91.2,
            "중학군":39.94,
            "학군총점":50.192,
            "인구수":20.3,
            "인구증감":4.89,
            "인구총점":15.677,
            "일자리":11.9,
            "소득수준":72.14,
            "일자리총점":29.972,
            "가치 총점":26.183,
            "매매실거래년":20211106.0,
            "매매실거래가":18400.0,
            "전세실거래년":null,
            "전세실거래가":null,
            "전세가율":null,
            "장기전세가율평균":69.62,
            "전세가율거품지수":null,
            "검색코드":5628,
            "세대수":100.0,
            "준공년월":"1986-05-24",
            "준공년차":37.0,
            "가까운역이름":"NA",
            "가까운역거리":"NA",
            "역세권여부":"NA",
            "30분이내주요거점역":"NA",
            "1시간이내주요거점역":"NA",
            "3km이내백화점수":0,
            "5km이내아울렛몰수":0,
            "1km이내대형먀트수":0,
            "500m이내은행수":0,
            "500m이내병원수":10,
            "5km이내대형병원수":4,
            "500m이내공원수":1,
            "3km이내혐오시설수":0,
            "초등학교학업성취도":91.2,
            "중학교학업성취도":65.1,
            "용적률":0,
            "건폐율":0,
            "Y":36.356899,
            "X":127.455206,
            "rank":56.0,
            "area_info":"26평(88.76), 29평(98.08), 30평(102.3)",
            "last_sales":"2021-11-06,18400.0,30평(102.3)"
        },
        {
            "index":0,
            "아파트명":"금성백조",
            "투자타입":"재건축",
            "전용면적(m2)":"54.46",
            "전용면적(평)":"16평",
            "법정동주소":"대전시 대덕구 대화동 16-2",
            "도로명주소":"대전시 대덕구 대화로 19",
            "세대수":0,
            "입주년차":"--",
            "용적률점수":0,
            "건폐율점수":0,
            "세대당주차수":"--",
            "난방방식":"--",
            "공급면적":50,
            "전용률":80,
            "욕실수":"--",
            "현관타입":"--",
            "주거총점":6.5,
            "지역구공급총점":0.0,
            "역세권":"NA",
            "30분내 이동가능 거점":"NA",
            "1시간내 이동가능 거점":"NA",
            "교통총점":"NA",
            "백화점":0,
            "아울렛몰":0,
            "대형마트":0,
            "은행":0,
            "병원":10,
            "종합병원":100,
            "공원":100,
            "혐오시설":0,
            "인프라총점":24.0,
            "초등학군":89.55,
            "중학군":45.28,
            "학군총점":54.134,
            "인구수":20.3,
            "인구증감":4.89,
            "인구총점":15.677,
            "일자리":11.9,
            "소득수준":72.14,
            "일자리총점":29.972,
            "가치 총점":25.4085,
            "매매실거래년":20201231.0,
            "매매실거래가":10400.0,
            "전세실거래년":20130830.0,
            "전세실거래가":4200.0,
            "전세가율":88.42,
            "장기전세가율평균":69.62,
            "전세가율거품지수":-18.8,
            "검색코드":5580,
            "세대수":160.0,
            "준공년월":"1985-03-14",
            "준공년차":38.0,
            "가까운역이름":"NA",
            "가까운역거리":"NA",
            "역세권여부":"NA",
            "30분이내주요거점역":"NA",
            "1시간이내주요거점역":"NA",
            "3km이내백화점수":0,
            "5km이내아울렛몰수":0,
            "1km이내대형먀트수":0,
            "500m이내은행수":1,
            "500m이내병원수":2,
            "5km이내대형병원수":5,
            "500m이내공원수":3,
            "3km이내혐오시설수":0,
            "초등학교학업성취도":89.55,
            "중학교학업성취도":73.4,
            "용적률":0,
            "건폐율":0,
            "Y":36.367361,
            "X":127.417581,
            "rank":57.0,
            "area_info":"16평(54.46), 16평(55.16), 20평(68.7), 21평(69.69), 21평(70.42), 21평(71.96), 21평(71.9), 21평(72.67)",
            "last_sales":"2020-12-31,10400.0,21평(72.67)"
        },
        {
            "index":113,
            "아파트명":"반석",
            "투자타입":"일반",
            "전용면적(m2)":"43.01",
            "전용면적(평)":"13평",
            "법정동주소":"대전시 대덕구 상서동 828-3",
            "도로명주소":"대전시 대덕구 덕암로154번길 16",
            "세대수":0,
            "입주년차":0,
            "용적률점수":"--",
            "건폐율점수":"--",
            "세대당주차수":0,
            "난방방식":30,
            "공급면적":"--",
            "전용률":"--",
            "욕실수":50,
            "현관타입":10,
            "주거총점":9.0,
            "지역구공급총점":0.0,
            "역세권":"NA",
            "30분내 이동가능 거점":"NA",
            "1시간내 이동가능 거점":"NA",
            "교통총점":"NA",
            "백화점":0,
            "아울렛몰":80,
            "대형마트":0,
            "은행":0,
            "병원":10,
            "종합병원":80,
            "공원":80,
            "혐오시설":0,
            "인프라총점":27.4,
            "초등학군":82.28,
            "중학군":34.56,
            "학군총점":44.104,
            "인구수":20.3,
            "인구증감":4.89,
            "인구총점":15.677,
            "일자리":11.9,
            "소득수준":72.14,
            "일자리총점":29.972,
            "가치 총점":25.136,
            "매매실거래년":20181207.0,
            "매매실거래가":4701.0,
            "전세실거래년":null,
            "전세실거래가":null,
            "전세가율":null,
            "장기전세가율평균":69.62,
            "전세가율거품지수":null,
            "검색코드":106247,
            "세대수":150.0,
            "준공년월":"1998-10-26",
            "준공년차":25.0,
            "가까운역이름":"NA",
            "가까운역거리":"NA",
            "역세권여부":"NA",
            "30분이내주요거점역":"NA",
            "1시간이내주요거점역":"NA",
            "3km이내백화점수":0,
            "5km이내아울렛몰수":1,
            "1km이내대형먀트수":0,
            "500m이내은행수":0,
            "500m이내병원수":2,
            "5km이내대형병원수":1,
            "500m이내공원수":1,
            "3km이내혐오시설수":0,
            "초등학교학업성취도":82.28,
            "중학교학업성취도":57.6,
            "용적률":211,
            "건폐율":22,
            "Y":36.433983,
            "X":127.422837,
            "rank":58.0,
            "area_info":"13평(43.01), 15평(52.62)",
            "last_sales":"2018-12-07,4701.0,15평(52.62)"
        },
        {
            "index":233,
            "아파트명":"백송",
            "투자타입":"일반",
            "전용면적(m2)":"73.4",
            "전용면적(평)":"22평",
            "법정동주소":"대전시 대덕구 읍내동 202",
            "도로명주소":"대전시 대덕구 대전로1397번길 79",
            "세대수":0,
            "입주년차":0,
            "용적률점수":"--",
            "건폐율점수":"--",
            "세대당주차수":0,
            "난방방식":30,
            "공급면적":"--",
            "전용률":"--",
            "욕실수":50,
            "현관타입":10,
            "주거총점":9.0,
            "지역구공급총점":0.0,
            "역세권":"NA",
            "30분내 이동가능 거점":"NA",
            "1시간내 이동가능 거점":"NA",
            "교통총점":"NA",
            "백화점":0,
            "아울렛몰":0,
            "대형마트":0,
            "은행":0,
            "병원":0,
            "종합병원":100,
            "공원":100,
            "혐오시설":0,
            "인프라총점":23.0,
            "초등학군":78.52,
            "중학군":34.58,
            "학군총점":43.368,
            "인구수":20.3,
            "인구증감":4.89,
            "인구총점":15.677,
            "일자리":11.9,
            "소득수준":72.14,
            "일자리총점":29.972,
            "가치 총점":23.192,
            "매매실거래년":20211116.0,
            "매매실거래가":6700.0,
            "전세실거래년":20210911.0,
            "전세실거래가":7500.0,
            "전세가율":111.94,
            "장기전세가율평균":69.62,
            "전세가율거품지수":-42.32,
            "검색코드":5573,
            "세대수":297.0,
            "준공년월":"1997-11-19",
            "준공년차":26.0,
            "가까운역이름":"NA",
            "가까운역거리":"NA",
            "역세권여부":"NA",
            "30분이내주요거점역":"NA",
            "1시간이내주요거점역":"NA",
            "3km이내백화점수":0,
            "5km이내아울렛몰수":0,
            "1km이내대형먀트수":0,
            "500m이내은행수":0,
            "500m이내병원수":1,
            "5km이내대형병원수":3,
            "500m이내공원수":2,
            "3km이내혐오시설수":0,
            "초등학교학업성취도":78.52,
            "중학교학업성취도":56.9,
            "용적률":312,
            "건폐율":31,
            "Y":36.380543,
            "X":127.419744,
            "rank":59.0,
            "area_info":"22평(73.4), 23평(77.15), 24평(82.58)",
            "last_sales":"2021-11-16,6700.0,22평(73.4)"
        }
    ]
}