{
    "schema":{
        "fields":[
            {
                "name":"index",
                "type":"integer"
            },
            {
                "name":"아파트명",
                "type":"string"
            },
            {
                "name":"투자타입",
                "type":"string"
            },
            {
                "name":"전용면적(m2)",
                "type":"string"
            },
            {
                "name":"전용면적(평)",
                "type":"string"
            },
            {
                "name":"법정동주소",
                "type":"string"
            },
            {
                "name":"도로명주소",
                "type":"string"
            },
            {
                "name":"세대수",
                "type":"integer"
            },
            {
                "name":"입주년차",
                "type":"string"
            },
            {
                "name":"용적률점수",
                "type":"string"
            },
            {
                "name":"건폐율점수",
                "type":"string"
            },
            {
                "name":"세대당주차수",
                "type":"string"
            },
            {
                "name":"난방방식",
                "type":"string"
            },
            {
                "name":"공급면적",
                "type":"string"
            },
            {
                "name":"전용률",
                "type":"string"
            },
            {
                "name":"욕실수",
                "type":"string"
            },
            {
                "name":"현관타입",
                "type":"string"
            },
            {
                "name":"주거총점",
                "type":"number"
            },
            {
                "name":"지역구공급총점",
                "type":"number"
            },
            {
                "name":"역세권",
                "type":"integer"
            },
            {
                "name":"30분내 이동가능 거점",
                "type":"integer"
            },
            {
                "name":"1시간내 이동가능 거점",
                "type":"integer"
            },
            {
                "name":"교통총점",
                "type":"number"
            },
            {
                "name":"백화점",
                "type":"integer"
            },
            {
                "name":"아울렛몰",
                "type":"integer"
            },
            {
                "name":"대형마트",
                "type":"integer"
            },
            {
                "name":"은행",
                "type":"integer"
            },
            {
                "name":"병원",
                "type":"integer"
            },
            {
                "name":"종합병원",
                "type":"integer"
            },
            {
                "name":"공원",
                "type":"integer"
            },
            {
                "name":"혐오시설",
                "type":"integer"
            },
            {
                "name":"인프라총점",
                "type":"number"
            },
            {
                "name":"초등학군",
                "type":"number"
            },
            {
                "name":"중학군",
                "type":"number"
            },
            {
                "name":"학군총점",
                "type":"number"
            },
            {
                "name":"인구수",
                "type":"number"
            },
            {
                "name":"인구증감",
                "type":"number"
            },
            {
                "name":"인구총점",
                "type":"number"
            },
            {
                "name":"일자리",
                "type":"number"
            },
            {
                "name":"소득수준",
                "type":"number"
            },
            {
                "name":"일자리총점",
                "type":"number"
            },
            {
                "name":"가치 총점",
                "type":"number"
            },
            {
                "name":"매매실거래년",
                "type":"string"
            },
            {
                "name":"매매실거래가",
                "type":"number"
            },
            {
                "name":"전세실거래년",
                "type":"number"
            },
            {
                "name":"전세실거래가",
                "type":"number"
            },
            {
                "name":"전세가율",
                "type":"number"
            },
            {
                "name":"장기전세가율평균",
                "type":"number"
            },
            {
                "name":"전세가율거품지수",
                "type":"number"
            },
            {
                "name":"검색코드",
                "type":"integer"
            },
            {
                "name":"세대수",
                "type":"number"
            },
            {
                "name":"준공년월",
                "type":"string"
            },
            {
                "name":"준공년차",
                "type":"number"
            },
            {
                "name":"가까운역이름",
                "type":"string"
            },
            {
                "name":"가까운역거리",
                "type":"number"
            },
            {
                "name":"역세권여부",
                "type":"string"
            },
            {
                "name":"30분이내주요거점역",
                "type":"integer"
            },
            {
                "name":"1시간이내주요거점역",
                "type":"integer"
            },
            {
                "name":"3km이내백화점수",
                "type":"integer"
            },
            {
                "name":"5km이내아울렛몰수",
                "type":"integer"
            },
            {
                "name":"1km이내대형먀트수",
                "type":"integer"
            },
            {
                "name":"500m이내은행수",
                "type":"integer"
            },
            {
                "name":"500m이내병원수",
                "type":"integer"
            },
            {
                "name":"5km이내대형병원수",
                "type":"integer"
            },
            {
                "name":"500m이내공원수",
                "type":"integer"
            },
            {
                "name":"3km이내혐오시설수",
                "type":"integer"
            },
            {
                "name":"초등학교학업성취도",
                "type":"number"
            },
            {
                "name":"중학교학업성취도",
                "type":"number"
            },
            {
                "name":"용적률",
                "type":"integer"
            },
            {
                "name":"건폐율",
                "type":"integer"
            },
            {
                "name":"Y",
                "type":"number"
            },
            {
                "name":"X",
                "type":"number"
            },
            {
                "name":"rank",
                "type":"number"
            },
            {
                "name":"area_info",
                "type":"string"
            },
            {
                "name":"last_sales",
                "type":"string"
            }
        ],
        "primaryKey":[
            "index"
        ],
        "pandas_version":"1.4.0"
    },
    "data":[
        {
            "index":368,
            "아파트명":"주공뜨란채",
            "투자타입":"일반",
            "전용면적(m2)":"69.2",
            "전용면적(평)":"20평",
            "법정동주소":"경기도 안양시 만안구 안양동 1380",
            "도로명주소":"경기도 안양시 만안구 안양천서로 289",
            "세대수":90,
            "입주년차":40,
            "용적률점수":"--",
            "건폐율점수":"--",
            "세대당주차수":30,
            "난방방식":100,
            "공급면적":"--",
            "전용률":"--",
            "욕실수":50,
            "현관타입":100,
            "주거총점":69.0,
            "지역구공급총점":0.0,
            "역세권":80,
            "30분내 이동가능 거점":60,
            "1시간내 이동가능 거점":100,
            "교통총점":78.0,
            "백화점":100,
            "아울렛몰":100,
            "대형마트":100,
            "은행":100,
            "병원":80,
            "종합병원":100,
            "공원":80,
            "혐오시설":0,
            "인프라총점":95.4,
            "초등학군":86.78,
            "중학군":48.64,
            "학군총점":56.268,
            "인구수":27.69,
            "인구증감":-24.61,
            "인구총점":12.0,
            "일자리":4.3,
            "소득수준":62.4,
            "일자리총점":21.73,
            "가치 총점":78.1602,
            "매매실거래년":20211012.0,
            "매매실거래가":77800.0,
            "전세실거래년":20220112.0,
            "전세실거래가":28350.0,
            "전세가율":47.25,
            "장기전세가율평균":70.65,
            "전세가율거품지수":23.4,
            "검색코드":9223,
            "세대수":1093.0,
            "준공년월":"2004-11-15",
            "준공년차":19.0,
            "가까운역이름":"안양",
            "가까운역거리":333.76,
            "역세권여부":"역세권",
            "30분이내주요거점역":3,
            "1시간이내주요거점역":14,
            "3km이내백화점수":1,
            "5km이내아울렛몰수":2,
            "1km이내대형먀트수":2,
            "500m이내은행수":5,
            "500m이내병원수":39,
            "5km이내대형병원수":5,
            "500m이내공원수":1,
            "3km이내혐오시설수":0,
            "초등학교학업성취도":86.78,
            "중학교학업성취도":79.6,
            "용적률":278,
            "건폐율":17,
            "Y":37.400354,
            "X":126.926316,
            "rank":1.0,
            "area_info":"20평(69.2), 24평(79.6), 24평(80.76), 33평(110.23), 42평(139.91)",
            "last_sales":"2021-10-12,77800.0,24평(80.76)"
        },
        {
            "index":211,
            "아파트명":"삼성래미안",
            "투자타입":"일반",
            "전용면적(m2)":"80.18",
            "전용면적(평)":"24평",
            "법정동주소":"경기도 안양시 만안구 안양동 90-1",
            "도로명주소":"경기도 안양시 만안구 안양천서로 311",
            "세대수":100,
            "입주년차":20,
            "용적률점수":"--",
            "건폐율점수":"--",
            "세대당주차수":30,
            "난방방식":30,
            "공급면적":"--",
            "전용률":"--",
            "욕실수":50,
            "현관타입":100,
            "주거총점":61.5,
            "지역구공급총점":0.0,
            "역세권":80,
            "30분내 이동가능 거점":60,
            "1시간내 이동가능 거점":100,
            "교통총점":78.0,
            "백화점":100,
            "아울렛몰":100,
            "대형마트":80,
            "은행":70,
            "병원":80,
            "종합병원":100,
            "공원":0,
            "혐오시설":0,
            "인프라총점":87.0,
            "초등학군":86.78,
            "중학군":48.64,
            "학군총점":56.268,
            "인구수":27.69,
            "인구증감":-24.61,
            "인구총점":12.0,
            "일자리":4.3,
            "소득수준":62.4,
            "일자리총점":21.73,
            "가치 총점":74.1402,
            "매매실거래년":20211107.0,
            "매매실거래가":80000.0,
            "전세실거래년":20220107.0,
            "전세실거래가":36750.0,
            "전세가율":50.2,
            "장기전세가율평균":70.65,
            "전세가율거품지수":20.45,
            "검색코드":3092,
            "세대수":1998.0,
            "준공년월":"2002-01-25",
            "준공년차":21.0,
            "가까운역이름":"안양",
            "가까운역거리":179.22,
            "역세권여부":"역세권",
            "30분이내주요거점역":3,
            "1시간이내주요거점역":13,
            "3km이내백화점수":1,
            "5km이내아울렛몰수":2,
            "1km이내대형먀트수":1,
            "500m이내은행수":3,
            "500m이내병원수":44,
            "5km이내대형병원수":4,
            "500m이내공원수":0,
            "3km이내혐오시설수":0,
            "초등학교학업성취도":86.78,
            "중학교학업성취도":79.6,
            "용적률":337,
            "건폐율":18,
            "Y":37.402151,
            "X":126.924777,
            "rank":2.0,
            "area_info":"24평(80.18), 24평(80.01), 32평(107.46), 32평(107.47)",
            "last_sales":"2021-11-07,80000.0,32평(107.47)"
        },
        {
            "index":390,
            "아파트명":"헤븐리치더퍼스트294(도시형)",
            "투자타입":"일반",
            "전용면적(m2)":"19.84",
            "전용면적(평)":"6평",
            "법정동주소":"경기도 안양시 만안구 안양동 88-4",
            "도로명주소":"경기도 안양시 만안구 만안로 254",
            "세대수":0,
            "입주년차":80,
            "용적률점수":"--",
            "건폐율점수":"--",
            "세대당주차수":0,
            "난방방식":30,
            "공급면적":"--",
            "전용률":"--",
            "욕실수":50,
            "현관타입":10,
            "주거총점":25.0,
            "지역구공급총점":0.0,
            "역세권":80,
            "30분내 이동가능 거점":80,
            "1시간내 이동가능 거점":100,
            "교통총점":84.0,
            "백화점":100,
            "아울렛몰":80,
            "대형마트":80,
            "은행":100,
            "병원":100,
            "종합병원":100,
            "공원":0,
            "혐오시설":0,
            "인프라총점":90.0,
            "초등학군":86.78,
            "중학군":48.64,
            "학군총점":56.268,
            "인구수":27.69,
            "인구증감":-24.61,
            "인구총점":12.0,
            "일자리":4.3,
            "소득수준":62.4,
            "일자리총점":21.73,
            "가치 총점":69.8402,
            "매매실거래년":20200116.0,
            "매매실거래가":12000.0,
            "전세실거래년":20190708.0,
            "전세실거래가":9400.0,
            "전세가율":78.33,
            "장기전세가율평균":70.65,
            "전세가율거품지수":-7.68,
            "검색코드":120627,
            "세대수":137.0,
            "준공년월":"2018-03-07",
            "준공년차":5.0,
            "가까운역이름":"안양",
            "가까운역거리":205.0,
            "역세권여부":"역세권",
            "30분이내주요거점역":4,
            "1시간이내주요거점역":15,
            "3km이내백화점수":1,
            "5km이내아울렛몰수":1,
            "1km이내대형먀트수":1,
            "500m이내은행수":6,
            "500m이내병원수":67,
            "5km이내대형병원수":4,
            "500m이내공원수":0,
            "3km이내혐오시설수":0,
            "초등학교학업성취도":86.78,
            "중학교학업성취도":79.6,
            "용적률":413,
            "건폐율":60,
            "Y":37.402812,
            "X":126.921134,
            "rank":3.0,
            "area_info":"6평(19.84), 5평(19.58)",
            "last_sales":"2020-01-16,12000.0,6평(19.84)"
        },
        {
            "index":193,
            "아파트명":"명지캐럿162",
            "투자타입":"일반",
            "전용면적(m2)":"87.55",
            "전용면적(평)":"26평",
            "법정동주소":"경기도 안양시 만안구 안양동 534-5",
            "도로명주소":"경기도 안양시 만안구 만안로 17",
            "세대수":0,
            "입주년차":40,
            "용적률점수":"--",
            "건폐율점수":"--",
            "세대당주차수":30,
            "난방방식":30,
            "공급면적":"--",
            "전용률":"--",
            "욕실수":100,
            "현관타입":100,
            "주거총점":35.5,
            "지역구공급총점":0.0,
            "역세권":100,
            "30분내 이동가능 거점":80,
            "1시간내 이동가능 거점":100,
            "교통총점":94.0,
            "백화점":100,
            "아울렛몰":80,
            "대형마트":0,
            "은행":70,
            "병원":60,
            "종합병원":100,
            "공원":100,
            "혐오시설":0,
            "인프라총점":74.0,
            "초등학군":84.77,
            "중학군":36.02,
            "학군총점":45.77,
            "인구수":27.69,
            "인구증감":-24.61,
            "인구총점":12.0,
            "일자리":4.3,
            "소득수준":62.4,
            "일자리총점":21.73,
            "가치 총점":69.0655,
            "매매실거래년":20210828.0,
            "매매실거래가":53000.0,
            "전세실거래년":null,
            "전세실거래가":null,
            "전세가율":null,
            "장기전세가율평균":70.65,
            "전세가율거품지수":null,
            "검색코드":16875,
            "세대수":162.0,
            "준공년월":"2006-07-28",
            "준공년차":17.0,
            "가까운역이름":"명학",
            "가까운역거리":73.13,
            "역세권여부":"초역세권",
            "30분이내주요거점역":4,
            "1시간이내주요거점역":14,
            "3km이내백화점수":1,
            "5km이내아울렛몰수":1,
            "1km이내대형먀트수":0,
            "500m이내은행수":4,
            "500m이내병원수":15,
            "5km이내대형병원수":5,
            "500m이내공원수":4,
            "3km이내혐오시설수":0,
            "초등학교학업성취도":84.77,
            "중학교학업성취도":58.7,
            "용적률":727,
            "건폐율":68,
            "Y":37.385004,
            "X":126.934733,
            "rank":4.0,
            "area_info":"26평(87.55), 26평(87.55), 35평(117.47), 35평(118.12)",
            "last_sales":"2021-08-28,53000.0,35평(118.12)"
        },
        {
            "index":352,
            "아파트명":"일번가이지움(도시형)",
            "투자타입":"일반",
            "전용면적(m2)":"25.23",
            "전용면적(평)":"7평",
            "법정동주소":"경기도 안양시 만안구 안양동 622-5",
            "도로명주소":"경기도 안양시 만안구 만안로 191",
            "세대수":0,
            "입주년차":80,
            "용적률점수":"--",
            "건폐율점수":"--",
            "세대당주차수":0,
            "난방방식":30,
            "공급면적":"--",
            "전용률":"--",
            "욕실수":50,
            "현관타입":10,
            "주거총점":25.0,
            "지역구공급총점":0.0,
            "역세권":80,
            "30분내 이동가능 거점":40,
            "1시간내 이동가능 거점":100,
            "교통총점":72.0,
            "백화점":100,
            "아울렛몰":100,
            "대형마트":100,
            "은행":100,
            "병원":100,
            "종합병원":100,
            "공원":100,
            "혐오시설":0,
            "인프라총점":98.0,
            "초등학군":85.53,
            "중학군":42.56,
            "학군총점":51.154,
            "인구수":27.69,
            "인구증감":-24.61,
            "인구총점":12.0,
            "일자리":4.3,
            "소득수준":62.4,
            "일자리총점":21.73,
            "가치 총점":67.2731,
            "매매실거래년":20191206.0,
            "매매실거래가":25000.0,
            "전세실거래년":20211227.0,
            "전세실거래가":14100.0,
            "전세가율":129.36,
            "장기전세가율평균":70.65,
            "전세가율거품지수":-58.71,
            "검색코드":118966,
            "세대수":104.0,
            "준공년월":"2016-11-28",
            "준공년차":7.0,
            "가까운역이름":"안양",
            "가까운역거리":429.72,
            "역세권여부":"역세권",
            "30분이내주요거점역":2,
            "1시간이내주요거점역":12,
            "3km이내백화점수":1,
            "5km이내아울렛몰수":2,
            "1km이내대형먀트수":2,
            "500m이내은행수":6,
            "500m이내병원수":84,
            "5km이내대형병원수":5,
            "500m이내공원수":2,
            "3km이내혐오시설수":0,
            "초등학교학업성취도":85.53,
            "중학교학업성취도":69.6,
            "용적률":430,
            "건폐율":71,
            "Y":37.398002,
            "X":126.924675,
            "rank":5.0,
            "area_info":"7평(25.23), 7평(26.14), 8평(26.81), 8평(28.9), 9평(29.94), 10평(35.17), 10평(35.62), 15평(52.72), 16평(53.62)",
            "last_sales":"2019-12-06,25000.0,16평(53.62)"
        },
        {
            "index":347,
            "아파트명":"유일보노빌(도시형)",
            "투자타입":"일반",
            "전용면적(m2)":"24.55",
            "전용면적(평)":"7평",
            "법정동주소":"경기도 안양시 만안구 안양동 782-15",
            "도로명주소":"경기도 안양시 만안구 병목안로 16",
            "세대수":0,
            "입주년차":60,
            "용적률점수":"--",
            "건폐율점수":"--",
            "세대당주차수":0,
            "난방방식":30,
            "공급면적":"--",
            "전용률":"--",
            "욕실수":50,
            "현관타입":10,
            "주거총점":21.0,
            "지역구공급총점":0.0,
            "역세권":80,
            "30분내 이동가능 거점":40,
            "1시간내 이동가능 거점":100,
            "교통총점":72.0,
            "백화점":100,
            "아울렛몰":100,
            "대형마트":80,
            "은행":100,
            "병원":100,
            "종합병원":100,
            "공원":100,
            "혐오시설":0,
            "인프라총점":95.0,
            "초등학군":86.78,
            "중학군":48.64,
            "학군총점":56.268,
            "인구수":27.69,
            "인구증감":-24.61,
            "인구총점":12.0,
            "일자리":4.3,
            "소득수준":62.4,
            "일자리총점":21.73,
            "가치 총점":66.3402,
            "매매실거래년":20211002.0,
            "매매실거래가":9700.0,
            "전세실거래년":20210408.0,
            "전세실거래가":8000.0,
            "전세가율":82.47,
            "장기전세가율평균":70.65,
            "전세가율거품지수":-11.82,
            "검색코드":116273,
            "세대수":135.0,
            "준공년월":"2013-07-26",
            "준공년차":10.0,
            "가까운역이름":"안양",
            "가까운역거리":462.75,
            "역세권여부":"역세권",
            "30분이내주요거점역":2,
            "1시간이내주요거점역":11,
            "3km이내백화점수":1,
            "5km이내아울렛몰수":2,
            "1km이내대형먀트수":1,
            "500m이내은행수":7,
            "500m이내병원수":88,
            "5km이내대형병원수":4,
            "500m이내공원수":5,
            "3km이내혐오시설수":0,
            "초등학교학업성취도":86.78,
            "중학교학업성취도":79.6,
            "용적률":414,
            "건폐율":50,
            "Y":37.39911,
            "X":126.918669,
            "rank":6.0,
            "area_info":"7평(24.55)",
            "last_sales":"2021-10-02,9700.0,7평(24.55)"
        },
        {
            "index":206,
            "아파트명":"빌로채",
            "투자타입":"일반",
            "전용면적(m2)":"109.24",
            "전용면적(평)":"33평",
            "법정동주소":"경기도 안양시 만안구 안양동 533-6",
            "도로명주소":"경기도 안양시 만안구 만안로 35",
            "세대수":0,
            "입주년차":60,
            "용적률점수":"--",
            "건폐율점수":"--",
            "세대당주차수":60,
            "난방방식":30,
            "공급면적":"--",
            "전용률":"--",
            "욕실수":100,
            "현관타입":100,
            "주거총점":44.0,
            "지역구공급총점":0.0,
            "역세권":80,
            "30분내 이동가능 거점":60,
            "1시간내 이동가능 거점":100,
            "교통총점":78.0,
            "백화점":100,
            "아울렛몰":80,
            "대형마트":0,
            "은행":100,
            "병원":60,
            "종합병원":100,
            "공원":100,
            "혐오시설":0,
            "인프라총점":77.0,
            "초등학군":83.96,
            "중학군":36.02,
            "학군총점":45.608,
            "인구수":27.69,
            "인구증감":-24.61,
            "인구총점":12.0,
            "일자리":4.3,
            "소득수준":62.4,
            "일자리총점":21.73,
            "가치 총점":66.0412,
            "매매실거래년":20210714.0,
            "매매실거래가":50000.0,
            "전세실거래년":20210408.0,
            "전세실거래가":32000.0,
            "전세가율":64.0,
            "장기전세가율평균":70.65,
            "전세가율거품지수":6.65,
            "검색코드":101211,
            "세대수":153.0,
            "준공년월":"2009-11-30",
            "준공년차":14.0,
            "가까운역이름":"명학",
            "가까운역거리":231.37,
            "역세권여부":"역세권",
            "30분이내주요거점역":3,
            "1시간이내주요거점역":14,
            "3km이내백화점수":1,
            "5km이내아울렛몰수":1,
            "1km이내대형먀트수":0,
            "500m이내은행수":5,
            "500m이내병원수":16,
            "5km이내대형병원수":5,
            "500m이내공원수":4,
            "3km이내혐오시설수":0,
            "초등학교학업성취도":83.96,
            "중학교학업성취도":58.7,
            "용적률":697,
            "건폐율":76,
            "Y":37.386413,
            "X":126.934036,
            "rank":7.0,
            "area_info":"33평(109.24), 33평(109.21)",
            "last_sales":"2021-07-14,50000.0,33평(109.24)"
        },
        {
            "index":289,
            "아파트명":"안양명학역유보라더스마트",
            "투자타입":"일반",
            "전용면적(m2)":"81.66",
            "전용면적(평)":"24평",
            "법정동주소":"경기도 안양시 만안구 안양동 1410",
            "도로명주소":"경기도 안양시 만안구 안양로 96",
            "세대수":0,
            "입주년차":100,
            "용적률점수":"--",
            "건폐율점수":"--",
            "세대당주차수":30,
            "난방방식":30,
            "공급면적":"--",
            "전용률":"--",
            "욕실수":100,
            "현관타입":100,
            "주거총점":47.5,
            "지역구공급총점":0.0,
            "역세권":80,
            "30분내 이동가능 거점":60,
            "1시간내 이동가능 거점":100,
            "교통총점":78.0,
            "백화점":100,
            "아울렛몰":80,
            "대형마트":0,
            "은행":70,
            "병원":60,
            "종합병원":100,
            "공원":100,
            "혐오시설":0,
            "인프라총점":74.0,
            "초등학군":84.77,
            "중학군":36.02,
            "학군총점":45.77,
            "인구수":27.69,
            "인구증감":-24.61,
            "인구총점":12.0,
            "일자리":4.3,
            "소득수준":62.4,
            "일자리총점":21.73,
            "가치 총점":65.8655,
            "매매실거래년":20200404.0,
            "매매실거래가":47523.0,
            "전세실거래년":20220106.0,
            "전세실거래가":43000.0,
            "전세가율":90.48,
            "장기전세가율평균":70.65,
            "전세가율거품지수":-19.83,
            "검색코드":117181,
            "세대수":200.0,
            "준공년월":"2020-01-21",
            "준공년차":3.0,
            "가까운역이름":"명학",
            "가까운역거리":100.78,
            "역세권여부":"역세권",
            "30분이내주요거점역":3,
            "1시간이내주요거점역":13,
            "3km이내백화점수":1,
            "5km이내아울렛몰수":1,
            "1km이내대형먀트수":0,
            "500m이내은행수":4,
            "500m이내병원수":13,
            "5km이내대형병원수":5,
            "500m이내공원수":4,
            "3km이내혐오시설수":0,
            "초등학교학업성취도":84.77,
            "중학교학업성취도":58.7,
            "용적률":499,
            "건폐율":51,
            "Y":37.383935,
            "X":126.934737,
            "rank":8.0,
            "area_info":"24평(81.66), 24평(81.31), 25평(83.57)",
            "last_sales":"2020-04-04,47523.0,24평(81.66)"
        },
        {
            "index":231,
            "아파트명":"서희아리채",
            "투자타입":"일반",
            "전용면적(m2)":"99.09",
            "전용면적(평)":"29평",
            "법정동주소":"경기도 안양시 만안구 안양동 533-22",
            "도로명주소":"경기도 안양시 만안구 문예로52번길 19",
            "세대수":0,
            "입주년차":40,
            "용적률점수":"--",
            "건폐율점수":"--",
            "세대당주차수":60,
            "난방방식":30,
            "공급면적":"--",
            "전용률":"--",
            "욕실수":100,
            "현관타입":100,
            "주거총점":40.0,
            "지역구공급총점":0.0,
            "역세권":80,
            "30분내 이동가능 거점":60,
            "1시간내 이동가능 거점":100,
            "교통총점":78.0,
            "백화점":100,
            "아울렛몰":80,
            "대형마트":0,
            "은행":70,
            "병원":60,
            "종합병원":100,
            "공원":100,
            "혐오시설":0,
            "인프라총점":74.0,
            "초등학군":84.77,
            "중학군":36.02,
            "학군총점":45.77,
            "인구수":27.69,
            "인구증감":-24.61,
            "인구총점":12.0,
            "일자리":4.3,
            "소득수준":62.4,
            "일자리총점":21.73,
            "가치 총점":64.3655,
            "매매실거래년":20211017.0,
            "매매실거래가":53300.0,
            "전세실거래년":20201014.0,
            "전세실거래가":30000.0,
            "전세가율":66.67,
            "장기전세가율평균":70.65,
            "전세가율거품지수":3.98,
            "검색코드":16931,
            "세대수":138.0,
            "준공년월":"2006-06-30",
            "준공년차":17.0,
            "가까운역이름":"명학",
            "가까운역거리":154.34,
            "역세권여부":"역세권",
            "30분이내주요거점역":3,
            "1시간이내주요거점역":14,
            "3km이내백화점수":1,
            "5km이내아울렛몰수":1,
            "1km이내대형먀트수":0,
            "500m이내은행수":4,
            "500m이내병원수":16,
            "5km이내대형병원수":5,
            "500m이내공원수":4,
            "3km이내혐오시설수":0,
            "초등학교학업성취도":84.77,
            "중학교학업성취도":58.7,
            "용적률":583,
            "건폐율":54,
            "Y":37.38548,
            "X":126.93403,
            "rank":9.0,
            "area_info":"29평(99.09), 33평(109.82)",
            "last_sales":"2021-10-17,53300.0,33평(109.82)"
        },
        {
            "index":327,
            "아파트명":"안양역한양수자인리버파크",
            "투자타입":"일반",
            "전용면적(m2)":"79.76",
            "전용면적(평)":"24평",
            "법정동주소":"경기도 안양시 만안구 안양동 1411",
            "도로명주소":"경기도 안양시 만안구 안양천서로 357",
            "세대수":50,
            "입주년차":100,
            "용적률점수":"--",
            "건폐율점수":"--",
            "세대당주차수":30,
            "난방방식":30,
            "공급면적":"--",
            "전용률":"--",
            "욕실수":100,
            "현관타입":100,
            "주거총점":65.0,
            "지역구공급총점":0.0,
            "역세권":80,
            "30분내 이동가능 거점":60,
            "1시간내 이동가능 거점":100,
            "교통총점":78.0,
            "백화점":0,
            "아울렛몰":80,
            "대형마트":80,
            "은행":0,
            "병원":60,
            "종합병원":100,
            "공원":80,
            "혐오시설":0,
            "인프라총점":48.4,
            "초등학군":86.78,
            "중학군":48.64,
            "학군총점":56.268,
            "인구수":27.69,
            "인구증감":-24.61,
            "인구총점":12.0,
            "일자리":4.3,
            "소득수준":62.4,
            "일자리총점":21.73,
            "가치 총점":63.2602,
            "매매실거래년":20211102.0,
            "매매실거래가":74000.0,
            "전세실거래년":20211123.0,
            "전세실거래가":48000.0,
            "전세가율":59.26,
            "장기전세가율평균":70.65,
            "전세가율거품지수":11.39,
            "검색코드":114063,
            "세대수":419.0,
            "준공년월":"2019-01-01",
            "준공년차":4.0,
            "가까운역이름":"안양",
            "가까운역거리":468.05,
            "역세권여부":"역세권",
            "30분이내주요거점역":3,
            "1시간이내주요거점역":11,
            "3km이내백화점수":0,
            "5km이내아울렛몰수":1,
            "1km이내대형먀트수":1,
            "500m이내은행수":1,
            "500m이내병원수":19,
            "5km이내대형병원수":3,
            "500m이내공원수":1,
            "3km이내혐오시설수":0,
            "초등학교학업성취도":86.78,
            "중학교학업성취도":79.6,
            "용적률":296,
            "건폐율":19,
            "Y":37.40543,
            "X":126.920698,
            "rank":10.0,
            "area_info":"24평(79.76), 24평(79.71), 24평(79.61), 24평(80.16), 33평(110.7), 33평(111.4), 33평(112.08), 46평(155.2)",
            "last_sales":"2021-11-02,74000.0,24평(79.61)"
        },
        {
            "index":175,
            "아파트명":"대동아",
            "투자타입":"재건축",
            "전용면적(m2)":"61.95",
            "전용면적(평)":"18평",
            "법정동주소":"경기도 안양시 만안구 안양동 190-11",
            "도로명주소":"경기도 안양시 만안구 전파로 63",
            "세대수":0,
            "입주년차":"--",
            "용적률점수":80,
            "건폐율점수":80,
            "세대당주차수":"--",
            "난방방식":"--",
            "공급면적":50,
            "전용률":60,
            "욕실수":"--",
            "현관타입":"--",
            "주거총점":53.5,
            "지역구공급총점":0.0,
            "역세권":50,
            "30분내 이동가능 거점":20,
            "1시간내 이동가능 거점":100,
            "교통총점":51.0,
            "백화점":100,
            "아울렛몰":80,
            "대형마트":100,
            "은행":0,
            "병원":10,
            "종합병원":100,
            "공원":80,
            "혐오시설":0,
            "인프라총점":76.4,
            "초등학군":83.96,
            "중학군":53.16,
            "학군총점":59.32,
            "인구수":27.69,
            "인구증감":-24.61,
            "인구총점":12.0,
            "일자리":4.3,
            "소득수준":62.4,
            "일자리총점":21.73,
            "가치 총점":60.368,
            "매매실거래년":20220110.0,
            "매매실거래가":20890.0,
            "전세실거래년":20201029.0,
            "전세실거래가":12000.0,
            "전세가율":51.39,
            "장기전세가율평균":70.65,
            "전세가율거품지수":19.26,
            "검색코드":14884,
            "세대수":168.0,
            "준공년월":"1984-06-30",
            "준공년차":39.0,
            "가까운역이름":"명학",
            "가까운역거리":763.19,
            "역세권여부":"준역세권",
            "30분이내주요거점역":1,
            "1시간이내주요거점역":10,
            "3km이내백화점수":1,
            "5km이내아울렛몰수":1,
            "1km이내대형먀트수":3,
            "500m이내은행수":1,
            "500m이내병원수":4,
            "5km이내대형병원수":5,
            "500m이내공원수":1,
            "3km이내혐오시설수":0,
            "초등학교학업성취도":83.96,
            "중학교학업성취도":86.6,
            "용적률":156,
            "건폐율":26,
            "Y":37.390423,
            "X":126.940111,
            "rank":11.0,
            "area_info":"18평(61.95), 19평(64.89)",
            "last_sales":"2022-01-10,20890.0,19평(64.89)"
        },
        {
            "index":197,
            "아파트명":"벽산",
            "투자타입":"재건축",
            "전용면적(m2)":"98.49",
            "전용면적(평)":"29평",
            "법정동주소":"경기도 안양시 만안구 안양동 627-72",
            "도로명주소":"경기도 안양시 만안구 장내로120번길 11",
            "세대수":0,
            "입주년차":"--",
            "용적률점수":0,
            "건폐율점수":80,
            "세대당주차수":"--",
            "난방방식":"--",
            "공급면적":70,
            "전용률":60,
            "욕실수":"--",
            "현관타입":"--",
            "주거총점":22.5,
            "지역구공급총점":0.0,
            "역세권":50,
            "30분내 이동가능 거점":40,
            "1시간내 이동가능 거점":90,
            "교통총점":55.0,
            "백화점":100,
            "아울렛몰":100,
            "대형마트":80,
            "은행":100,
            "병원":100,
            "종합병원":100,
            "공원":100,
            "혐오시설":0,
            "인프라총점":95.0,
            "초등학군":85.53,
            "중학군":42.56,
            "학군총점":51.154,
            "인구수":27.69,
            "인구증감":-24.61,
            "인구총점":12.0,
            "일자리":4.3,
            "소득수준":62.4,
            "일자리총점":21.73,
            "가치 총점":59.9231,
            "매매실거래년":20210602.0,
            "매매실거래가":67500.0,
            "전세실거래년":20210828.0,
            "전세실거래가":35000.0,
            "전세가율":51.85,
            "장기전세가율평균":70.65,
            "전세가율거품지수":18.8,
            "검색코드":2008,
            "세대수":275.0,
            "준공년월":"1985-09-23",
            "준공년차":38.0,
            "가까운역이름":"안양",
            "가까운역거리":594.67,
            "역세권여부":"준역세권",
            "30분이내주요거점역":2,
            "1시간이내주요거점역":9,
            "3km이내백화점수":1,
            "5km이내아울렛몰수":2,
            "1km이내대형먀트수":1,
            "500m이내은행수":6,
            "500m이내병원수":88,
            "5km이내대형병원수":5,
            "500m이내공원수":2,
            "3km이내혐오시설수":0,
            "초등학교학업성취도":85.53,
            "중학교학업성취도":69.6,
            "용적률":228,
            "건폐율":24,
            "Y":37.396279,
            "X":126.922105,
            "rank":12.0,
            "area_info":"29평(98.49), 35평(116.34)",
            "last_sales":"2021-06-02,67500.0,29평(98.49)"
        },
        {
            "index":275,
            "아파트명":"안양KCC스위첸",
            "투자타입":"일반",
            "전용면적(m2)":"83.63",
            "전용면적(평)":"25평",
            "법정동주소":"경기도 안양시 만안구 안양동 433-1",
            "도로명주소":"경기도 안양시 만안구 안양로 178",
            "세대수":0,
            "입주년차":100,
            "용적률점수":"--",
            "건폐율점수":"--",
            "세대당주차수":0,
            "난방방식":30,
            "공급면적":"--",
            "전용률":"--",
            "욕실수":100,
            "현관타입":100,
            "주거총점":43.0,
            "지역구공급총점":0.0,
            "역세권":50,
            "30분내 이동가능 거점":40,
            "1시간내 이동가능 거점":90,
            "교통총점":55.0,
            "백화점":100,
            "아울렛몰":80,
            "대형마트":80,
            "은행":20,
            "병원":60,
            "종합병원":100,
            "공원":100,
            "혐오시설":0,
            "인프라총점":81.0,
            "초등학군":85.53,
            "중학군":42.56,
            "학군총점":51.154,
            "인구수":27.69,
            "인구증감":-24.61,
            "인구총점":12.0,
            "일자리":4.3,
            "소득수준":62.4,
            "일자리총점":21.73,
            "가치 총점":59.8231,
            "매매실거래년":20210816.0,
            "매매실거래가":56403.0,
            "전세실거래년":20211119.0,
            "전세실거래가":50000.0,
            "전세가율":88.65,
            "장기전세가율평균":70.65,
            "전세가율거품지수":-18.0,
            "검색코드":122966,
            "세대수":138.0,
            "준공년월":"2021-07-01",
            "준공년차":2.0,
            "가까운역이름":"명학",
            "가까운역거리":821.39,
            "역세권여부":"준역세권",
            "30분이내주요거점역":2,
            "1시간이내주요거점역":9,
            "3km이내백화점수":1,
            "5km이내아울렛몰수":1,
            "1km이내대형먀트수":1,
            "500m이내은행수":2,
            "500m이내병원수":10,
            "5km이내대형병원수":5,
            "500m이내공원수":4,
            "3km이내혐오시설수":0,
            "초등학교학업성취도":85.53,
            "중학교학업성취도":69.6,
            "용적률":699,
            "건폐율":45,
            "Y":37.390369,
            "X":126.929544,
            "rank":13.0,
            "area_info":"25평(83.63), 25평(84.15)",
            "last_sales":"2021-08-16,56403.0,25평(83.63)"
        },
        {
            "index":279,
            "아파트명":"안양광신프로그레스리버뷰",
            "투자타입":"일반",
            "전용면적(m2)":"70.53",
            "전용면적(평)":"21평",
            "법정동주소":"경기도 안양시 만안구 안양동 190-6번지 일원",
            "도로명주소":"경기도 안양시 만안구 전파로61번길 20",
            "세대수":0,
            "입주년차":100,
            "용적률점수":"--",
            "건폐율점수":"--",
            "세대당주차수":30,
            "난방방식":30,
            "공급면적":"--",
            "전용률":"--",
            "욕실수":50,
            "현관타입":100,
            "주거총점":42.5,
            "지역구공급총점":0.0,
            "역세권":50,
            "30분내 이동가능 거점":20,
            "1시간내 이동가능 거점":100,
            "교통총점":51.0,
            "백화점":100,
            "아울렛몰":80,
            "대형마트":100,
            "은행":20,
            "병원":30,
            "종합병원":100,
            "공원":80,
            "혐오시설":0,
            "인프라총점":80.4,
            "초등학군":83.96,
            "중학군":53.16,
            "학군총점":59.32,
            "인구수":27.69,
            "인구증감":-24.61,
            "인구총점":12.0,
            "일자리":4.3,
            "소득수준":62.4,
            "일자리총점":21.73,
            "가치 총점":59.368,
            "매매실거래년":"18000101",
            "매매실거래가":null,
            "전세실거래년":null,
            "전세실거래가":null,
            "전세가율":null,
            "장기전세가율평균":70.65,
            "전세가율거품지수":null,
            "검색코드":138689,
            "세대수":230.0,
            "준공년월":"2021-06-01",
            "준공년차":2.0,
            "가까운역이름":"명학",
            "가까운역거리":838.83,
            "역세권여부":"준역세권",
            "30분이내주요거점역":1,
            "1시간이내주요거점역":10,
            "3km이내백화점수":1,
            "5km이내아울렛몰수":1,
            "1km이내대형먀트수":3,
            "500m이내은행수":2,
            "500m이내병원수":5,
            "5km이내대형병원수":5,
            "500m이내공원수":1,
            "3km이내혐오시설수":0,
            "초등학교학업성취도":83.96,
            "중학교학업성취도":86.6,
            "용적률":0,
            "건폐율":0,
            "Y":37.391125,
            "X":126.940311,
            "rank":14.0,
            "area_info":"21평(70.53), 24평(81.04), 24평(81.51), 29평(97.91), 34평(113.59)",
            "last_sales":"1800-01-01,nan,21평(70.53)"
        },
        {
            "index":306,
            "아파트명":"안양센트럴헤센",
            "투자타입":"일반",
            "전용면적(m2)":"83.18",
            "전용면적(평)":"25평",
            "법정동주소":"경기도 안양시 만안구 안양동 433-2",
            "도로명주소":"경기도 안양시 만안구 안양로 174",
            "세대수":0,
            "입주년차":100,
            "용적률점수":"--",
            "건폐율점수":"--",
            "세대당주차수":30,
            "난방방식":30,
            "공급면적":"--",
            "전용률":"--",
            "욕실수":100,
            "현관타입":100,
            "주거총점":47.5,
            "지역구공급총점":0.0,
            "역세권":50,
            "30분내 이동가능 거점":40,
            "1시간내 이동가능 거점":90,
            "교통총점":55.0,
            "백화점":100,
            "아울렛몰":80,
            "대형마트":0,
            "은행":70,
            "병원":60,
            "종합병원":100,
            "공원":100,
            "혐오시설":0,
            "인프라총점":74.0,
            "초등학군":85.53,
            "중학군":42.56,
            "학군총점":51.154,
            "인구수":27.69,
            "인구증감":-24.61,
            "인구총점":12.0,
            "일자리":4.3,
            "소득수준":62.4,
            "일자리총점":21.73,
            "가치 총점":58.6231,
            "매매실거래년":20210306.0,
            "매매실거래가":50500.0,
            "전세실거래년":20210904.0,
            "전세실거래가":45000.0,
            "전세가율":109.76,
            "장기전세가율평균":70.65,
            "전세가율거품지수":-39.11,
            "검색코드":120001,
            "세대수":188.0,
            "준공년월":"2020-08-01",
            "준공년차":3.0,
            "가까운역이름":"명학",
            "가까운역거리":761.27,
            "역세권여부":"준역세권",
            "30분이내주요거점역":2,
            "1시간이내주요거점역":9,
            "3km이내백화점수":1,
            "5km이내아울렛몰수":1,
            "1km이내대형먀트수":0,
            "500m이내은행수":3,
            "500m이내병원수":14,
            "5km이내대형병원수":5,
            "500m이내공원수":4,
            "3km이내혐오시설수":0,
            "초등학교학업성취도":85.53,
            "중학교학업성취도":69.6,
            "용적률":0,
            "건폐율":0,
            "Y":37.389797,
            "X":126.929747,
            "rank":15.0,
            "area_info":"25평(83.18), 25평(83.89), 25평(83.82)",
            "last_sales":"2021-03-06,50500.0,25평(83.89)"
        },
        {
            "index":309,
            "아파트명":"안양센트럴헤센2차",
            "투자타입":"일반",
            "전용면적(m2)":"70.05",
            "전용면적(평)":"21평",
            "법정동주소":"경기도 안양시 만안구 안양동 433",
            "도로명주소":"경기도 안양시 만안구 안양로 186",
            "세대수":0,
            "입주년차":100,
            "용적률점수":"--",
            "건폐율점수":"--",
            "세대당주차수":30,
            "난방방식":30,
            "공급면적":"--",
            "전용률":"--",
            "욕실수":50,
            "현관타입":100,
            "주거총점":42.5,
            "지역구공급총점":0.0,
            "역세권":50,
            "30분내 이동가능 거점":40,
            "1시간내 이동가능 거점":80,
            "교통총점":53.0,
            "백화점":100,
            "아울렛몰":80,
            "대형마트":80,
            "은행":0,
            "병원":60,
            "종합병원":100,
            "공원":100,
            "혐오시설":0,
            "인프라총점":79.0,
            "초등학군":85.53,
            "중학군":42.56,
            "학군총점":51.154,
            "인구수":27.69,
            "인구증감":-24.61,
            "인구총점":12.0,
            "일자리":4.3,
            "소득수준":62.4,
            "일자리총점":21.73,
            "가치 총점":58.4231,
            "매매실거래년":20210321.0,
            "매매실거래가":59650.0,
            "전세실거래년":20210622.0,
            "전세실거래가":36000.0,
            "전세가율":87.87,
            "장기전세가율평균":70.65,
            "전세가율거품지수":-17.22,
            "검색코드":121064,
            "세대수":132.0,
            "준공년월":"2021-03-01",
            "준공년차":2.0,
            "가까운역이름":"명학",
            "가까운역거리":873.67,
            "역세권여부":"준역세권",
            "30분이내주요거점역":2,
            "1시간이내주요거점역":8,
            "3km이내백화점수":1,
            "5km이내아울렛몰수":1,
            "1km이내대형먀트수":1,
            "500m이내은행수":1,
            "500m이내병원수":10,
            "5km이내대형병원수":5,
            "500m이내공원수":3,
            "3km이내혐오시설수":0,
            "초등학교학업성취도":85.53,
            "중학교학업성취도":69.6,
            "용적률":0,
            "건폐율":0,
            "Y":37.3907,
            "X":126.929119,
            "rank":16.0,
            "area_info":"21평(70.05), 25평(85.95), 27평(91.44)",
            "last_sales":"2021-03-21,59650.0,27평(91.44)"
        },
        {
            "index":386,
            "아파트명":"한양하이츠빌(도시형)",
            "투자타입":"일반",
            "전용면적(m2)":"22.83",
            "전용면적(평)":"6평",
            "법정동주소":"경기도 안양시 만안구 안양동 815-7",
            "도로명주소":"경기도 안양시 만안구 만안로 264",
            "세대수":0,
            "입주년차":60,
            "용적률점수":"--",
            "건폐율점수":"--",
            "세대당주차수":0,
            "난방방식":30,
            "공급면적":"--",
            "전용률":"--",
            "욕실수":50,
            "현관타입":10,
            "주거총점":21.0,
            "지역구공급총점":0.0,
            "역세권":80,
            "30분내 이동가능 거점":60,
            "1시간내 이동가능 거점":100,
            "교통총점":78.0,
            "백화점":0,
            "아울렛몰":80,
            "대형마트":80,
            "은행":70,
            "병원":80,
            "종합병원":100,
            "공원":80,
            "혐오시설":0,
            "인프라총점":57.4,
            "초등학군":86.78,
            "중학군":48.64,
            "학군총점":56.268,
            "인구수":27.69,
            "인구증감":-24.61,
            "인구총점":12.0,
            "일자리":4.3,
            "소득수준":62.4,
            "일자리총점":21.73,
            "가치 총점":57.1602,
            "매매실거래년":20211231.0,
            "매매실거래가":13000.0,
            "전세실거래년":20211204.0,
            "전세실거래가":13000.0,
            "전세가율":100.0,
            "장기전세가율평균":70.65,
            "전세가율거품지수":-29.35,
            "검색코드":108390,
            "세대수":100.0,
            "준공년월":"2013-11-25",
            "준공년차":10.0,
            "가까운역이름":"안양",
            "가까운역거리":308.48,
            "역세권여부":"역세권",
            "30분이내주요거점역":3,
            "1시간이내주요거점역":14,
            "3km이내백화점수":0,
            "5km이내아울렛몰수":1,
            "1km이내대형먀트수":1,
            "500m이내은행수":3,
            "500m이내병원수":48,
            "5km이내대형병원수":3,
            "500m이내공원수":1,
            "3km이내혐오시설수":0,
            "초등학교학업성취도":86.78,
            "중학교학업성취도":79.6,
            "용적률":445,
            "건폐율":52,
            "Y":37.403617,
            "X":126.920487,
            "rank":17.0,
            "area_info":"6평(22.83), 7평(23.53), 6평(23.09), 7평(24.25)",
            "last_sales":"2021-12-31,13000.0,6평(22.83)"
        },
        {
            "index":244,
            "아파트명":"수리산성원상떼빌1차",
            "투자타입":"일반",
            "전용면적(m2)":"79.82",
            "전용면적(평)":"24평",
            "법정동주소":"경기도 안양시 만안구 안양동 709-16",
            "도로명주소":"경기도 안양시 만안구 장내로 76",
            "세대수":50,
            "입주년차":40,
            "용적률점수":"--",
            "건폐율점수":"--",
            "세대당주차수":30,
            "난방방식":30,
            "공급면적":"--",
            "전용률":"--",
            "욕실수":100,
            "현관타입":100,
            "주거총점":53.0,
            "지역구공급총점":0.0,
            "역세권":50,
            "30분내 이동가능 거점":0,
            "1시간내 이동가능 거점":80,
            "교통총점":41.0,
            "백화점":100,
            "아울렛몰":100,
            "대형마트":80,
            "은행":0,
            "병원":60,
            "종합병원":100,
            "공원":100,
            "혐오시설":0,
            "인프라총점":81.0,
            "초등학군":88.07,
            "중학군":42.56,
            "학군총점":51.662,
            "인구수":27.69,
            "인구증감":-24.61,
            "인구총점":12.0,
            "일자리":4.3,
            "소득수준":62.4,
            "일자리총점":21.73,
            "가치 총점":56.9993,
            "매매실거래년":20211017.0,
            "매매실거래가":66700.0,
            "전세실거래년":20211220.0,
            "전세실거래가":30000.0,
            "전세가율":54.55,
            "장기전세가율평균":70.65,
            "전세가율거품지수":16.1,
            "검색코드":13798,
            "세대수":469.0,
            "준공년월":"2006-12-27",
            "준공년차":17.0,
            "가까운역이름":"안양",
            "가까운역거리":977.79,
            "역세권여부":"준역세권",
            "30분이내주요거점역":0,
            "1시간이내주요거점역":8,
            "3km이내백화점수":1,
            "5km이내아울렛몰수":2,
            "1km이내대형먀트수":1,
            "500m이내은행수":0,
            "500m이내병원수":13,
            "5km이내대형병원수":5,
            "500m이내공원수":3,
            "3km이내혐오시설수":0,
            "초등학교학업성취도":88.07,
            "중학교학업성취도":69.6,
            "용적률":275,
            "건폐율":21,
            "Y":37.393851,
            "X":126.917623,
            "rank":18.0,
            "area_info":"24평(79.82), 32평(108.28), 41평(135.7), 41평(136.15)",
            "last_sales":"2021-10-17,66700.0,32평(108.28)"
        },
        {
            "index":102,
            "아파트명":"석수두산위브",
            "투자타입":"일반",
            "전용면적(m2)":"80.9",
            "전용면적(평)":"24평",
            "법정동주소":"경기도 안양시 만안구 석수동 417-3",
            "도로명주소":"경기도 안양시 만안구 연현로79번길 20",
            "세대수":80,
            "입주년차":60,
            "용적률점수":"--",
            "건폐율점수":"--",
            "세대당주차수":60,
            "난방방식":30,
            "공급면적":"--",
            "전용률":"--",
            "욕실수":100,
            "현관타입":100,
            "주거총점":72.0,
            "지역구공급총점":0.0,
            "역세권":80,
            "30분내 이동가능 거점":40,
            "1시간내 이동가능 거점":90,
            "교통총점":70.0,
            "백화점":0,
            "아울렛몰":80,
            "대형마트":0,
            "은행":0,
            "병원":10,
            "종합병원":100,
            "공원":100,
            "혐오시설":-50,
            "인프라총점":31.0,
            "초등학군":86.19,
            "중학군":50.26,
            "학군총점":57.446,
            "인구수":27.69,
            "인구증감":-24.61,
            "인구총점":12.0,
            "일자리":4.3,
            "소득수준":62.4,
            "일자리총점":21.73,
            "가치 총점":56.8169,
            "매매실거래년":20210922.0,
            "매매실거래가":129000.0,
            "전세실거래년":20211115.0,
            "전세실거래가":14123.0,
            "전세가율":17.33,
            "장기전세가율평균":70.65,
            "전세가율거품지수":53.32,
            "검색코드":8483,
            "세대수":742.0,
            "준공년월":"2010-09-29",
            "준공년차":13.0,
            "가까운역이름":"석수",
            "가까운역거리":227.24,
            "역세권여부":"역세권",
            "30분이내주요거점역":2,
            "1시간이내주요거점역":9,
            "3km이내백화점수":0,
            "5km이내아울렛몰수":1,
            "1km이내대형먀트수":0,
            "500m이내은행수":0,
            "500m이내병원수":4,
            "5km이내대형병원수":2,
            "500m이내공원수":4,
            "3km이내혐오시설수":1,
            "초등학교학업성취도":86.19,
            "중학교학업성취도":82.1,
            "용적률":228,
            "건폐율":21,
            "Y":37.433192,
            "X":126.901215,
            "rank":19.0,
            "area_info":"24평(80.9), 24평(80.2), 24평(81.14), 32평(107.5), 32평(107.17), 47평(157.52), 47평(157.05)",
            "last_sales":"2021-09-22,129000.0,47평(157.52)"
        },
        {
            "index":156,
            "아파트명":"현대",
            "투자타입":"일반",
            "전용면적(m2)":"83.35",
            "전용면적(평)":"25평",
            "법정동주소":"경기도 안양시 만안구 석수동 275-1",
            "도로명주소":"경기도 안양시 만안구 안양로532번길 12",
            "세대수":90,
            "입주년차":20,
            "용적률점수":"--",
            "건폐율점수":"--",
            "세대당주차수":30,
            "난방방식":30,
            "공급면적":"--",
            "전용률":"--",
            "욕실수":50,
            "현관타입":100,
            "주거총점":58.0,
            "지역구공급총점":0.0,
            "역세권":80,
            "30분내 이동가능 거점":60,
            "1시간내 이동가능 거점":100,
            "교통총점":78.0,
            "백화점":0,
            "아울렛몰":80,
            "대형마트":0,
            "은행":0,
            "병원":30,
            "종합병원":100,
            "공원":0,
            "혐오시설":0,
            "인프라총점":31.0,
            "초등학군":82.13,
            "중학군":36.64,
            "학군총점":45.738,
            "인구수":27.69,
            "인구증감":-24.61,
            "인구총점":12.0,
            "일자리":4.3,
            "소득수준":62.4,
            "일자리총점":21.73,
            "가치 총점":55.0607,
            "매매실거래년":20210721.0,
            "매매실거래가":75000.0,
            "전세실거래년":null,
            "전세실거래가":null,
            "전세가율":null,
            "장기전세가율평균":70.65,
            "전세가율거품지수":null,
            "검색코드":2799,
            "세대수":1088.0,
            "준공년월":"1999-11-24",
            "준공년차":24.0,
            "가까운역이름":"관악",
            "가까운역거리":316.84,
            "역세권여부":"역세권",
            "30분이내주요거점역":3,
            "1시간이내주요거점역":15,
            "3km이내백화점수":0,
            "5km이내아울렛몰수":1,
            "1km이내대형먀트수":0,
            "500m이내은행수":1,
            "500m이내병원수":6,
            "5km이내대형병원수":3,
            "500m이내공원수":0,
            "3km이내혐오시설수":0,
            "초등학교학업성취도":82.13,
            "중학교학업성취도":59.8,
            "용적률":376,
            "건폐율":21,
            "Y":37.416433,
            "X":126.908034,
            "rank":20.0,
            "area_info":"25평(83.35), 25평(83.35), 33평(109.77), 33평(110.29), 33평(110.29), 42평(142.1)",
            "last_sales":"2021-07-21,75000.0,42평(142.1)"
        },
        {
            "index":335,
            "아파트명":"안양한승미메이드",
            "투자타입":"일반",
            "전용면적(m2)":"79.47",
            "전용면적(평)":"24평",
            "법정동주소":"경기도 안양시 만안구 안양동 155-2",
            "도로명주소":"경기도 안양시 만안구 태평로60번길 16",
            "세대수":0,
            "입주년차":40,
            "용적률점수":"--",
            "건폐율점수":"--",
            "세대당주차수":0,
            "난방방식":30,
            "공급면적":"--",
            "전용률":"--",
            "욕실수":100,
            "현관타입":100,
            "주거총점":31.0,
            "지역구공급총점":0.0,
            "역세권":50,
            "30분내 이동가능 거점":20,
            "1시간내 이동가능 거점":80,
            "교통총점":47.0,
            "백화점":100,
            "아울렛몰":80,
            "대형마트":100,
            "은행":0,
            "병원":60,
            "종합병원":100,
            "공원":100,
            "혐오시설":0,
            "인프라총점":82.0,
            "초등학군":85.53,
            "중학군":42.56,
            "학군총점":51.154,
            "인구수":27.69,
            "인구증감":-24.61,
            "인구총점":12.0,
            "일자리":4.3,
            "소득수준":62.4,
            "일자리총점":21.73,
            "가치 총점":54.9231,
            "매매실거래년":20211130.0,
            "매매실거래가":55000.0,
            "전세실거래년":20211118.0,
            "전세실거래가":31500.0,
            "전세가율":57.27,
            "장기전세가율평균":70.65,
            "전세가율거품지수":13.38,
            "검색코드":11730,
            "세대수":218.0,
            "준공년월":"2005-03-30",
            "준공년차":18.0,
            "가까운역이름":"안양",
            "가까운역거리":936.05,
            "역세권여부":"준역세권",
            "30분이내주요거점역":1,
            "1시간이내주요거점역":8,
            "3km이내백화점수":1,
            "5km이내아울렛몰수":1,
            "1km이내대형먀트수":2,
            "500m이내은행수":1,
            "500m이내병원수":22,
            "5km이내대형병원수":5,
            "500m이내공원수":4,
            "3km이내혐오시설수":0,
            "초등학교학업성취도":85.53,
            "중학교학업성취도":69.6,
            "용적률":0,
            "건폐율":0,
            "Y":37.395168,
            "X":126.929722,
            "rank":21.0,
            "area_info":"24평(79.47), 32평(107.35), 33평(109.25)",
            "last_sales":"2021-11-30,55000.0,24평(79.47)"
        },
        {
            "index":177,
            "아파트명":"래미안안양메가트리아",
            "투자타입":"일반",
            "전용면적(m2)":"59.69",
            "전용면적(평)":"18평",
            "법정동주소":"경기도 안양시 만안구 안양동 1393",
            "도로명주소":"경기도 안양시 만안구 안양천서로 177",
            "세대수":100,
            "입주년차":80,
            "용적률점수":"--",
            "건폐율점수":"--",
            "세대당주차수":30,
            "난방방식":100,
            "공급면적":"--",
            "전용률":"--",
            "욕실수":100,
            "현관타입":100,
            "주거총점":85.5,
            "지역구공급총점":0.0,
            "역세권":0,
            "30분내 이동가능 거점":0,
            "1시간내 이동가능 거점":70,
            "교통총점":14.0,
            "백화점":100,
            "아울렛몰":80,
            "대형마트":80,
            "은행":0,
            "병원":60,
            "종합병원":100,
            "공원":100,
            "혐오시설":0,
            "인프라총점":79.0,
            "초등학군":83.96,
            "중학군":53.16,
            "학군총점":59.32,
            "인구수":27.69,
            "인구증감":-24.61,
            "인구총점":12.0,
            "일자리":4.3,
            "소득수준":62.4,
            "일자리총점":21.73,
            "가치 총점":54.598,
            "매매실거래년":20210925.0,
            "매매실거래가":153000.0,
            "전세실거래년":20201209.0,
            "전세실거래가":6811.0,
            "전세가율":null,
            "장기전세가율평균":70.65,
            "전세가율거품지수":null,
            "검색코드":112054,
            "세대수":4250.0,
            "준공년월":"2016-11-01",
            "준공년차":7.0,
            "가까운역이름":"명학",
            "가까운역거리":1064.35,
            "역세권여부":"비역세권",
            "30분이내주요거점역":0,
            "1시간이내주요거점역":7,
            "3km이내백화점수":1,
            "5km이내아울렛몰수":1,
            "1km이내대형먀트수":1,
            "500m이내은행수":1,
            "500m이내병원수":18,
            "5km이내대형병원수":5,
            "500m이내공원수":5,
            "3km이내혐오시설수":0,
            "초등학교학업성취도":83.96,
            "중학교학업성취도":86.6,
            "용적률":244,
            "건폐율":16,
            "Y":37.394112,
            "X":126.933588,
            "rank":22.0,
            "area_info":"18평(59.69), 18평(60.04), 22평(75.0), 24평(79.68), 24평(79.93), 24평(79.55), 24평(79.56), 34평(112.95), 34평(112.93), 34평(113.11), 46평(152.98), 46평(152.8), 46평(152.86), 46평(153.22), 56평(186.13), 56평(186.29)",
            "last_sales":"2021-09-25,153000.0,56평(186.29)"
        },
        {
            "index":233,
            "아파트명":"성원",
            "투자타입":"일반",
            "전용면적(m2)":"81.39",
            "전용면적(평)":"24평",
            "법정동주소":"경기도 안양시 만안구 안양동 164-12",
            "도로명주소":"경기도 안양시 만안구 태평로 76",
            "세대수":0,
            "입주년차":0,
            "용적률점수":"--",
            "건폐율점수":"--",
            "세대당주차수":0,
            "난방방식":30,
            "공급면적":"--",
            "전용률":"--",
            "욕실수":50,
            "현관타입":10,
            "주거총점":9.0,
            "지역구공급총점":0.0,
            "역세권":50,
            "30분내 이동가능 거점":40,
            "1시간내 이동가능 거점":80,
            "교통총점":53.0,
            "백화점":100,
            "아울렛몰":80,
            "대형마트":100,
            "은행":20,
            "병원":80,
            "종합병원":100,
            "공원":100,
            "혐오시설":0,
            "인프라총점":86.0,
            "초등학군":85.53,
            "중학군":42.56,
            "학군총점":51.154,
            "인구수":27.69,
            "인구증감":-24.61,
            "인구총점":12.0,
            "일자리":4.3,
            "소득수준":62.4,
            "일자리총점":21.73,
            "가치 총점":53.8231,
            "매매실거래년":20210722.0,
            "매매실거래가":69000.0,
            "전세실거래년":20220105.0,
            "전세실거래가":26000.0,
            "전세가율":65.82,
            "장기전세가율평균":70.65,
            "전세가율거품지수":4.83,
            "검색코드":3897,
            "세대수":130.0,
            "준공년월":"1998-03-18",
            "준공년차":25.0,
            "가까운역이름":"안양",
            "가까운역거리":778.46,
            "역세권여부":"준역세권",
            "30분이내주요거점역":2,
            "1시간이내주요거점역":8,
            "3km이내백화점수":1,
            "5km이내아울렛몰수":1,
            "1km이내대형먀트수":2,
            "500m이내은행수":2,
            "500m이내병원수":34,
            "5km이내대형병원수":5,
            "500m이내공원수":4,
            "3km이내혐오시설수":0,
            "초등학교학업성취도":85.53,
            "중학교학업성취도":69.6,
            "용적률":401,
            "건폐율":28,
            "Y":37.39623,
            "X":126.92854,
            "rank":23.0,
            "area_info":"24평(81.39), 35평(116.47)",
            "last_sales":"2021-07-22,69000.0,35평(116.47)"
        },
        {
            "index":379,
            "아파트명":"한솔",
            "투자타입":"일반",
            "전용면적(m2)":"90.71",
            "전용면적(평)":"27평",
            "법정동주소":"경기도 안양시 만안구 안양동 428-3",
            "도로명주소":"경기도 안양시 만안구 현충로 25",
            "세대수":0,
            "입주년차":20,
            "용적률점수":"--",
            "건폐율점수":"--",
            "세대당주차수":30,
            "난방방식":30,
            "공급면적":"--",
            "전용률":"--",
            "욕실수":100,
            "현관타입":100,
            "주거총점":31.5,
            "지역구공급총점":0.0,
            "역세권":50,
            "30분내 이동가능 거점":20,
            "1시간내 이동가능 거점":60,
            "교통총점":43.0,
            "백화점":100,
            "아울렛몰":80,
            "대형마트":100,
            "은행":0,
            "병원":60,
            "종합병원":100,
            "공원":100,
            "혐오시설":0,
            "인프라총점":82.0,
            "초등학군":85.53,
            "중학군":42.56,
            "학군총점":51.154,
            "인구수":27.69,
            "인구증감":-24.61,
            "인구총점":12.0,
            "일자리":4.3,
            "소득수준":62.4,
            "일자리총점":21.73,
            "가치 총점":53.6231,
            "매매실거래년":20210730.0,
            "매매실거래가":59800.0,
            "전세실거래년":20201205.0,
            "전세실거래가":32500.0,
            "전세가율":91.55,
            "장기전세가율평균":70.65,
            "전세가율거품지수":-20.9,
            "검색코드":11258,
            "세대수":138.0,
            "준공년월":"2000-08-21",
            "준공년차":23.0,
            "가까운역이름":"명학",
            "가까운역거리":999.17,
            "역세권여부":"준역세권",
            "30분이내주요거점역":1,
            "1시간이내주요거점역":6,
            "3km이내백화점수":1,
            "5km이내아울렛몰수":1,
            "1km이내대형먀트수":2,
            "500m이내은행수":1,
            "500m이내병원수":16,
            "5km이내대형병원수":5,
            "500m이내공원수":4,
            "3km이내혐오시설수":0,
            "초등학교학업성취도":85.53,
            "중학교학업성취도":69.6,
            "용적률":308,
            "건폐율":38,
            "Y":37.391916,
            "X":126.928774,
            "rank":24.0,
            "area_info":"27평(90.71), 28평(94.41), 29평(96.86), 31평(103.17), 31평(104.78), 44평(146.92), 49평(165.25)",
            "last_sales":"2021-07-30,59800.0,49평(165.25)"
        },
        {
            "index":300,
            "아파트명":"안양세양청마루",
            "투자타입":"일반",
            "전용면적(m2)":"74.49",
            "전용면적(평)":"22평",
            "법정동주소":"경기도 안양시 만안구 안양동 435-9",
            "도로명주소":"경기도 안양시 만안구 만안로 91",
            "세대수":0,
            "입주년차":40,
            "용적률점수":"--",
            "건폐율점수":"--",
            "세대당주차수":30,
            "난방방식":30,
            "공급면적":"--",
            "전용률":"--",
            "욕실수":50,
            "현관타입":100,
            "주거총점":30.5,
            "지역구공급총점":0.0,
            "역세권":50,
            "30분내 이동가능 거점":20,
            "1시간내 이동가능 거점":80,
            "교통총점":47.0,
            "백화점":100,
            "아울렛몰":80,
            "대형마트":80,
            "은행":20,
            "병원":30,
            "종합병원":100,
            "공원":100,
            "혐오시설":0,
            "인프라총점":78.0,
            "초등학군":83.96,
            "중학군":42.56,
            "학군총점":50.84,
            "인구수":27.69,
            "인구증감":-24.61,
            "인구총점":12.0,
            "일자리":4.3,
            "소득수준":62.4,
            "일자리총점":21.73,
            "가치 총점":53.576,
            "매매실거래년":20211129.0,
            "매매실거래가":29500.0,
            "전세실거래년":20200808.0,
            "전세실거래가":19950.0,
            "전세가율":67.63,
            "장기전세가율평균":70.65,
            "전세가율거품지수":3.02,
            "검색코드":17841,
            "세대수":271.0,
            "준공년월":"2008-11-21",
            "준공년차":15.0,
            "가까운역이름":"명학",
            "가까운역거리":789.04,
            "역세권여부":"준역세권",
            "30분이내주요거점역":1,
            "1시간이내주요거점역":8,
            "3km이내백화점수":1,
            "5km이내아울렛몰수":1,
            "1km이내대형먀트수":1,
            "500m이내은행수":2,
            "500m이내병원수":9,
            "5km이내대형병원수":5,
            "500m이내공원수":4,
            "3km이내혐오시설수":0,
            "초등학교학업성취도":83.96,
            "중학교학업성취도":69.6,
            "용적률":825,
            "건폐율":53,
            "Y":37.391095,
            "X":126.931688,
            "rank":25.0,
            "area_info":"22평(74.49), 23평(76.97), 27평(91.63), 27평(91.44), 28평(94.86), 32평(106.3)",
            "last_sales":"2021-11-29,29500.0,22평(74.49)"
        },
        {
            "index":199,
            "아파트명":"비젼하우스(도시형)",
            "투자타입":"일반",
            "전용면적(m2)":"23.02",
            "전용면적(평)":"6평",
            "법정동주소":"경기도 안양시 만안구 안양동 491-10",
            "도로명주소":"경기도 안양시 만안구 수리산로28번길 3",
            "세대수":0,
            "입주년차":60,
            "용적률점수":"--",
            "건폐율점수":"--",
            "세대당주차수":0,
            "난방방식":30,
            "공급면적":"--",
            "전용률":"--",
            "욕실수":50,
            "현관타입":50,
            "주거총점":25.0,
            "지역구공급총점":0.0,
            "역세권":50,
            "30분내 이동가능 거점":20,
            "1시간내 이동가능 거점":90,
            "교통총점":49.0,
            "백화점":100,
            "아울렛몰":80,
            "대형마트":0,
            "은행":100,
            "병원":60,
            "종합병원":100,
            "공원":100,
            "혐오시설":0,
            "인프라총점":77.0,
            "초등학군":83.96,
            "중학군":48.12,
            "학군총점":55.288,
            "인구수":27.69,
            "인구증감":-24.61,
            "인구총점":12.0,
            "일자리":4.3,
            "소득수준":62.4,
            "일자리총점":21.73,
            "가치 총점":53.5432,
            "매매실거래년":"18000101",
            "매매실거래가":null,
            "전세실거래년":20201227.0,
            "전세실거래가":8000.0,
            "전세가율":null,
            "장기전세가율평균":70.65,
            "전세가율거품지수":null,
            "검색코드":107812,
            "세대수":152.0,
            "준공년월":"2012-06-16",
            "준공년차":11.0,
            "가까운역이름":"명학",
            "가까운역거리":600.82,
            "역세권여부":"준역세권",
            "30분이내주요거점역":1,
            "1시간이내주요거점역":9,
            "3km이내백화점수":1,
            "5km이내아울렛몰수":1,
            "1km이내대형먀트수":0,
            "500m이내은행수":5,
            "500m이내병원수":10,
            "5km이내대형병원수":5,
            "500m이내공원수":4,
            "3km이내혐오시설수":0,
            "초등학교학업성취도":83.96,
            "중학교학업성취도":78.4,
            "용적률":449,
            "건폐율":62,
            "Y":37.387763,
            "X":126.929872,
            "rank":26.0,
            "area_info":"6평(23.02), 7평(25.57), 8평(27.7), 8평(27.19), 8평(28.81), 8평(28.53), 9평(30.62)",
            "last_sales":"1800-01-01,nan,6평(23.02)"
        },
        {
            "index":135,
            "아파트명":"안양석수대주파크빌",
            "투자타입":"일반",
            "전용면적(m2)":"77.82",
            "전용면적(평)":"23평",
            "법정동주소":"경기도 안양시 만안구 석수동 110-20",
            "도로명주소":"경기도 안양시 만안구 경수대로1273번길 55",
            "세대수":0,
            "입주년차":40,
            "용적률점수":"--",
            "건폐율점수":"--",
            "세대당주차수":30,
            "난방방식":30,
            "공급면적":"--",
            "전용률":"--",
            "욕실수":100,
            "현관타입":100,
            "주거총점":35.5,
            "지역구공급총점":0.0,
            "역세권":80,
            "30분내 이동가능 거점":60,
            "1시간내 이동가능 거점":100,
            "교통총점":78.0,
            "백화점":0,
            "아울렛몰":80,
            "대형마트":0,
            "은행":0,
            "병원":30,
            "종합병원":100,
            "공원":100,
            "혐오시설":0,
            "인프라총점":34.0,
            "초등학군":82.13,
            "중학군":50.26,
            "학군총점":56.634,
            "인구수":27.69,
            "인구증감":-24.61,
            "인구총점":12.0,
            "일자리":4.3,
            "소득수준":62.4,
            "일자리총점":21.73,
            "가치 총점":53.0951,
            "매매실거래년":20210925.0,
            "매매실거래가":58000.0,
            "전세실거래년":20210928.0,
            "전세실거래가":30450.0,
            "전세가율":52.5,
            "장기전세가율평균":70.65,
            "전세가율거품지수":18.15,
            "검색코드":11675,
            "세대수":256.0,
            "준공년월":"2005-04-29",
            "준공년차":18.0,
            "가까운역이름":"관악",
            "가까운역거리":127.89,
            "역세권여부":"역세권",
            "30분이내주요거점역":3,
            "1시간이내주요거점역":13,
            "3km이내백화점수":0,
            "5km이내아울렛몰수":1,
            "1km이내대형먀트수":0,
            "500m이내은행수":0,
            "500m이내병원수":5,
            "5km이내대형병원수":3,
            "500m이내공원수":2,
            "3km이내혐오시설수":0,
            "초등학교학업성취도":82.13,
            "중학교학업성취도":82.1,
            "용적률":378,
            "건폐율":24,
            "Y":37.418839,
            "X":126.910067,
            "rank":27.0,
            "area_info":"23평(77.82), 23평(78.11), 32평(107.82), 32평(108.49)",
            "last_sales":"2021-09-25,58000.0,23평(77.82)"
        },
        {
            "index":292,
            "아파트명":"안양미래앰피아",
            "투자타입":"일반",
            "전용면적(m2)":"50.65",
            "전용면적(평)":"15평",
            "법정동주소":"경기도 안양시 만안구 안양동 815-13",
            "도로명주소":"경기도 안양시 만안구 만안로 272",
            "세대수":0,
            "입주년차":20,
            "용적률점수":"--",
            "건폐율점수":"--",
            "세대당주차수":30,
            "난방방식":30,
            "공급면적":"--",
            "전용률":"--",
            "욕실수":50,
            "현관타입":100,
            "주거총점":26.5,
            "지역구공급총점":0.0,
            "역세권":80,
            "30분내 이동가능 거점":20,
            "1시간내 이동가능 거점":100,
            "교통총점":66.0,
            "백화점":0,
            "아울렛몰":80,
            "대형마트":80,
            "은행":20,
            "병원":80,
            "종합병원":100,
            "공원":80,
            "혐오시설":0,
            "인프라총점":52.4,
            "초등학군":86.78,
            "중학군":48.64,
            "학군총점":56.268,
            "인구수":27.69,
            "인구증감":-24.61,
            "인구총점":12.0,
            "일자리":4.3,
            "소득수준":62.4,
            "일자리총점":21.73,
            "가치 총점":52.5602,
            "매매실거래년":20191118.0,
            "매매실거래가":33000.0,
            "전세실거래년":null,
            "전세실거래가":null,
            "전세가율":null,
            "장기전세가율평균":70.65,
            "전세가율거품지수":null,
            "검색코드":11340,
            "세대수":167.0,
            "준공년월":"2003-10-30",
            "준공년차":20.0,
            "가까운역이름":"안양",
            "가까운역거리":374.01,
            "역세권여부":"역세권",
            "30분이내주요거점역":1,
            "1시간이내주요거점역":12,
            "3km이내백화점수":0,
            "5km이내아울렛몰수":1,
            "1km이내대형먀트수":1,
            "500m이내은행수":2,
            "500m이내병원수":40,
            "5km이내대형병원수":3,
            "500m이내공원수":1,
            "3km이내혐오시설수":0,
            "초등학교학업성취도":86.78,
            "중학교학업성취도":79.6,
            "용적률":0,
            "건폐율":78,
            "Y":37.40414,
            "X":126.92011,
            "rank":28.0,
            "area_info":"15평(50.65), 18평(61.36), 23평(79.23), 24평(81.83), 25평(84.9), 30평(101.28), 31평(103.31), 40평(133.99)",
            "last_sales":"2019-11-18,33000.0,40평(133.99)"
        },
        {
            "index":118,
            "아파트명":"석수역푸르지오",
            "투자타입":"일반",
            "전용면적(m2)":"83.02",
            "전용면적(평)":"25평",
            "법정동주소":"경기도 안양시 만안구 석수동 374-5",
            "도로명주소":"경기도 안양시 만안구 삼성산길 8",
            "세대수":50,
            "입주년차":60,
            "용적률점수":"--",
            "건폐율점수":"--",
            "세대당주차수":30,
            "난방방식":30,
            "공급면적":"--",
            "전용률":"--",
            "욕실수":100,
            "현관타입":100,
            "주거총점":57.0,
            "지역구공급총점":0.0,
            "역세권":80,
            "30분내 이동가능 거점":20,
            "1시간내 이동가능 거점":100,
            "교통총점":66.0,
            "백화점":0,
            "아울렛몰":80,
            "대형마트":0,
            "은행":0,
            "병원":10,
            "종합병원":100,
            "공원":100,
            "혐오시설":-50,
            "인프라총점":31.0,
            "초등학군":86.19,
            "중학군":50.26,
            "학군총점":57.446,
            "인구수":27.69,
            "인구증감":-24.61,
            "인구총점":12.0,
            "일자리":4.3,
            "소득수준":62.4,
            "일자리총점":21.73,
            "가치 총점":52.4169,
            "매매실거래년":20210821.0,
            "매매실거래가":68000.0,
            "전세실거래년":20220108.0,
            "전세실거래가":37800.0,
            "전세가율":49.87,
            "장기전세가율평균":70.65,
            "전세가율거품지수":20.78,
            "검색코드":2004,
            "세대수":542.0,
            "준공년월":"2009-06-29",
            "준공년차":14.0,
            "가까운역이름":"석수",
            "가까운역거리":265.21,
            "역세권여부":"역세권",
            "30분이내주요거점역":1,
            "1시간이내주요거점역":10,
            "3km이내백화점수":0,
            "5km이내아울렛몰수":1,
            "1km이내대형먀트수":0,
            "500m이내은행수":0,
            "500m이내병원수":4,
            "5km이내대형병원수":2,
            "500m이내공원수":4,
            "3km이내혐오시설수":1,
            "초등학교학업성취도":86.19,
            "중학교학업성취도":82.1,
            "용적률":229,
            "건폐율":21,
            "Y":37.433476,
            "X":126.904555,
            "rank":29.0,
            "area_info":"25평(83.02), 32평(107.79), 32평(108.85)",
            "last_sales":"2021-08-21,68000.0,32평(108.85)"
        },
        {
            "index":151,
            "아파트명":"한양수자인",
            "투자타입":"일반",
            "전용면적(m2)":"86.21",
            "전용면적(평)":"26평",
            "법정동주소":"경기도 안양시 만안구 석수동 417-1",
            "도로명주소":"경기도 안양시 만안구 연현로 79",
            "세대수":0,
            "입주년차":60,
            "용적률점수":"--",
            "건폐율점수":"--",
            "세대당주차수":30,
            "난방방식":30,
            "공급면적":"--",
            "전용률":"--",
            "욕실수":100,
            "현관타입":100,
            "주거총점":39.5,
            "지역구공급총점":0.0,
            "역세권":80,
            "30분내 이동가능 거점":40,
            "1시간내 이동가능 거점":100,
            "교통총점":72.0,
            "백화점":0,
            "아울렛몰":80,
            "대형마트":0,
            "은행":0,
            "병원":30,
            "종합병원":100,
            "공원":100,
            "혐오시설":-50,
            "인프라총점":33.0,
            "초등학군":86.19,
            "중학군":50.26,
            "학군총점":57.446,
            "인구수":27.69,
            "인구증감":-24.61,
            "인구총점":12.0,
            "일자리":4.3,
            "소득수준":62.4,
            "일자리총점":21.73,
            "가치 총점":51.6169,
            "매매실거래년":20210717.0,
            "매매실거래가":79000.0,
            "전세실거래년":20210915.0,
            "전세실거래가":53000.0,
            "전세가율":81.54,
            "장기전세가율평균":70.65,
            "전세가율거품지수":-10.89,
            "검색코드":100190,
            "세대수":126.0,
            "준공년월":"2009-03-25",
            "준공년차":14.0,
            "가까운역이름":"석수",
            "가까운역거리":442.38,
            "역세권여부":"역세권",
            "30분이내주요거점역":2,
            "1시간이내주요거점역":14,
            "3km이내백화점수":0,
            "5km이내아울렛몰수":1,
            "1km이내대형먀트수":0,
            "500m이내은행수":0,
            "500m이내병원수":5,
            "5km이내대형병원수":2,
            "500m이내공원수":3,
            "3km이내혐오시설수":1,
            "초등학교학업성취도":86.19,
            "중학교학업성취도":82.1,
            "용적률":229,
            "건폐율":21,
            "Y":37.431097,
            "X":126.901697,
            "rank":30.0,
            "area_info":"26평(86.21), 33평(112.03), 34평(113.13), 34평(113.97), 34평(114.07)",
            "last_sales":"2021-07-17,79000.0,34평(113.97)"
        },
        {
            "index":215,
            "아파트명":"삼익",
            "투자타입":"재건축",
            "전용면적(m2)":"59.53",
            "전용면적(평)":"18평",
            "법정동주소":"경기도 안양시 만안구 안양동 436-1",
            "도로명주소":"경기도 안양시 만안구 만안로91번길 13",
            "세대수":0,
            "입주년차":"--",
            "용적률점수":0,
            "건폐율점수":80,
            "세대당주차수":"--",
            "난방방식":"--",
            "공급면적":50,
            "전용률":100,
            "욕실수":"--",
            "현관타입":"--",
            "주거총점":23.5,
            "지역구공급총점":0.0,
            "역세권":50,
            "30분내 이동가능 거점":0,
            "1시간내 이동가능 거점":80,
            "교통총점":41.0,
            "백화점":100,
            "아울렛몰":80,
            "대형마트":80,
            "은행":70,
            "병원":30,
            "종합병원":100,
            "공원":100,
            "혐오시설":0,
            "인프라총점":83.0,
            "초등학군":83.96,
            "중학군":42.56,
            "학군총점":50.84,
            "인구수":27.69,
            "인구증감":-24.61,
            "인구총점":12.0,
            "일자리":4.3,
            "소득수준":62.4,
            "일자리총점":21.73,
            "가치 총점":51.576,
            "매매실거래년":20200430.0,
            "매매실거래가":27000.0,
            "전세실거래년":20211227.0,
            "전세실거래가":10000.0,
            "전세가율":57.8,
            "장기전세가율평균":70.65,
            "전세가율거품지수":12.85,
            "검색코드":2010,
            "세대수":132.0,
            "준공년월":"1978-11-07",
            "준공년차":45.0,
            "가까운역이름":"명학",
            "가까운역거리":754.17,
            "역세권여부":"준역세권",
            "30분이내주요거점역":0,
            "1시간이내주요거점역":8,
            "3km이내백화점수":1,
            "5km이내아울렛몰수":1,
            "1km이내대형먀트수":1,
            "500m이내은행수":3,
            "500m이내병원수":9,
            "5km이내대형병원수":5,
            "500m이내공원수":4,
            "3km이내혐오시설수":0,
            "초등학교학업성취도":83.96,
            "중학교학업성취도":69.6,
            "용적률":260,
            "건폐율":28,
            "Y":37.39078,
            "X":126.931772,
            "rank":31.0,
            "area_info":"18평(59.53), 18평(60.16), 25평(83.31), 25평(84.3), 25평(84.53), 27평(89.88), 27평(90.21), 32평(108.66), 34평(113.16), 34평(114.38), 34평(115.24), 37평(122.73), 37평(122.47)",
            "last_sales":"2020-04-30,27000.0,34평(115.24)"
        },
        {
            "index":146,
            "아파트명":"주공그린빌",
            "투자타입":"일반",
            "전용면적(m2)":"75.7",
            "전용면적(평)":"22평",
            "법정동주소":"경기도 안양시 만안구 석수동 805",
            "도로명주소":"경기도 안양시 만안구 삼막로 12",
            "세대수":50,
            "입주년차":20,
            "용적률점수":"--",
            "건폐율점수":"--",
            "세대당주차수":0,
            "난방방식":30,
            "공급면적":"--",
            "전용률":"--",
            "욕실수":50,
            "현관타입":10,
            "주거총점":30.5,
            "지역구공급총점":0.0,
            "역세권":80,
            "30분내 이동가능 거점":60,
            "1시간내 이동가능 거점":100,
            "교통총점":78.0,
            "백화점":0,
            "아울렛몰":80,
            "대형마트":0,
            "은행":0,
            "병원":10,
            "종합병원":100,
            "공원":100,
            "혐오시설":0,
            "인프라총점":32.0,
            "초등학군":82.13,
            "중학군":50.26,
            "학군총점":56.634,
            "인구수":27.69,
            "인구증감":-24.61,
            "인구총점":12.0,
            "일자리":4.3,
            "소득수준":62.4,
            "일자리총점":21.73,
            "가치 총점":51.4951,
            "매매실거래년":20211127.0,
            "매매실거래가":68000.0,
            "전세실거래년":20211227.0,
            "전세실거래가":29900.0,
            "전세가율":52.09,
            "장기전세가율평균":70.65,
            "전세가율거품지수":18.56,
            "검색코드":8390,
            "세대수":543.0,
            "준공년월":"2003-09-06",
            "준공년차":20.0,
            "가까운역이름":"관악",
            "가까운역거리":226.5,
            "역세권여부":"역세권",
            "30분이내주요거점역":3,
            "1시간이내주요거점역":16,
            "3km이내백화점수":0,
            "5km이내아울렛몰수":1,
            "1km이내대형먀트수":0,
            "500m이내은행수":0,
            "500m이내병원수":2,
            "5km이내대형병원수":2,
            "500m이내공원수":2,
            "3km이내혐오시설수":0,
            "초등학교학업성취도":82.13,
            "중학교학업성취도":82.1,
            "용적률":208,
            "건폐율":22,
            "Y":37.420957,
            "X":126.91007,
            "rank":32.0,
            "area_info":"22평(75.7), 23평(78.13), 31평(105.0), 32평(108.28), 42평(140.92)",
            "last_sales":"2021-11-27,68000.0,23평(78.13)"
        },
        {
            "index":131,
            "아파트명":"석수현진에버빌",
            "투자타입":"일반",
            "전용면적(m2)":"79.34",
            "전용면적(평)":"24평",
            "법정동주소":"경기도 안양시 만안구 석수동 413-2",
            "도로명주소":"경기도 안양시 만안구 연현로 75",
            "세대수":0,
            "입주년차":40,
            "용적률점수":"--",
            "건폐율점수":"--",
            "세대당주차수":30,
            "난방방식":30,
            "공급면적":"--",
            "전용률":"--",
            "욕실수":100,
            "현관타입":100,
            "주거총점":35.5,
            "지역구공급총점":0.0,
            "역세권":80,
            "30분내 이동가능 거점":40,
            "1시간내 이동가능 거점":100,
            "교통총점":72.0,
            "백화점":0,
            "아울렛몰":80,
            "대형마트":0,
            "은행":0,
            "병원":30,
            "종합병원":100,
            "공원":100,
            "혐오시설":-50,
            "인프라총점":33.0,
            "초등학군":86.19,
            "중학군":50.26,
            "학군총점":57.446,
            "인구수":27.69,
            "인구증감":-24.61,
            "인구총점":12.0,
            "일자리":4.3,
            "소득수준":62.4,
            "일자리총점":21.73,
            "가치 총점":50.8169,
            "매매실거래년":20210811.0,
            "매매실거래가":67400.0,
            "전세실거래년":20211203.0,
            "전세실거래가":48000.0,
            "전세가율":71.22,
            "장기전세가율평균":70.65,
            "전세가율거품지수":-0.57,
            "검색코드":26206,
            "세대수":154.0,
            "준공년월":"2007-12-14",
            "준공년차":16.0,
            "가까운역이름":"석수",
            "가까운역거리":491.9,
            "역세권여부":"역세권",
            "30분이내주요거점역":2,
            "1시간이내주요거점역":12,
            "3km이내백화점수":0,
            "5km이내아울렛몰수":1,
            "1km이내대형먀트수":0,
            "500m이내은행수":0,
            "500m이내병원수":5,
            "5km이내대형병원수":2,
            "500m이내공원수":4,
            "3km이내혐오시설수":1,
            "초등학교학업성취도":86.19,
            "중학교학업성취도":82.1,
            "용적률":250,
            "건폐율":26,
            "Y":37.430624,
            "X":126.902195,
            "rank":33.0,
            "area_info":"24평(79.34), 24평(79.34), 24평(79.34), 30평(99.18)",
            "last_sales":"2021-08-11,67400.0,24평(79.34)"
        },
        {
            "index":168,
            "아파트명":"냉천현대",
            "투자타입":"일반",
            "전용면적(m2)":"84.31",
            "전용면적(평)":"25평",
            "법정동주소":"경기도 안양시 만안구 안양동 708-9",
            "도로명주소":"경기도 안양시 만안구 삼덕로 57",
            "세대수":30,
            "입주년차":0,
            "용적률점수":"--",
            "건폐율점수":"--",
            "세대당주차수":0,
            "난방방식":30,
            "공급면적":"--",
            "전용률":"--",
            "욕실수":50,
            "현관타입":10,
            "주거총점":19.5,
            "지역구공급총점":0.0,
            "역세권":50,
            "30분내 이동가능 거점":0,
            "1시간내 이동가능 거점":80,
            "교통총점":41.0,
            "백화점":100,
            "아울렛몰":100,
            "대형마트":80,
            "은행":0,
            "병원":60,
            "종합병원":100,
            "공원":100,
            "혐오시설":0,
            "인프라총점":81.0,
            "초등학군":88.07,
            "중학군":42.56,
            "학군총점":51.662,
            "인구수":27.69,
            "인구증감":-24.61,
            "인구총점":12.0,
            "일자리":4.3,
            "소득수준":62.4,
            "일자리총점":21.73,
            "가치 총점":50.2993,
            "매매실거래년":20210824.0,
            "매매실거래가":41000.0,
            "전세실거래년":20211214.0,
            "전세실거래가":27000.0,
            "전세가율":65.85,
            "장기전세가율평균":70.65,
            "전세가율거품지수":4.8,
            "검색코드":2800,
            "세대수":314.0,
            "준공년월":"1997-06-05",
            "준공년차":26.0,
            "가까운역이름":"안양",
            "가까운역거리":964.75,
            "역세권여부":"준역세권",
            "30분이내주요거점역":0,
            "1시간이내주요거점역":8,
            "3km이내백화점수":1,
            "5km이내아울렛몰수":2,
            "1km이내대형먀트수":1,
            "500m이내은행수":1,
            "500m이내병원수":13,
            "5km이내대형병원수":5,
            "500m이내공원수":3,
            "3km이내혐오시설수":0,
            "초등학교학업성취도":88.07,
            "중학교학업성취도":69.6,
            "용적률":331,
            "건폐율":48,
            "Y":37.393458,
            "X":126.919074,
            "rank":34.0,
            "area_info":"25평(84.31), 36평(119.62), 47평(158.01)",
            "last_sales":"2021-08-24,41000.0,25평(84.31)"
        },
        {
            "index":80,
            "아파트명":"무림",
            "투자타입":"재건축",
            "전용면적(m2)":"61.24",
            "전용면적(평)":"18평",
            "법정동주소":"경기도 안양시 만안구 석수동 275-2",
            "도로명주소":"경기도 안양시 만안구 석천로197번길 52",
            "세대수":0,
            "입주년차":"--",
            "용적률점수":80,
            "건폐율점수":80,
            "세대당주차수":"--",
            "난방방식":"--",
            "공급면적":50,
            "전용률":60,
            "욕실수":"--",
            "현관타입":"--",
            "주거총점":53.5,
            "지역구공급총점":0.0,
            "역세권":80,
            "30분내 이동가능 거점":40,
            "1시간내 이동가능 거점":60,
            "교통총점":64.0,
            "백화점":0,
            "아울렛몰":80,
            "대형마트":0,
            "은행":0,
            "병원":60,
            "종합병원":100,
            "공원":0,
            "혐오시설":0,
            "인프라총점":34.0,
            "초등학군":82.13,
            "중학군":36.64,
            "학군총점":45.738,
            "인구수":27.69,
            "인구증감":-24.61,
            "인구총점":12.0,
            "일자리":4.3,
            "소득수준":62.4,
            "일자리총점":21.73,
            "가치 총점":50.1607,
            "매매실거래년":20210118.0,
            "매매실거래가":44500.0,
            "전세실거래년":20210716.0,
            "전세실거래가":20000.0,
            "전세가율":76.92,
            "장기전세가율평균":70.65,
            "전세가율거품지수":-6.27,
            "검색코드":2001,
            "세대수":204.0,
            "준공년월":"1983-07-01",
            "준공년차":40.0,
            "가까운역이름":"관악",
            "가까운역거리":380.74,
            "역세권여부":"역세권",
            "30분이내주요거점역":2,
            "1시간이내주요거점역":6,
            "3km이내백화점수":0,
            "5km이내아울렛몰수":1,
            "1km이내대형먀트수":0,
            "500m이내은행수":1,
            "500m이내병원수":10,
            "5km이내대형병원수":3,
            "500m이내공원수":0,
            "3km이내혐오시설수":0,
            "초등학교학업성취도":82.13,
            "중학교학업성취도":59.8,
            "용적률":152,
            "건폐율":27,
            "Y":37.41586,
            "X":126.909455,
            "rank":35.0,
            "area_info":"18평(61.24), 21평(71.18), 27평(89.36)",
            "last_sales":"2021-01-18,44500.0,27평(89.36)"
        },
        {
            "index":67,
            "아파트명":"관악역이안",
            "투자타입":"일반",
            "전용면적(m2)":"82.34",
            "전용면적(평)":"24평",
            "법정동주소":"경기도 안양시 만안구 석수동 101-16",
            "도로명주소":"경기도 안양시 만안구 경수대로1290번길 15",
            "세대수":0,
            "입주년차":60,
            "용적률점수":"--",
            "건폐율점수":"--",
            "세대당주차수":30,
            "난방방식":30,
            "공급면적":"--",
            "전용률":"--",
            "욕실수":100,
            "현관타입":100,
            "주거총점":39.5,
            "지역구공급총점":0.0,
            "역세권":80,
            "30분내 이동가능 거점":40,
            "1시간내 이동가능 거점":80,
            "교통총점":68.0,
            "백화점":0,
            "아울렛몰":80,
            "대형마트":0,
            "은행":0,
            "병원":10,
            "종합병원":100,
            "공원":100,
            "혐오시설":0,
            "인프라총점":32.0,
            "초등학군":82.13,
            "중학군":50.26,
            "학군총점":56.634,
            "인구수":27.69,
            "인구증감":-24.61,
            "인구총점":12.0,
            "일자리":4.3,
            "소득수준":62.4,
            "일자리총점":21.73,
            "가치 총점":49.7951,
            "매매실거래년":20211212.0,
            "매매실거래가":59800.0,
            "전세실거래년":20210724.0,
            "전세실거래가":30450.0,
            "전세가율":50.92,
            "장기전세가율평균":70.65,
            "전세가율거품지수":19.73,
            "검색코드":100309,
            "세대수":271.0,
            "준공년월":"2010-04-01",
            "준공년차":13.0,
            "가까운역이름":"관악",
            "가까운역거리":434.73,
            "역세권여부":"역세권",
            "30분이내주요거점역":2,
            "1시간이내주요거점역":8,
            "3km이내백화점수":0,
            "5km이내아울렛몰수":1,
            "1km이내대형먀트수":0,
            "500m이내은행수":0,
            "500m이내병원수":2,
            "5km이내대형병원수":2,
            "500m이내공원수":3,
            "3km이내혐오시설수":0,
            "초등학교학업성취도":82.13,
            "중학교학업성취도":82.1,
            "용적률":222,
            "건폐율":24,
            "Y":37.423131,
            "X":126.908344,
            "rank":36.0,
            "area_info":"24평(82.34), 24평(82.25), 31평(105.14), 32평(107.85), 33평(111.66), 34평(115.53), 44평(148.71), 45평(151.13), 46평(153.61)",
            "last_sales":"2021-12-12,59800.0,24평(82.34)"
        },
        {
            "index":83,
            "아파트명":"석수2차e-편한세상",
            "투자타입":"일반",
            "전용면적(m2)":"79.36",
            "전용면적(평)":"24평",
            "법정동주소":"경기도 안양시 만안구 석수동 382",
            "도로명주소":"경기도 안양시 만안구 경수대로1394번길 11",
            "세대수":0,
            "입주년차":40,
            "용적률점수":"--",
            "건폐율점수":"--",
            "세대당주차수":30,
            "난방방식":30,
            "공급면적":"--",
            "전용률":"--",
            "욕실수":100,
            "현관타입":100,
            "주거총점":35.5,
            "지역구공급총점":0.0,
            "역세권":80,
            "30분내 이동가능 거점":40,
            "1시간내 이동가능 거점":90,
            "교통총점":70.0,
            "백화점":0,
            "아울렛몰":80,
            "대형마트":0,
            "은행":0,
            "병원":10,
            "종합병원":100,
            "공원":100,
            "혐오시설":-50,
            "인프라총점":31.0,
            "초등학군":86.19,
            "중학군":50.26,
            "학군총점":57.446,
            "인구수":27.69,
            "인구증감":-24.61,
            "인구총점":12.0,
            "일자리":4.3,
            "소득수준":62.4,
            "일자리총점":21.73,
            "가치 총점":49.5169,
            "매매실거래년":20210118.0,
            "매매실거래가":72900.0,
            "전세실거래년":20210313.0,
            "전세실거래가":42000.0,
            "전세가율":76.36,
            "장기전세가율평균":70.65,
            "전세가율거품지수":-5.71,
            "검색코드":19038,
            "세대수":231.0,
            "준공년월":"2006-01-20",
            "준공년차":17.0,
            "가까운역이름":"석수",
            "가까운역거리":435.8,
            "역세권여부":"역세권",
            "30분이내주요거점역":2,
            "1시간이내주요거점역":9,
            "3km이내백화점수":0,
            "5km이내아울렛몰수":1,
            "1km이내대형먀트수":0,
            "500m이내은행수":0,
            "500m이내병원수":4,
            "5km이내대형병원수":2,
            "500m이내공원수":4,
            "3km이내혐오시설수":1,
            "초등학교학업성취도":86.19,
            "중학교학업성취도":82.1,
            "용적률":222,
            "건폐율":21,
            "Y":37.431658,
            "X":126.904774,
            "rank":37.0,
            "area_info":"24평(79.36), 31평(102.75), 32평(107.68), 33평(109.19)",
            "last_sales":"2021-01-18,72900.0,33평(109.19)"
        },
        {
            "index":97,
            "아파트명":"석수경남아너스빌",
            "투자타입":"일반",
            "전용면적(m2)":"81.41",
            "전용면적(평)":"24평",
            "법정동주소":"경기도 안양시 만안구 석수동 168-4",
            "도로명주소":"경기도 안양시 만안구 경수대로1219번길 8",
            "세대수":80,
            "입주년차":20,
            "용적률점수":"--",
            "건폐율점수":"--",
            "세대당주차수":0,
            "난방방식":30,
            "공급면적":"--",
            "전용률":"--",
            "욕실수":100,
            "현관타입":100,
            "주거총점":55.0,
            "지역구공급총점":0.0,
            "역세권":80,
            "30분내 이동가능 거점":20,
            "1시간내 이동가능 거점":50,
            "교통총점":56.0,
            "백화점":0,
            "아울렛몰":80,
            "대형마트":0,
            "은행":0,
            "병원":30,
            "종합병원":100,
            "공원":80,
            "혐오시설":0,
            "인프라총점":33.4,
            "초등학군":82.13,
            "중학군":36.64,
            "학군총점":45.738,
            "인구수":27.69,
            "인구증감":-24.61,
            "인구총점":12.0,
            "일자리":4.3,
            "소득수준":62.4,
            "일자리총점":21.73,
            "가치 총점":47.4807,
            "매매실거래년":20211001.0,
            "매매실거래가":79000.0,
            "전세실거래년":20220106.0,
            "전세실거래가":29400.0,
            "전세가율":47.04,
            "장기전세가율평균":70.65,
            "전세가율거품지수":23.61,
            "검색코드":25454,
            "세대수":704.0,
            "준공년월":"2002-10-21",
            "준공년차":21.0,
            "가까운역이름":"관악",
            "가까운역거리":338.12,
            "역세권여부":"역세권",
            "30분이내주요거점역":1,
            "1시간이내주요거점역":5,
            "3km이내백화점수":0,
            "5km이내아울렛몰수":1,
            "1km이내대형먀트수":0,
            "500m이내은행수":0,
            "500m이내병원수":6,
            "5km이내대형병원수":3,
            "500m이내공원수":1,
            "3km이내혐오시설수":0,
            "초등학교학업성취도":82.13,
            "중학교학업성취도":59.8,
            "용적률":383,
            "건폐율":26,
            "Y":37.417286,
            "X":126.911648,
            "rank":38.0,
            "area_info":"24평(81.41), 32평(108.83), 33평(109.41), 42평(140.76), 47평(156.37)",
            "last_sales":"2021-10-01,79000.0,47평(156.37)"
        },
        {
            "index":90,
            "아파트명":"석수e-편한세상",
            "투자타입":"일반",
            "전용면적(m2)":"80.2",
            "전용면적(평)":"24평",
            "법정동주소":"경기도 안양시 만안구 석수동 182-2",
            "도로명주소":"경기도 안양시 만안구 경수대로 1193",
            "세대수":100,
            "입주년차":20,
            "용적률점수":"--",
            "건폐율점수":"--",
            "세대당주차수":30,
            "난방방식":30,
            "공급면적":"--",
            "전용률":"--",
            "욕실수":50,
            "현관타입":100,
            "주거총점":61.5,
            "지역구공급총점":0.0,
            "역세권":50,
            "30분내 이동가능 거점":20,
            "1시간내 이동가능 거점":80,
            "교통총점":47.0,
            "백화점":0,
            "아울렛몰":80,
            "대형마트":0,
            "은행":0,
            "병원":60,
            "종합병원":100,
            "공원":0,
            "혐오시설":0,
            "인프라총점":34.0,
            "초등학군":82.13,
            "중학군":48.64,
            "학군총점":55.338,
            "인구수":27.69,
            "인구증감":-24.61,
            "인구총점":12.0,
            "일자리":4.3,
            "소득수준":62.4,
            "일자리총점":21.73,
            "가치 총점":47.2507,
            "매매실거래년":20211214.0,
            "매매실거래가":64500.0,
            "전세실거래년":20211226.0,
            "전세실거래가":35000.0,
            "전세가율":54.26,
            "장기전세가율평균":70.65,
            "전세가율거품지수":16.39,
            "검색코드":3090,
            "세대수":1908.0,
            "준공년월":"2002-05-30",
            "준공년차":21.0,
            "가까운역이름":"관악",
            "가까운역거리":642.0,
            "역세권여부":"준역세권",
            "30분이내주요거점역":1,
            "1시간이내주요거점역":8,
            "3km이내백화점수":0,
            "5km이내아울렛몰수":1,
            "1km이내대형먀트수":0,
            "500m이내은행수":1,
            "500m이내병원수":10,
            "5km이내대형병원수":4,
            "500m이내공원수":0,
            "3km이내혐오시설수":0,
            "초등학교학업성취도":82.13,
            "중학교학업성취도":79.6,
            "용적률":355,
            "건폐율":20,
            "Y":37.414989,
            "X":126.913636,
            "rank":39.0,
            "area_info":"24평(80.2), 24평(80.2), 24평(80.07), 32평(107.35), 32평(107.35), 42평(140.06), 42평(140.06)",
            "last_sales":"2021-12-14,64500.0,24평(80.2)"
        },
        {
            "index":162,
            "아파트명":"힐스테이트석수",
            "투자타입":"일반",
            "전용면적(m2)":"106.36",
            "전용면적(평)":"32평",
            "법정동주소":"경기도 안양시 만안구 석수동 386-1",
            "도로명주소":"경기도 안양시 만안구 경수대로1394번길 12",
            "세대수":0,
            "입주년차":80,
            "용적률점수":"--",
            "건폐율점수":"--",
            "세대당주차수":30,
            "난방방식":30,
            "공급면적":"--",
            "전용률":"--",
            "욕실수":100,
            "현관타입":100,
            "주거총점":43.5,
            "지역구공급총점":0.0,
            "역세권":50,
            "30분내 이동가능 거점":40,
            "1시간내 이동가능 거점":100,
            "교통총점":57.0,
            "백화점":0,
            "아울렛몰":80,
            "대형마트":0,
            "은행":0,
            "병원":30,
            "종합병원":100,
            "공원":100,
            "혐오시설":-50,
            "인프라총점":33.0,
            "초등학군":86.19,
            "중학군":50.26,
            "학군총점":57.446,
            "인구수":27.69,
            "인구증감":-24.61,
            "인구총점":12.0,
            "일자리":4.3,
            "소득수준":62.4,
            "일자리총점":21.73,
            "가치 총점":47.1669,
            "매매실거래년":20211202.0,
            "매매실거래가":93500.0,
            "전세실거래년":20220108.0,
            "전세실거래가":37500.0,
            "전세가율":40.11,
            "장기전세가율평균":70.65,
            "전세가율거품지수":30.54,
            "검색코드":109366,
            "세대수":239.0,
            "준공년월":"2015-07-01",
            "준공년차":8.0,
            "가까운역이름":"석수",
            "가까운역거리":546.85,
            "역세권여부":"준역세권",
            "30분이내주요거점역":2,
            "1시간이내주요거점역":15,
            "3km이내백화점수":0,
            "5km이내아울렛몰수":1,
            "1km이내대형먀트수":0,
            "500m이내은행수":0,
            "500m이내병원수":5,
            "5km이내대형병원수":2,
            "500m이내공원수":4,
            "3km이내혐오시설수":1,
            "초등학교학업성취도":86.19,
            "중학교학업성취도":82.1,
            "용적률":216,
            "건폐율":19,
            "Y":37.430633,
            "X":126.905026,
            "rank":40.0,
            "area_info":"32평(106.36), 32평(106.43), 32평(106.24), 32평(107.46), 32평(107.42), 32평(107.68)",
            "last_sales":"2021-12-02,93500.0,32평(106.36)"
        },
        {
            "index":248,
            "아파트명":"수리산성원상떼빌2차",
            "투자타입":"일반",
            "전용면적(m2)":"80.6",
            "전용면적(평)":"24평",
            "법정동주소":"경기도 안양시 만안구 안양동 708-196",
            "도로명주소":"경기도 안양시 만안구 삼덕로63번길 32",
            "세대수":50,
            "입주년차":40,
            "용적률점수":"--",
            "건폐율점수":"--",
            "세대당주차수":30,
            "난방방식":30,
            "공급면적":"--",
            "전용률":"--",
            "욕실수":100,
            "현관타입":100,
            "주거총점":53.0,
            "지역구공급총점":0.0,
            "역세권":0,
            "30분내 이동가능 거점":0,
            "1시간내 이동가능 거점":70,
            "교통총점":14.0,
            "백화점":100,
            "아울렛몰":100,
            "대형마트":80,
            "은행":0,
            "병원":30,
            "종합병원":100,
            "공원":100,
            "혐오시설":0,
            "인프라총점":78.0,
            "초등학군":88.07,
            "중학군":42.56,
            "학군총점":51.662,
            "인구수":27.69,
            "인구증감":-24.61,
            "인구총점":12.0,
            "일자리":4.3,
            "소득수준":62.4,
            "일자리총점":21.73,
            "가치 총점":46.6493,
            "매매실거래년":20210713.0,
            "매매실거래가":63000.0,
            "전세실거래년":20210903.0,
            "전세실거래가":28000.0,
            "전세가율":57.14,
            "장기전세가율평균":70.65,
            "전세가율거품지수":13.51,
            "검색코드":19039,
            "세대수":436.0,
            "준공년월":"2007-02-13",
            "준공년차":16.0,
            "가까운역이름":"안양",
            "가까운역거리":1048.07,
            "역세권여부":"비역세권",
            "30분이내주요거점역":0,
            "1시간이내주요거점역":7,
            "3km이내백화점수":1,
            "5km이내아울렛몰수":2,
            "1km이내대형먀트수":1,
            "500m이내은행수":0,
            "500m이내병원수":8,
            "5km이내대형병원수":5,
            "500m이내공원수":2,
            "3km이내혐오시설수":0,
            "초등학교학업성취도":88.07,
            "중학교학업성취도":69.6,
            "용적률":235,
            "건폐율":16,
            "Y":37.393033,
            "X":126.917905,
            "rank":41.0,
            "area_info":"24평(80.6), 32평(106.06), 41평(136.18)",
            "last_sales":"2021-07-13,63000.0,41평(136.18)"
        },
        {
            "index":63,
            "아파트명":"경일",
            "투자타입":"재건축",
            "전용면적(m2)":"64.69",
            "전용면적(평)":"19평",
            "법정동주소":"경기도 안양시 만안구 석수동 322-3",
            "도로명주소":"경기도 안양시 만안구 안양로468번길 25-8",
            "세대수":0,
            "입주년차":"--",
            "용적률점수":80,
            "건폐율점수":60,
            "세대당주차수":"--",
            "난방방식":"--",
            "공급면적":50,
            "전용률":60,
            "욕실수":"--",
            "현관타입":"--",
            "주거총점":49.5,
            "지역구공급총점":0.0,
            "역세권":50,
            "30분내 이동가능 거점":20,
            "1시간내 이동가능 거점":90,
            "교통총점":49.0,
            "백화점":0,
            "아울렛몰":80,
            "대형마트":0,
            "은행":0,
            "병원":60,
            "종합병원":100,
            "공원":100,
            "혐오시설":0,
            "인프라총점":37.0,
            "초등학군":85.99,
            "중학군":48.64,
            "학군총점":56.11,
            "인구수":27.69,
            "인구증감":-24.61,
            "인구총점":12.0,
            "일자리":4.3,
            "소득수준":62.4,
            "일자리총점":21.73,
            "가치 총점":46.5665,
            "매매실거래년":20210531.0,
            "매매실거래가":29000.0,
            "전세실거래년":20211015.0,
            "전세실거래가":15000.0,
            "전세가율":51.72,
            "장기전세가율평균":70.65,
            "전세가율거품지수":18.93,
            "검색코드":10108,
            "세대수":110.0,
            "준공년월":"1986-07-22",
            "준공년차":37.0,
            "가까운역이름":"관악",
            "가까운역거리":812.76,
            "역세권여부":"준역세권",
            "30분이내주요거점역":1,
            "1시간이내주요거점역":9,
            "3km이내백화점수":0,
            "5km이내아울렛몰수":1,
            "1km이내대형먀트수":0,
            "500m이내은행수":1,
            "500m이내병원수":16,
            "5km이내대형병원수":4,
            "500m이내공원수":2,
            "3km이내혐오시설수":0,
            "초등학교학업성취도":85.99,
            "중학교학업성취도":79.6,
            "용적률":159,
            "건폐율":33,
            "Y":37.4126,
            "X":126.912575,
            "rank":42.0,
            "area_info":"19평(64.69), 21평(71.02)",
            "last_sales":"2021-05-31,29000.0,19평(64.69)"
        },
        {
            "index":65,
            "아파트명":"관악산현대홈타운",
            "투자타입":"일반",
            "전용면적(m2)":"84.86",
            "전용면적(평)":"25평",
            "법정동주소":"경기도 안양시 만안구 석수동 166",
            "도로명주소":"경기도 안양시 만안구 경수대로1244번길 48",
            "세대수":30,
            "입주년차":20,
            "용적률점수":"--",
            "건폐율점수":"--",
            "세대당주차수":30,
            "난방방식":30,
            "공급면적":"--",
            "전용률":"--",
            "욕실수":100,
            "현관타입":100,
            "주거총점":42.0,
            "지역구공급총점":0.0,
            "역세권":80,
            "30분내 이동가능 거점":20,
            "1시간내 이동가능 거점":50,
            "교통총점":56.0,
            "백화점":0,
            "아울렛몰":80,
            "대형마트":0,
            "은행":0,
            "병원":10,
            "종합병원":100,
            "공원":100,
            "혐오시설":0,
            "인프라총점":32.0,
            "초등학군":82.13,
            "중학군":50.26,
            "학군총점":56.634,
            "인구수":27.69,
            "인구증감":-24.61,
            "인구총점":12.0,
            "일자리":4.3,
            "소득수준":62.4,
            "일자리총점":21.73,
            "가치 총점":46.0951,
            "매매실거래년":20211027.0,
            "매매실거래가":81150.0,
            "전세실거래년":20211117.0,
            "전세실거래가":41000.0,
            "전세가율":67.32,
            "장기전세가율평균":70.65,
            "전세가율거품지수":3.33,
            "검색코드":3088,
            "세대수":376.0,
            "준공년월":"2001-09-17",
            "준공년차":22.0,
            "가까운역이름":"관악",
            "가까운역거리":355.86,
            "역세권여부":"역세권",
            "30분이내주요거점역":1,
            "1시간이내주요거점역":5,
            "3km이내백화점수":0,
            "5km이내아울렛몰수":1,
            "1km이내대형먀트수":0,
            "500m이내은행수":0,
            "500m이내병원수":2,
            "5km이내대형병원수":2,
            "500m이내공원수":2,
            "3km이내혐오시설수":0,
            "초등학교학업성취도":82.13,
            "중학교학업성취도":82.1,
            "용적률":184,
            "건폐율":21,
            "Y":37.420967,
            "X":126.912092,
            "rank":43.0,
            "area_info":"25평(84.86), 35평(116.33)",
            "last_sales":"2021-10-27,81150.0,35평(116.33)"
        },
        {
            "index":228,
            "아파트명":"삼호수정",
            "투자타입":"일반",
            "전용면적(m2)":"79.33",
            "전용면적(평)":"23평",
            "법정동주소":"경기도 안양시 만안구 안양동 377-1",
            "도로명주소":"경기도 안양시 만안구 안양로13번길 11",
            "세대수":0,
            "입주년차":0,
            "용적률점수":"--",
            "건폐율점수":"--",
            "세대당주차수":0,
            "난방방식":30,
            "공급면적":"--",
            "전용률":"--",
            "욕실수":50,
            "현관타입":10,
            "주거총점":9.0,
            "지역구공급총점":0.0,
            "역세권":50,
            "30분내 이동가능 거점":20,
            "1시간내 이동가능 거점":100,
            "교통총점":51.0,
            "백화점":100,
            "아울렛몰":80,
            "대형마트":0,
            "은행":0,
            "병원":0,
            "종합병원":100,
            "공원":100,
            "혐오시설":0,
            "인프라총점":61.0,
            "초등학군":75.9,
            "중학군":48.84,
            "학군총점":54.252,
            "인구수":27.69,
            "인구증감":-24.61,
            "인구총점":12.0,
            "일자리":4.3,
            "소득수준":62.4,
            "일자리총점":21.73,
            "가치 총점":46.0878,
            "매매실거래년":20211002.0,
            "매매실거래가":43000.0,
            "전세실거래년":20211210.0,
            "전세실거래가":20500.0,
            "전세가율":47.67,
            "장기전세가율평균":70.65,
            "전세가율거품지수":22.98,
            "검색코드":8184,
            "세대수":250.0,
            "준공년월":"1996-11-22",
            "준공년차":27.0,
            "가까운역이름":"금정",
            "가까운역거리":582.1,
            "역세권여부":"준역세권",
            "30분이내주요거점역":1,
            "1시간이내주요거점역":12,
            "3km이내백화점수":1,
            "5km이내아울렛몰수":1,
            "1km이내대형먀트수":0,
            "500m이내은행수":0,
            "500m이내병원수":0,
            "5km이내대형병원수":5,
            "500m이내공원수":4,
            "3km이내혐오시설수":0,
            "초등학교학업성취도":75.9,
            "중학교학업성취도":79.6,
            "용적률":275,
            "건폐율":20,
            "Y":37.37671,
            "X":126.94004,
            "rank":44.0,
            "area_info":"23평(79.33), 31평(103.36), 32평(106.36)",
            "last_sales":"2021-10-02,43000.0,23평(79.33)"
        },
        {
            "index":286,
            "아파트명":"안양대우",
            "투자타입":"재건축",
            "전용면적(m2)":"88.25",
            "전용면적(평)":"26평",
            "법정동주소":"경기도 안양시 만안구 안양동 70",
            "도로명주소":"경기도 안양시 만안구 경수대로1001번길 116",
            "세대수":50,
            "입주년차":"--",
            "용적률점수":0,
            "건폐율점수":100,
            "세대당주차수":"--",
            "난방방식":"--",
            "공급면적":70,
            "전용률":80,
            "욕실수":"--",
            "현관타입":"--",
            "주거총점":42.5,
            "지역구공급총점":0.0,
            "역세권":50,
            "30분내 이동가능 거점":40,
            "1시간내 이동가능 거점":100,
            "교통총점":57.0,
            "백화점":0,
            "아울렛몰":80,
            "대형마트":0,
            "은행":0,
            "병원":0,
            "종합병원":100,
            "공원":80,
            "혐오시설":0,
            "인프라총점":30.4,
            "초등학군":86.78,
            "중학군":48.64,
            "학군총점":56.268,
            "인구수":27.69,
            "인구증감":-24.61,
            "인구총점":12.0,
            "일자리":4.3,
            "소득수준":62.4,
            "일자리총점":21.73,
            "가치 총점":46.0102,
            "매매실거래년":20211015.0,
            "매매실거래가":63000.0,
            "전세실거래년":20220112.0,
            "전세실거래가":30000.0,
            "전세가율":56.6,
            "장기전세가율평균":70.65,
            "전세가율거품지수":14.05,
            "검색코드":2015,
            "세대수":498.0,
            "준공년월":"1991-09-20",
            "준공년차":32.0,
            "가까운역이름":"안양",
            "가까운역거리":520.21,
            "역세권여부":"준역세권",
            "30분이내주요거점역":2,
            "1시간이내주요거점역":10,
            "3km이내백화점수":0,
            "5km이내아울렛몰수":1,
            "1km이내대형먀트수":0,
            "500m이내은행수":0,
            "500m이내병원수":0,
            "5km이내대형병원수":3,
            "500m이내공원수":1,
            "3km이내혐오시설수":0,
            "초등학교학업성취도":86.78,
            "중학교학업성취도":79.6,
            "용적률":257,
            "건폐율":19,
            "Y":37.406269,
            "X":126.92273,
            "rank":45.0,
            "area_info":"26평(88.25), 30평(101.26), 30평(101.8)",
            "last_sales":"2021-10-15,63000.0,30평(101.26)"
        },
        {
            "index":87,
            "아파트명":"석수LG빌리지",
            "투자타입":"일반",
            "전용면적(m2)":"78.37",
            "전용면적(평)":"23평",
            "법정동주소":"경기도 안양시 만안구 석수동 484",
            "도로명주소":"경기도 안양시 만안구 연현로79번길 105",
            "세대수":100,
            "입주년차":20,
            "용적률점수":"--",
            "건폐율점수":"--",
            "세대당주차수":30,
            "난방방식":30,
            "공급면적":"--",
            "전용률":"--",
            "욕실수":50,
            "현관타입":100,
            "주거총점":61.5,
            "지역구공급총점":0.0,
            "역세권":50,
            "30분내 이동가능 거점":20,
            "1시간내 이동가능 거점":70,
            "교통총점":45.0,
            "백화점":0,
            "아울렛몰":80,
            "대형마트":0,
            "은행":0,
            "병원":10,
            "종합병원":100,
            "공원":100,
            "혐오시설":-50,
            "인프라총점":31.0,
            "초등학군":86.19,
            "중학군":50.26,
            "학군총점":57.446,
            "인구수":27.69,
            "인구증감":-24.61,
            "인구총점":12.0,
            "일자리":4.3,
            "소득수준":62.4,
            "일자리총점":21.73,
            "가치 총점":45.9669,
            "매매실거래년":20211218.0,
            "매매실거래가":72500.0,
            "전세실거래년":20211113.0,
            "전세실거래가":28000.0,
            "전세가율":38.62,
            "장기전세가율평균":70.65,
            "전세가율거품지수":32.03,
            "검색코드":3089,
            "세대수":1872.0,
            "준공년월":"2001-05-19",
            "준공년차":22.0,
            "가까운역이름":"석수",
            "가까운역거리":680.67,
            "역세권여부":"준역세권",
            "30분이내주요거점역":1,
            "1시간이내주요거점역":7,
            "3km이내백화점수":0,
            "5km이내아울렛몰수":1,
            "1km이내대형먀트수":0,
            "500m이내은행수":0,
            "500m이내병원수":3,
            "5km이내대형병원수":2,
            "500m이내공원수":3,
            "3km이내혐오시설수":1,
            "초등학교학업성취도":86.19,
            "중학교학업성취도":82.1,
            "용적률":184,
            "건폐율":25,
            "Y":37.428968,
            "X":126.901389,
            "rank":46.0,
            "area_info":"23평(78.37), 25평(84.02), 32평(106.11)",
            "last_sales":"2021-12-18,72500.0,23평(78.37)"
        },
        {
            "index":139,
            "아파트명":"안양석수하우스토리",
            "투자타입":"일반",
            "전용면적(m2)":"80.14",
            "전용면적(평)":"24평",
            "법정동주소":"경기도 안양시 만안구 석수동 485-8",
            "도로명주소":"경기도 안양시 만안구 연현로 29",
            "세대수":0,
            "입주년차":60,
            "용적률점수":"--",
            "건폐율점수":"--",
            "세대당주차수":30,
            "난방방식":30,
            "공급면적":"--",
            "전용률":"--",
            "욕실수":100,
            "현관타입":100,
            "주거총점":39.5,
            "지역구공급총점":0.0,
            "역세권":50,
            "30분내 이동가능 거점":40,
            "1시간내 이동가능 거점":100,
            "교통총점":57.0,
            "백화점":0,
            "아울렛몰":80,
            "대형마트":0,
            "은행":0,
            "병원":0,
            "종합병원":100,
            "공원":100,
            "혐오시설":0,
            "인프라총점":31.0,
            "초등학군":86.19,
            "중학군":50.26,
            "학군총점":57.446,
            "인구수":27.69,
            "인구증감":-24.61,
            "인구총점":12.0,
            "일자리":4.3,
            "소득수준":62.4,
            "일자리총점":21.73,
            "가치 총점":45.7669,
            "매매실거래년":20210728.0,
            "매매실거래가":75000.0,
            "전세실거래년":20201204.0,
            "전세실거래가":38000.0,
            "전세가율":71.7,
            "장기전세가율평균":70.65,
            "전세가율거품지수":-1.05,
            "검색코드":8464,
            "세대수":281.0,
            "준공년월":"2011-10-27",
            "준공년차":12.0,
            "가까운역이름":"관악",
            "가까운역거리":939.73,
            "역세권여부":"준역세권",
            "30분이내주요거점역":2,
            "1시간이내주요거점역":10,
            "3km이내백화점수":0,
            "5km이내아울렛몰수":1,
            "1km이내대형먀트수":0,
            "500m이내은행수":0,
            "500m이내병원수":1,
            "5km이내대형병원수":2,
            "500m이내공원수":2,
            "3km이내혐오시설수":0,
            "초등학교학업성취도":86.19,
            "중학교학업성취도":82.1,
            "용적률":253,
            "건폐율":22,
            "Y":37.426517,
            "X":126.903312,
            "rank":47.0,
            "area_info":"24평(80.14), 27평(90.62), 29평(97.55), 32평(107.7)",
            "last_sales":"2021-07-28,75000.0,32평(107.7)"
        },
        {
            "index":348,
            "아파트명":"이너스내안에",
            "투자타입":"일반",
            "전용면적(m2)":"77.87",
            "전용면적(평)":"23평",
            "법정동주소":"경기도 안양시 만안구 안양동 845-7",
            "도로명주소":"경기도 안양시 만안구 안양로384번길 35",
            "세대수":0,
            "입주년차":40,
            "용적률점수":"--",
            "건폐율점수":"--",
            "세대당주차수":0,
            "난방방식":30,
            "공급면적":"--",
            "전용률":"--",
            "욕실수":100,
            "현관타입":100,
            "주거총점":31.0,
            "지역구공급총점":0.0,
            "역세권":50,
            "30분내 이동가능 거점":40,
            "1시간내 이동가능 거점":100,
            "교통총점":57.0,
            "백화점":0,
            "아울렛몰":80,
            "대형마트":0,
            "은행":0,
            "병원":60,
            "종합병원":100,
            "공원":100,
            "혐오시설":0,
            "인프라총점":37.0,
            "초등학군":85.99,
            "중학군":48.64,
            "학군총점":56.11,
            "인구수":27.69,
            "인구증감":-24.61,
            "인구총점":12.0,
            "일자리":4.3,
            "소득수준":62.4,
            "일자리총점":21.73,
            "가치 총점":45.6665,
            "매매실거래년":20210925.0,
            "매매실거래가":45500.0,
            "전세실거래년":20210116.0,
            "전세실거래가":32000.0,
            "전세가율":70.33,
            "장기전세가율평균":70.65,
            "전세가율거품지수":0.32,
            "검색코드":26846,
            "세대수":131.0,
            "준공년월":"2008-02-12",
            "준공년차":15.0,
            "가까운역이름":"안양",
            "가까운역거리":614.57,
            "역세권여부":"준역세권",
            "30분이내주요거점역":2,
            "1시간이내주요거점역":11,
            "3km이내백화점수":0,
            "5km이내아울렛몰수":1,
            "1km이내대형먀트수":0,
            "500m이내은행수":1,
            "500m이내병원수":19,
            "5km이내대형병원수":3,
            "500m이내공원수":2,
            "3km이내혐오시설수":0,
            "초등학교학업성취도":85.99,
            "중학교학업성취도":79.6,
            "용적률":361,
            "건폐율":23,
            "Y":37.405668,
            "X":126.918175,
            "rank":48.0,
            "area_info":"23평(77.87), 23평(77.44), 32평(109.07), 35평(118.09)",
            "last_sales":"2021-09-25,45500.0,23평(77.87)"
        },
        {
            "index":312,
            "아파트명":"안양씨엘포레자이",
            "투자타입":"일반",
            "전용면적(m2)":"56.53",
            "전용면적(평)":"17평",
            "법정동주소":"경기도 안양시 만안구 안양동 585-2",
            "도로명주소":"경기도 안양시 만안구",
            "세대수":90,
            "입주년차":100,
            "용적률점수":"--",
            "건폐율점수":"--",
            "세대당주차수":30,
            "난방방식":30,
            "공급면적":"--",
            "전용률":"--",
            "욕실수":50,
            "현관타입":100,
            "주거총점":74.0,
            "지역구공급총점":0.0,
            "역세권":0,
            "30분내 이동가능 거점":0,
            "1시간내 이동가능 거점":60,
            "교통총점":12.0,
            "백화점":100,
            "아울렛몰":80,
            "대형마트":0,
            "은행":0,
            "병원":0,
            "종합병원":100,
            "공원":80,
            "혐오시설":0,
            "인프라총점":60.4,
            "초등학군":88.07,
            "중학군":48.12,
            "학군총점":56.11,
            "인구수":27.69,
            "인구증감":-24.61,
            "인구총점":12.0,
            "일자리":4.3,
            "소득수준":62.4,
            "일자리총점":21.73,
            "가치 총점":45.5365,
            "매매실거래년":20211108.0,
            "매매실거래가":90000.0,
            "전세실거래년":null,
            "전세실거래가":null,
            "전세가율":null,
            "장기전세가율평균":70.65,
            "전세가율거품지수":null,
            "검색코드":121645,
            "세대수":1394.0,
            "준공년월":"2021-02-01",
            "준공년차":2.0,
            "가까운역이름":"명학",
            "가까운역거리":1149.88,
            "역세권여부":"비역세권",
            "30분이내주요거점역":0,
            "1시간이내주요거점역":6,
            "3km이내백화점수":1,
            "5km이내아울렛몰수":1,
            "1km이내대형먀트수":0,
            "500m이내은행수":0,
            "500m이내병원수":0,
            "5km이내대형병원수":5,
            "500m이내공원수":1,
            "3km이내혐오시설수":0,
            "초등학교학업성취도":88.07,
            "중학교학업성취도":78.4,
            "용적률":220,
            "건폐율":16,
            "Y":37.387741,
            "X":126.923012,
            "rank":49.0,
            "area_info":"17평(56.53), 19평(64.5), 19평(65.19), 20평(69.23), 20평(69.13), 24평(81.87), 24평(81.45), 24평(81.62), 29평(96.98), 29평(96.61), 29평(96.68), 32평(108.53), 32평(108.43), 32평(108.47), 38평(128.79)",
            "last_sales":"2021-11-08,90000.0,24평(81.87)"
        },
        {
            "index":277,
            "아파트명":"안양경남아너스빌",
            "투자타입":"일반",
            "전용면적(m2)":"78.12",
            "전용면적(평)":"23평",
            "법정동주소":"경기도 안양시 만안구 안양동 78",
            "도로명주소":"경기도 안양시 만안구 태평로 214",
            "세대수":0,
            "입주년차":20,
            "용적률점수":"--",
            "건폐율점수":"--",
            "세대당주차수":0,
            "난방방식":30,
            "공급면적":"--",
            "전용률":"--",
            "욕실수":50,
            "현관타입":100,
            "주거총점":22.0,
            "지역구공급총점":0.0,
            "역세권":50,
            "30분내 이동가능 거점":40,
            "1시간내 이동가능 거점":100,
            "교통총점":57.0,
            "백화점":0,
            "아울렛몰":80,
            "대형마트":0,
            "은행":0,
            "병원":30,
            "종합병원":100,
            "공원":100,
            "혐오시설":0,
            "인프라총점":34.0,
            "초등학군":85.99,
            "중학군":48.64,
            "학군총점":56.11,
            "인구수":27.69,
            "인구증감":-24.61,
            "인구총점":12.0,
            "일자리":4.3,
            "소득수준":62.4,
            "일자리총점":21.73,
            "가치 총점":42.9665,
            "매매실거래년":20211209.0,
            "매매실거래가":49500.0,
            "전세실거래년":20210814.0,
            "전세실거래가":28000.0,
            "전세가율":56.57,
            "장기전세가율평균":70.65,
            "전세가율거품지수":14.08,
            "검색코드":3672,
            "세대수":248.0,
            "준공년월":"2001-11-10",
            "준공년차":22.0,
            "가까운역이름":"안양",
            "가까운역거리":650.87,
            "역세권여부":"준역세권",
            "30분이내주요거점역":2,
            "1시간이내주요거점역":10,
            "3km이내백화점수":0,
            "5km이내아울렛몰수":1,
            "1km이내대형먀트수":0,
            "500m이내은행수":0,
            "500m이내병원수":7,
            "5km이내대형병원수":3,
            "500m이내공원수":2,
            "3km이내혐오시설수":0,
            "초등학교학업성취도":85.99,
            "중학교학업성취도":79.6,
            "용적률":393,
            "건폐율":34,
            "Y":37.40682,
            "X":126.91956,
            "rank":50.0,
            "area_info":"23평(78.12), 33평(110.76)",
            "last_sales":"2021-12-09,49500.0,23평(78.12)"
        },
        {
            "index":239,
            "아파트명":"성원2차",
            "투자타입":"일반",
            "전용면적(m2)":"83.15",
            "전용면적(평)":"25평",
            "법정동주소":"경기도 안양시 만안구 안양동 714-27",
            "도로명주소":"경기도 안양시 만안구 병목안로 61",
            "세대수":0,
            "입주년차":0,
            "용적률점수":"--",
            "건폐율점수":"--",
            "세대당주차수":0,
            "난방방식":30,
            "공급면적":"--",
            "전용률":"--",
            "욕실수":50,
            "현관타입":10,
            "주거총점":9.0,
            "지역구공급총점":0.0,
            "역세권":50,
            "30분내 이동가능 거점":20,
            "1시간내 이동가능 거점":70,
            "교통총점":45.0,
            "백화점":0,
            "아울렛몰":100,
            "대형마트":80,
            "은행":0,
            "병원":60,
            "종합병원":100,
            "공원":100,
            "혐오시설":0,
            "인프라총점":51.0,
            "초등학군":86.67,
            "중학군":42.56,
            "학군총점":51.382,
            "인구수":27.69,
            "인구증감":-24.61,
            "인구총점":12.0,
            "일자리":4.3,
            "소득수준":62.4,
            "일자리총점":21.73,
            "가치 총점":40.5573,
            "매매실거래년":20210816.0,
            "매매실거래가":57800.0,
            "전세실거래년":20210714.0,
            "전세실거래가":30000.0,
            "전세가율":72.46,
            "장기전세가율평균":70.65,
            "전세가율거품지수":-1.81,
            "검색코드":2009,
            "세대수":171.0,
            "준공년월":"1996-12-13",
            "준공년차":27.0,
            "가까운역이름":"안양",
            "가까운역거리":918.88,
            "역세권여부":"준역세권",
            "30분이내주요거점역":1,
            "1시간이내주요거점역":7,
            "3km이내백화점수":0,
            "5km이내아울렛몰수":2,
            "1km이내대형먀트수":1,
            "500m이내은행수":0,
            "500m이내병원수":18,
            "5km이내대형병원수":5,
            "500m이내공원수":2,
            "3km이내혐오시설수":0,
            "초등학교학업성취도":86.67,
            "중학교학업성취도":69.6,
            "용적률":285,
            "건폐율":24,
            "Y":37.39575,
            "X":126.915517,
            "rank":51.0,
            "area_info":"25평(83.15), 32평(108.14)",
            "last_sales":"2021-08-16,57800.0,32평(108.14)"
        },
        {
            "index":208,
            "아파트명":"삼성",
            "투자타입":"일반",
            "전용면적(m2)":"86.22",
            "전용면적(평)":"26평",
            "법정동주소":"경기도 안양시 만안구 안양동 32-1",
            "도로명주소":"경기도 안양시 만안구 예술공원로 59",
            "세대수":30,
            "입주년차":0,
            "용적률점수":"--",
            "건폐율점수":"--",
            "세대당주차수":0,
            "난방방식":30,
            "공급면적":"--",
            "전용률":"--",
            "욕실수":50,
            "현관타입":10,
            "주거총점":19.5,
            "지역구공급총점":0.0,
            "역세권":50,
            "30분내 이동가능 거점":20,
            "1시간내 이동가능 거점":100,
            "교통총점":51.0,
            "백화점":0,
            "아울렛몰":80,
            "대형마트":0,
            "은행":0,
            "병원":30,
            "종합병원":100,
            "공원":100,
            "혐오시설":0,
            "인프라총점":34.0,
            "초등학군":82.13,
            "중학군":48.64,
            "학군총점":55.338,
            "인구수":27.69,
            "인구증감":-24.61,
            "인구총점":12.0,
            "일자리":4.3,
            "소득수준":62.4,
            "일자리총점":21.73,
            "가치 총점":40.2507,
            "매매실거래년":20211116.0,
            "매매실거래가":60000.0,
            "전세실거래년":20210918.0,
            "전세실거래가":39500.0,
            "전세가율":73.49,
            "장기전세가율평균":70.65,
            "전세가율거품지수":-2.84,
            "검색코드":2016,
            "세대수":366.0,
            "준공년월":"1994-12-08",
            "준공년차":29.0,
            "가까운역이름":"관악",
            "가까운역거리":863.95,
            "역세권여부":"준역세권",
            "30분이내주요거점역":1,
            "1시간이내주요거점역":10,
            "3km이내백화점수":0,
            "5km이내아울렛몰수":1,
            "1km이내대형먀트수":0,
            "500m이내은행수":0,
            "500m이내병원수":7,
            "5km이내대형병원수":4,
            "500m이내공원수":2,
            "3km이내혐오시설수":0,
            "초등학교학업성취도":82.13,
            "중학교학업성취도":79.6,
            "용적률":250,
            "건폐율":15,
            "Y":37.413682,
            "X":126.915552,
            "rank":52.0,
            "area_info":"26평(86.22), 32평(108.19), 49평(162.03)",
            "last_sales":"2021-11-16,60000.0,49평(162.03)"
        },
        {
            "index":143,
            "아파트명":"영풍마드레빌",
            "투자타입":"일반",
            "전용면적(m2)":"75.34",
            "전용면적(평)":"22평",
            "법정동주소":"경기도 안양시 만안구 석수동 346-3",
            "도로명주소":"경기도 안양시 만안구 화창로 98",
            "세대수":0,
            "입주년차":20,
            "용적률점수":"--",
            "건폐율점수":"--",
            "세대당주차수":0,
            "난방방식":30,
            "공급면적":"--",
            "전용률":"--",
            "욕실수":100,
            "현관타입":100,
            "주거총점":27.0,
            "지역구공급총점":0.0,
            "역세권":50,
            "30분내 이동가능 거점":20,
            "1시간내 이동가능 거점":100,
            "교통총점":51.0,
            "백화점":0,
            "아울렛몰":80,
            "대형마트":0,
            "은행":0,
            "병원":10,
            "종합병원":100,
            "공원":100,
            "혐오시설":0,
            "인프라총점":32.0,
            "초등학군":94.24,
            "중학군":36.64,
            "학군총점":48.16,
            "인구수":27.69,
            "인구증감":-24.61,
            "인구총점":12.0,
            "일자리":4.3,
            "소득수준":62.4,
            "일자리총점":21.73,
            "가치 총점":40.074,
            "매매실거래년":20211028.0,
            "매매실거래가":43000.0,
            "전세실거래년":20210731.0,
            "전세실거래가":36500.0,
            "전세가율":84.88,
            "장기전세가율평균":70.65,
            "전세가율거품지수":-14.23,
            "검색코드":9380,
            "세대수":206.0,
            "준공년월":"2003-05-30",
            "준공년차":20.0,
            "가까운역이름":"관악",
            "가까운역거리":766.51,
            "역세권여부":"준역세권",
            "30분이내주요거점역":1,
            "1시간이내주요거점역":11,
            "3km이내백화점수":0,
            "5km이내아울렛몰수":1,
            "1km이내대형먀트수":0,
            "500m이내은행수":1,
            "500m이내병원수":4,
            "5km이내대형병원수":3,
            "500m이내공원수":2,
            "3km이내혐오시설수":0,
            "초등학교학업성취도":94.24,
            "중학교학업성취도":59.8,
            "용적률":349,
            "건폐율":26,
            "Y":37.413087,
            "X":126.904773,
            "rank":53.0,
            "area_info":"22평(75.34), 25평(85.03), 31평(103.5)",
            "last_sales":"2021-10-28,43000.0,22평(75.34)"
        },
        {
            "index":40,
            "아파트명":"적성",
            "투자타입":"재건축",
            "전용면적(m2)":"66.15",
            "전용면적(평)":"20평",
            "법정동주소":"경기도 안양시 만안구 박달동 103",
            "도로명주소":"경기도 안양시 만안구 양화로135번길 37",
            "세대수":0,
            "입주년차":"--",
            "용적률점수":80,
            "건폐율점수":80,
            "세대당주차수":"--",
            "난방방식":"--",
            "공급면적":50,
            "전용률":60,
            "욕실수":"--",
            "현관타입":"--",
            "주거총점":53.5,
            "지역구공급총점":0.0,
            "역세권":0,
            "30분내 이동가능 거점":20,
            "1시간내 이동가능 거점":90,
            "교통총점":24.0,
            "백화점":0,
            "아울렛몰":80,
            "대형마트":0,
            "은행":0,
            "병원":60,
            "종합병원":100,
            "공원":100,
            "혐오시설":0,
            "인프라총점":37.0,
            "초등학군":87.3,
            "중학군":48.64,
            "학군총점":56.372,
            "인구수":27.69,
            "인구증감":-24.61,
            "인구총점":12.0,
            "일자리":4.3,
            "소득수준":62.4,
            "일자리총점":21.73,
            "가치 총점":38.6558,
            "매매실거래년":20210726.0,
            "매매실거래가":30000.0,
            "전세실거래년":20211214.0,
            "전세실거래가":17500.0,
            "전세가율":59.32,
            "장기전세가율평균":70.65,
            "전세가율거품지수":11.33,
            "검색코드":2796,
            "세대수":174.0,
            "준공년월":"1984-10-29",
            "준공년차":39.0,
            "가까운역이름":"안양",
            "가까운역거리":1405.02,
            "역세권여부":"비역세권",
            "30분이내주요거점역":1,
            "1시간이내주요거점역":9,
            "3km이내백화점수":0,
            "5km이내아울렛몰수":1,
            "1km이내대형먀트수":0,
            "500m이내은행수":0,
            "500m이내병원수":24,
            "5km이내대형병원수":2,
            "500m이내공원수":5,
            "3km이내혐오시설수":0,
            "초등학교학업성취도":87.3,
            "중학교학업성취도":79.6,
            "용적률":163,
            "건폐율":28,
            "Y":37.4036,
            "X":126.90717,
            "rank":54.0,
            "area_info":"20평(66.15), 20평(69.3), 22평(75.6), 24평(81.9), 26평(88.2)",
            "last_sales":"2021-07-26,30000.0,24평(81.9)"
        },
        {
            "index":235,
            "아파트명":"성원1차",
            "투자타입":"일반",
            "전용면적(m2)":"84.83",
            "전용면적(평)":"25평",
            "법정동주소":"경기도 안양시 만안구 안양동 767",
            "도로명주소":"경기도 안양시 만안구 병목안로 81",
            "세대수":90,
            "입주년차":0,
            "용적률점수":"--",
            "건폐율점수":"--",
            "세대당주차수":0,
            "난방방식":30,
            "공급면적":"--",
            "전용률":"--",
            "욕실수":50,
            "현관타입":10,
            "주거총점":40.5,
            "지역구공급총점":0.0,
            "역세권":0,
            "30분내 이동가능 거점":20,
            "1시간내 이동가능 거점":70,
            "교통총점":20.0,
            "백화점":0,
            "아울렛몰":100,
            "대형마트":80,
            "은행":0,
            "병원":60,
            "종합병원":100,
            "공원":100,
            "혐오시설":0,
            "인프라총점":51.0,
            "초등학군":86.67,
            "중학군":42.56,
            "학군총점":51.382,
            "인구수":27.69,
            "인구증감":-24.61,
            "인구총점":12.0,
            "일자리":4.3,
            "소득수준":62.4,
            "일자리총점":21.73,
            "가치 총점":38.1073,
            "매매실거래년":20211019.0,
            "매매실거래가":50700.0,
            "전세실거래년":20220108.0,
            "전세실거래가":27000.0,
            "전세가율":53.25,
            "장기전세가율평균":70.65,
            "전세가율거품지수":17.4,
            "검색코드":2017,
            "세대수":934.0,
            "준공년월":"1995-11-13",
            "준공년차":28.0,
            "가까운역이름":"안양",
            "가까운역거리":1034.77,
            "역세권여부":"비역세권",
            "30분이내주요거점역":1,
            "1시간이내주요거점역":7,
            "3km이내백화점수":0,
            "5km이내아울렛몰수":2,
            "1km이내대형먀트수":1,
            "500m이내은행수":0,
            "500m이내병원수":12,
            "5km이내대형병원수":5,
            "500m이내공원수":2,
            "3km이내혐오시설수":0,
            "초등학교학업성취도":86.67,
            "중학교학업성취도":69.6,
            "용적률":351,
            "건폐율":26,
            "Y":37.395003,
            "X":126.914602,
            "rank":55.0,
            "area_info":"25평(84.83), 32평(106.77), 38평(128.07), 50평(168.42)",
            "last_sales":"2021-10-19,50700.0,25평(84.83)"
        },
        {
            "index":109,
            "아파트명":"석수아이파크",
            "투자타입":"일반",
            "전용면적(m2)":"83.9",
            "전용면적(평)":"25평",
            "법정동주소":"경기도 안양시 만안구 석수동 794",
            "도로명주소":"경기도 안양시 만안구 충훈로 51",
            "세대수":90,
            "입주년차":60,
            "용적률점수":"--",
            "건폐율점수":"--",
            "세대당주차수":30,
            "난방방식":100,
            "공급면적":"--",
            "전용률":"--",
            "욕실수":100,
            "현관타입":100,
            "주거총점":78.0,
            "지역구공급총점":0.0,
            "역세권":0,
            "30분내 이동가능 거점":0,
            "1시간내 이동가능 거점":60,
            "교통총점":12.0,
            "백화점":0,
            "아울렛몰":80,
            "대형마트":0,
            "은행":0,
            "병원":60,
            "종합병원":100,
            "공원":100,
            "혐오시설":0,
            "인프라총점":37.0,
            "초등학군":90.0,
            "중학군":36.64,
            "학군총점":47.312,
            "인구수":27.69,
            "인구증감":-24.61,
            "인구총점":12.0,
            "일자리":4.3,
            "소득수준":62.4,
            "일자리총점":21.73,
            "가치 총점":37.9968,
            "매매실거래년":20210830.0,
            "매매실거래가":109000.0,
            "전세실거래년":20200417.0,
            "전세실거래가":21895.0,
            "전세가율":null,
            "장기전세가율평균":70.65,
            "전세가율거품지수":null,
            "검색코드":25775,
            "세대수":1134.0,
            "준공년월":"2009-09-30",
            "준공년차":14.0,
            "가까운역이름":"관악",
            "가까운역거리":1494.36,
            "역세권여부":"비역세권",
            "30분이내주요거점역":0,
            "1시간이내주요거점역":6,
            "3km이내백화점수":0,
            "5km이내아울렛몰수":1,
            "1km이내대형먀트수":0,
            "500m이내은행수":0,
            "500m이내병원수":10,
            "5km이내대형병원수":2,
            "500m이내공원수":5,
            "3km이내혐오시설수":0,
            "초등학교학업성취도":90.0,
            "중학교학업성취도":59.8,
            "용적률":285,
            "건폐율":18,
            "Y":37.406714,
            "X":126.90255,
            "rank":56.0,
            "area_info":"25평(83.9), 25평(84.79), 26평(86.04), 33평(111.53), 33평(111.19), 34평(113.9), 35평(117.95), 46평(153.56), 50평(167.6)",
            "last_sales":"2021-08-30,109000.0,50평(167.6)"
        },
        {
            "index":241,
            "아파트명":"성원5차",
            "투자타입":"일반",
            "전용면적(m2)":"89.43",
            "전용면적(평)":"27평",
            "법정동주소":"경기도 안양시 만안구 안양동 618-77",
            "도로명주소":"경기도 안양시 만안구 현충로 102",
            "세대수":0,
            "입주년차":0,
            "용적률점수":"--",
            "건폐율점수":"--",
            "세대당주차수":0,
            "난방방식":30,
            "공급면적":"--",
            "전용률":"--",
            "욕실수":50,
            "현관타입":100,
            "주거총점":18.0,
            "지역구공급총점":0.0,
            "역세권":0,
            "30분내 이동가능 거점":0,
            "1시간내 이동가능 거점":70,
            "교통총점":14.0,
            "백화점":100,
            "아울렛몰":100,
            "대형마트":80,
            "은행":0,
            "병원":0,
            "종합병원":100,
            "공원":0,
            "혐오시설":0,
            "인프라총점":72.0,
            "초등학군":88.07,
            "중학군":42.56,
            "학군총점":51.662,
            "인구수":27.69,
            "인구증감":-24.61,
            "인구총점":12.0,
            "일자리":4.3,
            "소득수준":62.4,
            "일자리총점":21.73,
            "가치 총점":37.8493,
            "매매실거래년":20211120.0,
            "매매실거래가":34000.0,
            "전세실거래년":20210608.0,
            "전세실거래가":14000.0,
            "전세가율":41.18,
            "장기전세가율평균":70.65,
            "전세가율거품지수":29.47,
            "검색코드":2019,
            "세대수":192.0,
            "준공년월":"1997-04-18",
            "준공년차":26.0,
            "가까운역이름":"안양",
            "가까운역거리":1300.58,
            "역세권여부":"비역세권",
            "30분이내주요거점역":0,
            "1시간이내주요거점역":7,
            "3km이내백화점수":1,
            "5km이내아울렛몰수":2,
            "1km이내대형먀트수":1,
            "500m이내은행수":0,
            "500m이내병원수":0,
            "5km이내대형병원수":5,
            "500m이내공원수":0,
            "3km이내혐오시설수":0,
            "초등학교학업성취도":88.07,
            "중학교학업성취도":69.6,
            "용적률":296,
            "건폐율":20,
            "Y":37.390115,
            "X":126.920036,
            "rank":57.0,
            "area_info":"27평(89.43), 32평(107.94), 41평(137.18)",
            "last_sales":"2021-11-20,34000.0,27평(89.43)"
        },
        {
            "index":34,
            "아파트명":"신한",
            "투자타입":"재건축",
            "전용면적(m2)":"77.77",
            "전용면적(평)":"23평",
            "법정동주소":"경기도 안양시 만안구 박달동 111-1",
            "도로명주소":"경기도 안양시 만안구 박달로479번길 31",
            "세대수":30,
            "입주년차":"--",
            "용적률점수":100,
            "건폐율점수":40,
            "세대당주차수":"--",
            "난방방식":"--",
            "공급면적":50,
            "전용률":60,
            "욕실수":"--",
            "현관타입":"--",
            "주거총점":62.5,
            "지역구공급총점":0.0,
            "역세권":0,
            "30분내 이동가능 거점":0,
            "1시간내 이동가능 거점":100,
            "교통총점":20.0,
            "백화점":0,
            "아울렛몰":80,
            "대형마트":0,
            "은행":0,
            "병원":60,
            "종합병원":100,
            "공원":100,
            "혐오시설":0,
            "인프라총점":37.0,
            "초등학군":87.3,
            "중학군":36.64,
            "학군총점":46.772,
            "인구수":27.69,
            "인구증감":-24.61,
            "인구총점":12.0,
            "일자리":4.3,
            "소득수준":62.4,
            "일자리총점":21.73,
            "가치 총점":37.6158,
            "매매실거래년":20210527.0,
            "매매실거래가":47000.0,
            "전세실거래년":20211207.0,
            "전세실거래가":14000.0,
            "전세가율":29.79,
            "장기전세가율평균":70.65,
            "전세가율거품지수":40.86,
            "검색코드":1983,
            "세대수":370.0,
            "준공년월":"1986-05-26",
            "준공년차":37.0,
            "가까운역이름":"안양",
            "가까운역거리":1623.99,
            "역세권여부":"비역세권",
            "30분이내주요거점역":0,
            "1시간이내주요거점역":10,
            "3km이내백화점수":0,
            "5km이내아울렛몰수":1,
            "1km이내대형먀트수":0,
            "500m이내은행수":0,
            "500m이내병원수":16,
            "5km이내대형병원수":2,
            "500m이내공원수":3,
            "3km이내혐오시설수":0,
            "초등학교학업성취도":87.3,
            "중학교학업성취도":59.8,
            "용적률":147,
            "건폐율":39,
            "Y":37.404031,
            "X":126.904747,
            "rank":58.0,
            "area_info":"23평(77.77), 25평(84.51), 28평(94.66)",
            "last_sales":"2021-05-27,47000.0,23평(77.77)"
        },
        {
            "index":121,
            "아파트명":"석수코오롱하늘채",
            "투자타입":"일반",
            "전용면적(m2)":"80.95",
            "전용면적(평)":"24평",
            "법정동주소":"경기도 안양시 만안구 석수동 786",
            "도로명주소":"경기도 안양시 만안구 충훈로 92",
            "세대수":50,
            "입주년차":60,
            "용적률점수":"--",
            "건폐율점수":"--",
            "세대당주차수":60,
            "난방방식":100,
            "공급면적":"--",
            "전용률":"--",
            "욕실수":100,
            "현관타입":100,
            "주거총점":68.5,
            "지역구공급총점":0.0,
            "역세권":0,
            "30분내 이동가능 거점":0,
            "1시간내 이동가능 거점":90,
            "교통총점":18.0,
            "백화점":0,
            "아울렛몰":80,
            "대형마트":0,
            "은행":0,
            "병원":30,
            "종합병원":100,
            "공원":100,
            "혐오시설":0,
            "인프라총점":34.0,
            "초등학군":90.0,
            "중학군":36.64,
            "학군총점":47.312,
            "인구수":27.69,
            "인구증감":-24.61,
            "인구총점":12.0,
            "일자리":4.3,
            "소득수준":62.4,
            "일자리총점":21.73,
            "가치 총점":37.2968,
            "매매실거래년":20210821.0,
            "매매실거래가":85000.0,
            "전세실거래년":null,
            "전세실거래가":null,
            "전세가율":null,
            "장기전세가율평균":70.65,
            "전세가율거품지수":null,
            "검색코드":26541,
            "세대수":553.0,
            "준공년월":"2010-02-12",
            "준공년차":13.0,
            "가까운역이름":"광명",
            "가까운역거리":1451.1,
            "역세권여부":"비역세권",
            "30분이내주요거점역":0,
            "1시간이내주요거점역":9,
            "3km이내백화점수":0,
            "5km이내아울렛몰수":1,
            "1km이내대형먀트수":0,
            "500m이내은행수":0,
            "500m이내병원수":8,
            "5km이내대형병원수":2,
            "500m이내공원수":4,
            "3km이내혐오시설수":0,
            "초등학교학업성취도":90.0,
            "중학교학업성취도":59.8,
            "용적률":254,
            "건폐율":26,
            "Y":37.408798,
            "X":126.898013,
            "rank":59.0,
            "area_info":"24평(80.95), 24평(81.21), 25평(85.03), 32평(106.94), 32평(107.37), 33평(109.48), 44평(147.22), 46평(153.34), 48평(159.38), 49평(162.77)",
            "last_sales":"2021-08-21,85000.0,49평(162.77)"
        },
        {
            "index":342,
            "아파트명":"우성1차",
            "투자타입":"재건축",
            "전용면적(m2)":"55.44",
            "전용면적(평)":"16평",
            "법정동주소":"경기도 안양시 만안구 안양동 735",
            "도로명주소":"경기도 안양시 만안구 능곡로 36",
            "세대수":0,
            "입주년차":"--",
            "용적률점수":80,
            "건폐율점수":60,
            "세대당주차수":"--",
            "난방방식":"--",
            "공급면적":50,
            "전용률":60,
            "욕실수":"--",
            "현관타입":"--",
            "주거총점":49.5,
            "지역구공급총점":0.0,
            "역세권":0,
            "30분내 이동가능 거점":0,
            "1시간내 이동가능 거점":80,
            "교통총점":16.0,
            "백화점":0,
            "아울렛몰":100,
            "대형마트":80,
            "은행":0,
            "병원":30,
            "종합병원":100,
            "공원":0,
            "혐오시설":0,
            "인프라총점":45.0,
            "초등학군":88.07,
            "중학군":38.14,
            "학군총점":48.126,
            "인구수":27.69,
            "인구증감":-24.61,
            "인구총점":12.0,
            "일자리":4.3,
            "소득수준":62.4,
            "일자리총점":21.73,
            "가치 총점":36.2189,
            "매매실거래년":20210720.0,
            "매매실거래가":23000.0,
            "전세실거래년":20211128.0,
            "전세실거래가":12000.0,
            "전세가율":52.17,
            "장기전세가율평균":70.65,
            "전세가율거품지수":18.48,
            "검색코드":8126,
            "세대수":210.0,
            "준공년월":"1988-12-23",
            "준공년차":35.0,
            "가까운역이름":"안양",
            "가까운역거리":1384.14,
            "역세권여부":"비역세권",
            "30분이내주요거점역":0,
            "1시간이내주요거점역":8,
            "3km이내백화점수":0,
            "5km이내아울렛몰수":2,
            "1km이내대형먀트수":1,
            "500m이내은행수":0,
            "500m이내병원수":7,
            "5km이내대형병원수":5,
            "500m이내공원수":0,
            "3km이내혐오시설수":0,
            "초등학교학업성취도":88.07,
            "중학교학업성취도":63.1,
            "용적률":159,
            "건폐율":33,
            "Y":37.391756,
            "X":126.913271,
            "rank":60.0,
            "area_info":"16평(55.44), 21평(71.49), 26평(88.77)",
            "last_sales":"2021-07-20,23000.0,16평(55.44)"
        },
        {
            "index":52,
            "아파트명":"한신휴플러스타운3차",
            "투자타입":"일반",
            "전용면적(m2)":"79.11",
            "전용면적(평)":"23평",
            "법정동주소":"경기도 안양시 만안구 박달동 37",
            "도로명주소":"경기도 안양시 만안구 박달로497번길 57",
            "세대수":30,
            "입주년차":60,
            "용적률점수":"--",
            "건폐율점수":"--",
            "세대당주차수":30,
            "난방방식":30,
            "공급면적":"--",
            "전용률":"--",
            "욕실수":100,
            "현관타입":100,
            "주거총점":50.0,
            "지역구공급총점":0.0,
            "역세권":0,
            "30분내 이동가능 거점":0,
            "1시간내 이동가능 거점":90,
            "교통총점":18.0,
            "백화점":0,
            "아울렛몰":80,
            "대형마트":0,
            "은행":0,
            "병원":60,
            "종합병원":100,
            "공원":100,
            "혐오시설":0,
            "인프라총점":37.0,
            "초등학군":90.0,
            "중학군":48.64,
            "학군총점":56.912,
            "인구수":27.69,
            "인구증감":-24.61,
            "인구총점":12.0,
            "일자리":4.3,
            "소득수준":62.4,
            "일자리총점":21.73,
            "가치 총점":35.9368,
            "매매실거래년":20210813.0,
            "매매실거래가":70000.0,
            "전세실거래년":20211106.0,
            "전세실거래가":31500.0,
            "전세가율":69.23,
            "장기전세가율평균":70.65,
            "전세가율거품지수":1.42,
            "검색코드":101284,
            "세대수":392.0,
            "준공년월":"2009-12-02",
            "준공년차":14.0,
            "가까운역이름":"안양",
            "가까운역거리":1495.76,
            "역세권여부":"비역세권",
            "30분이내주요거점역":0,
            "1시간이내주요거점역":9,
            "3km이내백화점수":0,
            "5km이내아울렛몰수":1,
            "1km이내대형먀트수":0,
            "500m이내은행수":0,
            "500m이내병원수":23,
            "5km이내대형병원수":2,
            "500m이내공원수":3,
            "3km이내혐오시설수":0,
            "초등학교학업성취도":90.0,
            "중학교학업성취도":79.6,
            "용적률":262,
            "건폐율":14,
            "Y":37.404803,
            "X":126.90643,
            "rank":61.0,
            "area_info":"23평(79.11), 23평(79.33), 33평(109.77), 45평(150.82)",
            "last_sales":"2021-08-13,70000.0,45평(150.82)"
        },
        {
            "index":56,
            "아파트명":"한양수자인에듀파크",
            "투자타입":"일반",
            "전용면적(m2)":"80.66",
            "전용면적(평)":"24평",
            "법정동주소":"경기도 안양시 만안구 박달동 939",
            "도로명주소":"경기도 안양시 만안구 충훈로 14",
            "세대수":30,
            "입주년차":80,
            "용적률점수":"--",
            "건폐율점수":"--",
            "세대당주차수":30,
            "난방방식":30,
            "공급면적":"--",
            "전용률":"--",
            "욕실수":100,
            "현관타입":100,
            "주거총점":54.0,
            "지역구공급총점":0.0,
            "역세권":0,
            "30분내 이동가능 거점":0,
            "1시간내 이동가능 거점":100,
            "교통총점":20.0,
            "백화점":0,
            "아울렛몰":80,
            "대형마트":0,
            "은행":0,
            "병원":60,
            "종합병원":100,
            "공원":100,
            "혐오시설":0,
            "인프라총점":37.0,
            "초등학군":87.3,
            "중학군":36.64,
            "학군총점":46.772,
            "인구수":27.69,
            "인구증감":-24.61,
            "인구총점":12.0,
            "일자리":4.3,
            "소득수준":62.4,
            "일자리총점":21.73,
            "가치 총점":35.9158,
            "매매실거래년":20211011.0,
            "매매실거래가":80500.0,
            "전세실거래년":20220112.0,
            "전세실거래가":43000.0,
            "전세가율":65.35,
            "장기전세가율평균":70.65,
            "전세가율거품지수":5.3,
            "검색코드":110665,
            "세대수":348.0,
            "준공년월":"2017-11-15",
            "준공년차":6.0,
            "가까운역이름":"안양",
            "가까운역거리":1670.5,
            "역세권여부":"비역세권",
            "30분이내주요거점역":0,
            "1시간이내주요거점역":10,
            "3km이내백화점수":0,
            "5km이내아울렛몰수":1,
            "1km이내대형먀트수":0,
            "500m이내은행수":0,
            "500m이내병원수":15,
            "5km이내대형병원수":2,
            "500m이내공원수":3,
            "3km이내혐오시설수":0,
            "초등학교학업성취도":87.3,
            "중학교학업성취도":59.8,
            "용적률":231,
            "건폐율":21,
            "Y":37.403229,
            "X":126.904075,
            "rank":62.0,
            "area_info":"24평(80.66), 24평(80.22), 30평(100.84), 34평(113.2), 34평(113.67), 34평(113.06), 34평(114.41)",
            "last_sales":"2021-10-11,80500.0,34평(113.2)"
        },
        {
            "index":45,
            "아파트명":"한라비발디",
            "투자타입":"일반",
            "전용면적(m2)":"81.8",
            "전용면적(평)":"24평",
            "법정동주소":"경기도 안양시 만안구 박달동 114",
            "도로명주소":"경기도 안양시 만안구 박달로 453",
            "세대수":90,
            "입주년차":20,
            "용적률점수":"--",
            "건폐율점수":"--",
            "세대당주차수":30,
            "난방방식":30,
            "공급면적":"--",
            "전용률":"--",
            "욕실수":50,
            "현관타입":100,
            "주거총점":58.0,
            "지역구공급총점":0.0,
            "역세권":0,
            "30분내 이동가능 거점":0,
            "1시간내 이동가능 거점":100,
            "교통총점":20.0,
            "백화점":0,
            "아울렛몰":80,
            "대형마트":0,
            "은행":0,
            "병원":30,
            "종합병원":100,
            "공원":100,
            "혐오시설":0,
            "인프라총점":34.0,
            "초등학군":87.0,
            "중학군":36.64,
            "학군총점":46.712,
            "인구수":27.69,
            "인구증감":-24.61,
            "인구총점":12.0,
            "일자리":4.3,
            "소득수준":62.4,
            "일자리총점":21.73,
            "가치 총점":35.8068,
            "매매실거래년":20211230.0,
            "매매실거래가":70000.0,
            "전세실거래년":20211219.0,
            "전세실거래가":35000.0,
            "전세가율":59.32,
            "장기전세가율평균":70.65,
            "전세가율거품지수":11.33,
            "검색코드":8163,
            "세대수":1385.0,
            "준공년월":"2000-09-27",
            "준공년차":23.0,
            "가까운역이름":"관악",
            "가까운역거리":1831.12,
            "역세권여부":"비역세권",
            "30분이내주요거점역":0,
            "1시간이내주요거점역":10,
            "3km이내백화점수":0,
            "5km이내아울렛몰수":1,
            "1km이내대형먀트수":0,
            "500m이내은행수":0,
            "500m이내병원수":5,
            "5km이내대형병원수":2,
            "500m이내공원수":3,
            "3km이내혐오시설수":0,
            "초등학교학업성취도":87.0,
            "중학교학업성취도":59.8,
            "용적률":374,
            "건폐율":20,
            "Y":37.403602,
            "X":126.902178,
            "rank":63.0,
            "area_info":"24평(81.8), 27평(92.36), 33평(109.95), 50평(165.47), 64평(212.49)",
            "last_sales":"2021-12-30,70000.0,33평(109.95)"
        },
        {
            "index":361,
            "아파트명":"정우",
            "투자타입":"재건축",
            "전용면적(m2)":"68.95",
            "전용면적(평)":"20평",
            "법정동주소":"경기도 안양시 만안구 안양동 911-1",
            "도로명주소":"경기도 안양시 만안구 양화로 53",
            "세대수":30,
            "입주년차":"--",
            "용적률점수":0,
            "건폐율점수":40,
            "세대당주차수":"--",
            "난방방식":"--",
            "공급면적":50,
            "전용률":60,
            "욕실수":"--",
            "현관타입":"--",
            "주거총점":22.5,
            "지역구공급총점":0.0,
            "역세권":0,
            "30분내 이동가능 거점":20,
            "1시간내 이동가능 거점":90,
            "교통총점":24.0,
            "백화점":0,
            "아울렛몰":100,
            "대형마트":80,
            "은행":0,
            "병원":30,
            "종합병원":100,
            "공원":100,
            "혐오시설":0,
            "인프라총점":48.0,
            "초등학군":86.67,
            "중학군":48.64,
            "학군총점":56.246,
            "인구수":27.69,
            "인구증감":-24.61,
            "인구총점":12.0,
            "일자리":4.3,
            "소득수준":62.4,
            "일자리총점":21.73,
            "가치 총점":35.7369,
            "매매실거래년":20211210.0,
            "매매실거래가":33000.0,
            "전세실거래년":20220117.0,
            "전세실거래가":22000.0,
            "전세가율":72.37,
            "장기전세가율평균":70.65,
            "전세가율거품지수":-1.72,
            "검색코드":2018,
            "세대수":351.0,
            "준공년월":"1985-12-11",
            "준공년차":38.0,
            "가까운역이름":"안양",
            "가까운역거리":1005.29,
            "역세권여부":"비역세권",
            "30분이내주요거점역":1,
            "1시간이내주요거점역":9,
            "3km이내백화점수":0,
            "5km이내아울렛몰수":2,
            "1km이내대형먀트수":1,
            "500m이내은행수":0,
            "500m이내병원수":9,
            "5km이내대형병원수":4,
            "500m이내공원수":8,
            "3km이내혐오시설수":0,
            "초등학교학업성취도":86.67,
            "중학교학업성취도":79.6,
            "용적률":253,
            "건폐율":35,
            "Y":37.39819,
            "X":126.91233,
            "rank":64.0,
            "area_info":"20평(68.95), 25평(84.34), 31평(104.39)",
            "last_sales":"2021-12-10,33000.0,25평(84.34)"
        },
        {
            "index":37,
            "아파트명":"우성",
            "투자타입":"재건축",
            "전용면적(m2)":"89.14",
            "전용면적(평)":"26평",
            "법정동주소":"경기도 안양시 만안구 박달동 85",
            "도로명주소":"경기도 안양시 만안구 박달로498번길 28",
            "세대수":90,
            "입주년차":"--",
            "용적률점수":0,
            "건폐율점수":100,
            "세대당주차수":"--",
            "난방방식":"--",
            "공급면적":70,
            "전용률":80,
            "욕실수":"--",
            "현관타입":"--",
            "주거총점":54.5,
            "지역구공급총점":0.0,
            "역세권":0,
            "30분내 이동가능 거점":0,
            "1시간내 이동가능 거점":70,
            "교통총점":14.0,
            "백화점":0,
            "아울렛몰":80,
            "대형마트":0,
            "은행":0,
            "병원":60,
            "종합병원":100,
            "공원":100,
            "혐오시설":0,
            "인프라총점":37.0,
            "초등학군":87.3,
            "중학군":48.64,
            "학군총점":56.372,
            "인구수":27.69,
            "인구증감":-24.61,
            "인구총점":12.0,
            "일자리":4.3,
            "소득수준":62.4,
            "일자리총점":21.73,
            "가치 총점":35.3558,
            "매매실거래년":20211016.0,
            "매매실거래가":55500.0,
            "전세실거래년":20220108.0,
            "전세실거래가":30000.0,
            "전세가율":54.05,
            "장기전세가율평균":70.65,
            "전세가율거품지수":16.6,
            "검색코드":1984,
            "세대수":1020.0,
            "준공년월":"1990-05-29",
            "준공년차":33.0,
            "가까운역이름":"안양",
            "가까운역거리":1317.69,
            "역세권여부":"비역세권",
            "30분이내주요거점역":0,
            "1시간이내주요거점역":7,
            "3km이내백화점수":0,
            "5km이내아울렛몰수":1,
            "1km이내대형먀트수":0,
            "500m이내은행수":0,
            "500m이내병원수":21,
            "5km이내대형병원수":3,
            "500m이내공원수":8,
            "3km이내혐오시설수":0,
            "초등학교학업성취도":87.3,
            "중학교학업성취도":79.6,
            "용적률":238,
            "건폐율":18,
            "Y":37.400538,
            "X":126.908016,
            "rank":65.0,
            "area_info":"26평(89.14), 28평(93.5), 30평(101.97)",
            "last_sales":"2021-10-16,55500.0,26평(89.14)"
        },
        {
            "index":338,
            "아파트명":"영화I-NIX",
            "투자타입":"일반",
            "전용면적(m2)":"82.8",
            "전용면적(평)":"25평",
            "법정동주소":"경기도 안양시 만안구 안양동 817-15",
            "도로명주소":"경기도 안양시 만안구 만안로 368",
            "세대수":0,
            "입주년차":20,
            "용적률점수":"--",
            "건폐율점수":"--",
            "세대당주차수":30,
            "난방방식":30,
            "공급면적":"--",
            "전용률":"--",
            "욕실수":100,
            "현관타입":100,
            "주거총점":31.5,
            "지역구공급총점":0.0,
            "역세권":0,
            "30분내 이동가능 거점":20,
            "1시간내 이동가능 거점":100,
            "교통총점":26.0,
            "백화점":0,
            "아울렛몰":80,
            "대형마트":0,
            "은행":0,
            "병원":60,
            "종합병원":100,
            "공원":80,
            "혐오시설":0,
            "인프라총점":36.4,
            "초등학군":85.99,
            "중학군":48.64,
            "학군총점":56.11,
            "인구수":27.69,
            "인구증감":-24.61,
            "인구총점":12.0,
            "일자리":4.3,
            "소득수준":62.4,
            "일자리총점":21.73,
            "가치 총점":34.7365,
            "매매실거래년":20211006.0,
            "매매실거래가":47000.0,
            "전세실거래년":20210913.0,
            "전세실거래가":35000.0,
            "전세가율":74.47,
            "장기전세가율평균":70.65,
            "전세가율거품지수":-3.82,
            "검색코드":10427,
            "세대수":136.0,
            "준공년월":"2003-06-11",
            "준공년차":20.0,
            "가까운역이름":"관악",
            "가까운역거리":1043.89,
            "역세권여부":"비역세권",
            "30분이내주요거점역":1,
            "1시간이내주요거점역":11,
            "3km이내백화점수":0,
            "5km이내아울렛몰수":1,
            "1km이내대형먀트수":0,
            "500m이내은행수":1,
            "500m이내병원수":14,
            "5km이내대형병원수":3,
            "500m이내공원수":1,
            "3km이내혐오시설수":0,
            "초등학교학업성취도":85.99,
            "중학교학업성취도":79.6,
            "용적률":0,
            "건폐율":0,
            "Y":37.41109,
            "X":126.91459,
            "rank":66.0,
            "area_info":"25평(82.8), 31평(105.67), 32평(106.11), 53평(178.29)",
            "last_sales":"2021-10-06,47000.0,25평(82.8)"
        },
        {
            "index":76,
            "아파트명":"럭키",
            "투자타입":"재건축",
            "전용면적(m2)":"82.89",
            "전용면적(평)":"25평",
            "법정동주소":"경기도 안양시 만안구 석수동 296",
            "도로명주소":"경기도 안양시 만안구 석수로 40",
            "세대수":80,
            "입주년차":"--",
            "용적률점수":0,
            "건폐율점수":80,
            "세대당주차수":"--",
            "난방방식":"--",
            "공급면적":70,
            "전용률":60,
            "욕실수":"--",
            "현관타입":"--",
            "주거총점":46.5,
            "지역구공급총점":0.0,
            "역세권":0,
            "30분내 이동가능 거점":0,
            "1시간내 이동가능 거점":100,
            "교통총점":20.0,
            "백화점":0,
            "아울렛몰":80,
            "대형마트":0,
            "은행":0,
            "병원":60,
            "종합병원":100,
            "공원":100,
            "혐오시설":0,
            "인프라총점":37.0,
            "초등학군":94.24,
            "중학군":36.64,
            "학군총점":48.16,
            "인구수":27.69,
            "인구증감":-24.61,
            "인구총점":12.0,
            "일자리":4.3,
            "소득수준":62.4,
            "일자리총점":21.73,
            "가치 총점":34.624,
            "매매실거래년":20210907.0,
            "매매실거래가":61500.0,
            "전세실거래년":20211026.0,
            "전세실거래가":19950.0,
            "전세가율":44.63,
            "장기전세가율평균":70.65,
            "전세가율거품지수":26.02,
            "검색코드":1999,
            "세대수":735.0,
            "준공년월":"1987-05-20",
            "준공년차":36.0,
            "가까운역이름":"관악",
            "가까운역거리":1064.69,
            "역세권여부":"비역세권",
            "30분이내주요거점역":0,
            "1시간이내주요거점역":10,
            "3km이내백화점수":0,
            "5km이내아울렛몰수":1,
            "1km이내대형먀트수":0,
            "500m이내은행수":1,
            "500m이내병원수":15,
            "5km이내대형병원수":2,
            "500m이내공원수":2,
            "3km이내혐오시설수":0,
            "초등학교학업성취도":94.24,
            "중학교학업성취도":59.8,
            "용적률":235,
            "건폐율":20,
            "Y":37.409706,
            "X":126.907488,
            "rank":67.0,
            "area_info":"25평(82.89), 28평(93.15), 30평(101.76), 40평(132.93)",
            "last_sales":"2021-09-07,61500.0,30평(101.76)"
        },
        {
            "index":26,
            "아파트명":"벽산",
            "투자타입":"일반",
            "전용면적(m2)":"78.41",
            "전용면적(평)":"23평",
            "법정동주소":"경기도 안양시 만안구 박달동 107",
            "도로명주소":"경기도 안양시 만안구 양화로135번길 45",
            "세대수":30,
            "입주년차":0,
            "용적률점수":"--",
            "건폐율점수":"--",
            "세대당주차수":0,
            "난방방식":30,
            "공급면적":"--",
            "전용률":"--",
            "욕실수":50,
            "현관타입":100,
            "주거총점":28.5,
            "지역구공급총점":0.0,
            "역세권":0,
            "30분내 이동가능 거점":20,
            "1시간내 이동가능 거점":100,
            "교통총점":26.0,
            "백화점":0,
            "아울렛몰":80,
            "대형마트":0,
            "은행":0,
            "병원":60,
            "종합병원":100,
            "공원":100,
            "혐오시설":0,
            "인프라총점":37.0,
            "초등학군":87.3,
            "중학군":48.64,
            "학군총점":56.372,
            "인구수":27.69,
            "인구증감":-24.61,
            "인구총점":12.0,
            "일자리":4.3,
            "소득수준":62.4,
            "일자리총점":21.73,
            "가치 총점":34.3558,
            "매매실거래년":20210826.0,
            "매매실거래가":52000.0,
            "전세실거래년":20220105.0,
            "전세실거래가":21000.0,
            "전세가율":40.38,
            "장기전세가율평균":70.65,
            "전세가율거품지수":30.27,
            "검색코드":1982,
            "세대수":386.0,
            "준공년월":"1996-12-20",
            "준공년차":27.0,
            "가까운역이름":"안양",
            "가까운역거리":1453.39,
            "역세권여부":"비역세권",
            "30분이내주요거점역":1,
            "1시간이내주요거점역":10,
            "3km이내백화점수":0,
            "5km이내아울렛몰수":1,
            "1km이내대형먀트수":0,
            "500m이내은행수":0,
            "500m이내병원수":24,
            "5km이내대형병원수":2,
            "500m이내공원수":4,
            "3km이내혐오시설수":0,
            "초등학교학업성취도":87.3,
            "중학교학업성취도":79.6,
            "용적률":285,
            "건폐율":2,
            "Y":37.403255,
            "X":126.906554,
            "rank":68.0,
            "area_info":"23평(78.41), 33평(111.05), 40평(133.3)",
            "last_sales":"2021-08-26,52000.0,23평(78.41)"
        },
        {
            "index":345,
            "아파트명":"우성2차",
            "투자타입":"재건축",
            "전용면적(m2)":"67.81",
            "전용면적(평)":"20평",
            "법정동주소":"경기도 안양시 만안구 안양동 730-1",
            "도로명주소":"경기도 안양시 만안구 능곡로 36",
            "세대수":0,
            "입주년차":"--",
            "용적률점수":80,
            "건폐율점수":80,
            "세대당주차수":"--",
            "난방방식":"--",
            "공급면적":50,
            "전용률":60,
            "욕실수":"--",
            "현관타입":"--",
            "주거총점":53.5,
            "지역구공급총점":0.0,
            "역세권":0,
            "30분내 이동가능 거점":0,
            "1시간내 이동가능 거점":80,
            "교통총점":16.0,
            "백화점":0,
            "아울렛몰":100,
            "대형마트":0,
            "은행":0,
            "병원":30,
            "종합병원":100,
            "공원":0,
            "혐오시설":0,
            "인프라총점":33.0,
            "초등학군":88.07,
            "중학군":38.14,
            "학군총점":48.126,
            "인구수":27.69,
            "인구증감":-24.61,
            "인구총점":12.0,
            "일자리":4.3,
            "소득수준":62.4,
            "일자리총점":21.73,
            "가치 총점":33.4189,
            "매매실거래년":20211009.0,
            "매매실거래가":30000.0,
            "전세실거래년":20210724.0,
            "전세실거래가":12000.0,
            "전세가율":40.0,
            "장기전세가율평균":70.65,
            "전세가율거품지수":30.65,
            "검색코드":8127,
            "세대수":168.0,
            "준공년월":"1989-10-12",
            "준공년차":34.0,
            "가까운역이름":"안양",
            "가까운역거리":1432.56,
            "역세권여부":"비역세권",
            "30분이내주요거점역":0,
            "1시간이내주요거점역":8,
            "3km이내백화점수":0,
            "5km이내아울렛몰수":2,
            "1km이내대형먀트수":0,
            "500m이내은행수":0,
            "500m이내병원수":7,
            "5km이내대형병원수":5,
            "500m이내공원수":0,
            "3km이내혐오시설수":0,
            "초등학교학업성취도":88.07,
            "중학교학업성취도":63.1,
            "용적률":173,
            "건폐율":29,
            "Y":37.390799,
            "X":126.914019,
            "rank":69.0,
            "area_info":"20평(67.81), 25평(84.21)",
            "last_sales":"2021-10-09,30000.0,20평(67.81)"
        },
        {
            "index":393,
            "아파트명":"흥화",
            "투자타입":"일반",
            "전용면적(m2)":"86.2",
            "전용면적(평)":"26평",
            "법정동주소":"경기도 안양시 만안구 안양동 716-5",
            "도로명주소":"경기도 안양시 만안구 장내로 56",
            "세대수":0,
            "입주년차":0,
            "용적률점수":"--",
            "건폐율점수":"--",
            "세대당주차수":0,
            "난방방식":30,
            "공급면적":"--",
            "전용률":"--",
            "욕실수":50,
            "현관타입":10,
            "주거총점":9.0,
            "지역구공급총점":0.0,
            "역세권":0,
            "30분내 이동가능 거점":20,
            "1시간내 이동가능 거점":90,
            "교통총점":24.0,
            "백화점":0,
            "아울렛몰":100,
            "대형마트":80,
            "은행":0,
            "병원":60,
            "종합병원":100,
            "공원":100,
            "혐오시설":0,
            "인프라총점":51.0,
            "초등학군":88.07,
            "중학군":42.56,
            "학군총점":51.662,
            "인구수":27.69,
            "인구증감":-24.61,
            "인구총점":12.0,
            "일자리":4.3,
            "소득수준":62.4,
            "일자리총점":21.73,
            "가치 총점":33.2493,
            "매매실거래년":20211206.0,
            "매매실거래가":35000.0,
            "전세실거래년":20211004.0,
            "전세실거래가":19400.0,
            "전세가율":55.43,
            "장기전세가율평균":70.65,
            "전세가율거품지수":15.22,
            "검색코드":2025,
            "세대수":152.0,
            "준공년월":"1996-04-29",
            "준공년차":27.0,
            "가까운역이름":"안양",
            "가까운역거리":1117.55,
            "역세권여부":"비역세권",
            "30분이내주요거점역":1,
            "1시간이내주요거점역":9,
            "3km이내백화점수":0,
            "5km이내아울렛몰수":2,
            "1km이내대형먀트수":1,
            "500m이내은행수":0,
            "500m이내병원수":10,
            "5km이내대형병원수":5,
            "500m이내공원수":2,
            "3km이내혐오시설수":0,
            "초등학교학업성취도":88.07,
            "중학교학업성취도":69.6,
            "용적률":369,
            "건폐율":25,
            "Y":37.39353,
            "X":126.91532,
            "rank":70.0,
            "area_info":"26평(86.2), 33평(109.88), 36평(121.67)",
            "last_sales":"2021-12-06,35000.0,26평(86.2)"
        },
        {
            "index":376,
            "아파트명":"프라자",
            "투자타입":"재건축",
            "전용면적(m2)":"75.07",
            "전용면적(평)":"22평",
            "법정동주소":"경기도 안양시 만안구 안양동 762-2",
            "도로명주소":"경기도 안양시 만안구 병목안로 103",
            "세대수":50,
            "입주년차":"--",
            "용적률점수":20,
            "건폐율점수":0,
            "세대당주차수":"--",
            "난방방식":"--",
            "공급면적":50,
            "전용률":60,
            "욕실수":"--",
            "현관타입":"--",
            "주거총점":28.5,
            "지역구공급총점":0.0,
            "역세권":0,
            "30분내 이동가능 거점":0,
            "1시간내 이동가능 거점":60,
            "교통총점":12.0,
            "백화점":0,
            "아울렛몰":100,
            "대형마트":80,
            "은행":0,
            "병원":60,
            "종합병원":100,
            "공원":100,
            "혐오시설":0,
            "인프라총점":51.0,
            "초등학군":86.67,
            "중학군":38.14,
            "학군총점":47.846,
            "인구수":27.69,
            "인구증감":-24.61,
            "인구총점":12.0,
            "일자리":4.3,
            "소득수준":62.4,
            "일자리총점":21.73,
            "가치 총점":32.3769,
            "매매실거래년":20211024.0,
            "매매실거래가":62000.0,
            "전세실거래년":20220107.0,
            "전세실거래가":21000.0,
            "전세가율":44.68,
            "장기전세가율평균":70.65,
            "전세가율거품지수":25.97,
            "검색코드":2024,
            "세대수":637.0,
            "준공년월":"1987-04-23",
            "준공년차":36.0,
            "가까운역이름":"안양",
            "가까운역거리":1214.62,
            "역세권여부":"비역세권",
            "30분이내주요거점역":0,
            "1시간이내주요거점역":6,
            "3km이내백화점수":0,
            "5km이내아울렛몰수":2,
            "1km이내대형먀트수":1,
            "500m이내은행수":0,
            "500m이내병원수":12,
            "5km이내대형병원수":5,
            "500m이내공원수":2,
            "3km이내혐오시설수":0,
            "초등학교학업성취도":86.67,
            "중학교학업성취도":63.1,
            "용적률":208,
            "건폐율":0,
            "Y":37.394122,
            "X":126.912842,
            "rank":71.0,
            "area_info":"22평(75.07), 27평(91.93), 30평(101.31)",
            "last_sales":"2021-10-24,62000.0,30평(101.31)"
        },
        {
            "index":24,
            "아파트명":"박달한일유앤아이",
            "투자타입":"일반",
            "전용면적(m2)":"81.24",
            "전용면적(평)":"24평",
            "법정동주소":"경기도 안양시 만안구 박달동 607-1",
            "도로명주소":"경기도 안양시 만안구 박달로 403",
            "세대수":30,
            "입주년차":40,
            "용적률점수":"--",
            "건폐율점수":"--",
            "세대당주차수":30,
            "난방방식":30,
            "공급면적":"--",
            "전용률":"--",
            "욕실수":100,
            "현관타입":100,
            "주거총점":46.0,
            "지역구공급총점":0.0,
            "역세권":0,
            "30분내 이동가능 거점":0,
            "1시간내 이동가능 거점":90,
            "교통총점":18.0,
            "백화점":0,
            "아울렛몰":80,
            "대형마트":0,
            "은행":0,
            "병원":10,
            "종합병원":100,
            "공원":100,
            "혐오시설":0,
            "인프라총점":32.0,
            "초등학군":87.0,
            "중학군":36.64,
            "학군총점":46.712,
            "인구수":27.69,
            "인구증감":-24.61,
            "인구총점":12.0,
            "일자리":4.3,
            "소득수준":62.4,
            "일자리총점":21.73,
            "가치 총점":32.1068,
            "매매실거래년":20211123.0,
            "매매실거래가":58000.0,
            "전세실거래년":20211224.0,
            "전세실거래가":26250.0,
            "전세가율":45.26,
            "장기전세가율평균":70.65,
            "전세가율거품지수":25.39,
            "검색코드":11512,
            "세대수":375.0,
            "준공년월":"2005-02-25",
            "준공년차":18.0,
            "가까운역이름":"광명",
            "가까운역거리":1902.71,
            "역세권여부":"비역세권",
            "30분이내주요거점역":0,
            "1시간이내주요거점역":9,
            "3km이내백화점수":0,
            "5km이내아울렛몰수":1,
            "1km이내대형먀트수":0,
            "500m이내은행수":0,
            "500m이내병원수":4,
            "5km이내대형병원수":2,
            "500m이내공원수":3,
            "3km이내혐오시설수":0,
            "초등학교학업성취도":87.0,
            "중학교학업성취도":59.8,
            "용적률":325,
            "건폐율":21,
            "Y":37.402933,
            "X":126.898099,
            "rank":72.0,
            "area_info":"24평(81.24), 32평(108.27)",
            "last_sales":"2021-11-23,58000.0,24평(81.24)"
        },
        {
            "index":50,
            "아파트명":"한신휴플러스타운2차",
            "투자타입":"일반",
            "전용면적(m2)":"80.92",
            "전용면적(평)":"24평",
            "법정동주소":"경기도 안양시 만안구 박달동 34",
            "도로명주소":"경기도 안양시 만안구 박달로507번길 57",
            "세대수":0,
            "입주년차":40,
            "용적률점수":"--",
            "건폐율점수":"--",
            "세대당주차수":0,
            "난방방식":30,
            "공급면적":"--",
            "전용률":"--",
            "욕실수":100,
            "현관타입":100,
            "주거총점":31.0,
            "지역구공급총점":0.0,
            "역세권":0,
            "30분내 이동가능 거점":0,
            "1시간내 이동가능 거점":90,
            "교통총점":18.0,
            "백화점":0,
            "아울렛몰":80,
            "대형마트":0,
            "은행":0,
            "병원":60,
            "종합병원":100,
            "공원":100,
            "혐오시설":0,
            "인프라총점":37.0,
            "초등학군":87.3,
            "중학군":48.64,
            "학군총점":56.372,
            "인구수":27.69,
            "인구증감":-24.61,
            "인구총점":12.0,
            "일자리":4.3,
            "소득수준":62.4,
            "일자리총점":21.73,
            "가치 총점":32.0558,
            "매매실거래년":20210707.0,
            "매매실거래가":55000.0,
            "전세실거래년":20211221.0,
            "전세실거래가":28000.0,
            "전세가율":61.14,
            "장기전세가율평균":70.65,
            "전세가율거품지수":9.51,
            "검색코드":17736,
            "세대수":205.0,
            "준공년월":"2006-05-22",
            "준공년차":17.0,
            "가까운역이름":"안양",
            "가까운역거리":1387.42,
            "역세권여부":"비역세권",
            "30분이내주요거점역":0,
            "1시간이내주요거점역":9,
            "3km이내백화점수":0,
            "5km이내아울렛몰수":1,
            "1km이내대형먀트수":0,
            "500m이내은행수":0,
            "500m이내병원수":24,
            "5km이내대형병원수":2,
            "500m이내공원수":4,
            "3km이내혐오시설수":0,
            "초등학교학업성취도":87.3,
            "중학교학업성취도":79.6,
            "용적률":0,
            "건폐율":0,
            "Y":37.404596,
            "X":126.907629,
            "rank":73.0,
            "area_info":"24평(80.92), 32평(105.92)",
            "last_sales":"2021-07-07,55000.0,32평(105.92)"
        },
        {
            "index":15,
            "아파트명":"대림한숲타운",
            "투자타입":"일반",
            "전용면적(m2)":"82.53",
            "전용면적(평)":"24평",
            "법정동주소":"경기도 안양시 만안구 박달동 616-9",
            "도로명주소":"경기도 안양시 만안구 박달로 344",
            "세대수":80,
            "입주년차":20,
            "용적률점수":"--",
            "건폐율점수":"--",
            "세대당주차수":0,
            "난방방식":30,
            "공급면적":"--",
            "전용률":"--",
            "욕실수":50,
            "현관타입":100,
            "주거총점":50.0,
            "지역구공급총점":0.0,
            "역세권":0,
            "30분내 이동가능 거점":0,
            "1시간내 이동가능 거점":80,
            "교통총점":16.0,
            "백화점":0,
            "아울렛몰":80,
            "대형마트":0,
            "은행":0,
            "병원":0,
            "종합병원":100,
            "공원":80,
            "혐오시설":0,
            "인프라총점":30.4,
            "초등학군":87.0,
            "중학군":36.64,
            "학군총점":46.712,
            "인구수":27.69,
            "인구증감":-24.61,
            "인구총점":12.0,
            "일자리":4.3,
            "소득수준":62.4,
            "일자리총점":21.73,
            "가치 총점":31.7268,
            "매매실거래년":20211220.0,
            "매매실거래가":49000.0,
            "전세실거래년":20220114.0,
            "전세실거래가":28000.0,
            "전세가율":57.14,
            "장기전세가율평균":70.65,
            "전세가율거품지수":13.51,
            "검색코드":3671,
            "세대수":728.0,
            "준공년월":"2001-08-11",
            "준공년차":22.0,
            "가까운역이름":"광명",
            "가까운역거리":1493.01,
            "역세권여부":"비역세권",
            "30분이내주요거점역":0,
            "1시간이내주요거점역":8,
            "3km이내백화점수":0,
            "5km이내아울렛몰수":1,
            "1km이내대형먀트수":0,
            "500m이내은행수":0,
            "500m이내병원수":0,
            "5km이내대형병원수":2,
            "500m이내공원수":1,
            "3km이내혐오시설수":0,
            "초등학교학업성취도":87.0,
            "중학교학업성취도":59.8,
            "용적률":214,
            "건폐율":13,
            "Y":37.404377,
            "X":126.89252,
            "rank":74.0,
            "area_info":"24평(82.53), 33평(109.34)",
            "last_sales":"2021-12-20,49000.0,24평(82.53)"
        },
        {
            "index":17,
            "아파트명":"박달동원베네스트",
            "투자타입":"일반",
            "전용면적(m2)":"86.6",
            "전용면적(평)":"26평",
            "법정동주소":"경기도 안양시 만안구 박달동 15-2",
            "도로명주소":"경기도 안양시 만안구 양화로147번길 7",
            "세대수":0,
            "입주년차":40,
            "용적률점수":"--",
            "건폐율점수":"--",
            "세대당주차수":30,
            "난방방식":30,
            "공급면적":"--",
            "전용률":"--",
            "욕실수":100,
            "현관타입":100,
            "주거총점":35.5,
            "지역구공급총점":0.0,
            "역세권":0,
            "30분내 이동가능 거점":0,
            "1시간내 이동가능 거점":70,
            "교통총점":14.0,
            "백화점":0,
            "아울렛몰":80,
            "대형마트":0,
            "은행":0,
            "병원":60,
            "종합병원":100,
            "공원":100,
            "혐오시설":0,
            "인프라총점":37.0,
            "초등학군":90.0,
            "중학군":48.64,
            "학군총점":56.912,
            "인구수":27.69,
            "인구증감":-24.61,
            "인구총점":12.0,
            "일자리":4.3,
            "소득수준":62.4,
            "일자리총점":21.73,
            "가치 총점":31.6368,
            "매매실거래년":20210830.0,
            "매매실거래가":47000.0,
            "전세실거래년":20200212.0,
            "전세실거래가":28000.0,
            "전세가율":59.57,
            "장기전세가율평균":70.65,
            "전세가율거품지수":11.08,
            "검색코드":102381,
            "세대수":134.0,
            "준공년월":"2007-07-13",
            "준공년차":16.0,
            "가까운역이름":"안양",
            "가까운역거리":1324.49,
            "역세권여부":"비역세권",
            "30분이내주요거점역":0,
            "1시간이내주요거점역":7,
            "3km이내백화점수":0,
            "5km이내아울렛몰수":1,
            "1km이내대형먀트수":0,
            "500m이내은행수":0,
            "500m이내병원수":24,
            "5km이내대형병원수":3,
            "500m이내공원수":5,
            "3km이내혐오시설수":0,
            "초등학교학업성취도":90.0,
            "중학교학업성취도":79.6,
            "용적률":249,
            "건폐율":27,
            "Y":37.405193,
            "X":126.908581,
            "rank":75.0,
            "area_info":"26평(86.6), 32평(106.28), 32평(106.41), 32평(106.14)",
            "last_sales":"2021-08-30,47000.0,26평(86.6)"
        },
        {
            "index":21,
            "아파트명":"박달한신휴플러스1차",
            "투자타입":"일반",
            "전용면적(m2)":"79.44",
            "전용면적(평)":"24평",
            "법정동주소":"경기도 안양시 만안구 박달동 7-50",
            "도로명주소":"경기도 안양시 만안구 양화로135번길 80",
            "세대수":0,
            "입주년차":40,
            "용적률점수":"--",
            "건폐율점수":"--",
            "세대당주차수":30,
            "난방방식":30,
            "공급면적":"--",
            "전용률":"--",
            "욕실수":100,
            "현관타입":100,
            "주거총점":35.5,
            "지역구공급총점":0.0,
            "역세권":0,
            "30분내 이동가능 거점":0,
            "1시간내 이동가능 거점":90,
            "교통총점":18.0,
            "백화점":0,
            "아울렛몰":80,
            "대형마트":0,
            "은행":0,
            "병원":60,
            "종합병원":100,
            "공원":100,
            "혐오시설":0,
            "인프라총점":37.0,
            "초등학군":90.0,
            "중학군":36.64,
            "학군총점":47.312,
            "인구수":27.69,
            "인구증감":-24.61,
            "인구총점":12.0,
            "일자리":4.3,
            "소득수준":62.4,
            "일자리총점":21.73,
            "가치 총점":31.5968,
            "매매실거래년":20211106.0,
            "매매실거래가":53500.0,
            "전세실거래년":20220104.0,
            "전세실거래가":32000.0,
            "전세가율":59.81,
            "장기전세가율평균":70.65,
            "전세가율거품지수":10.84,
            "검색코드":13283,
            "세대수":178.0,
            "준공년월":"2005-06-29",
            "준공년차":18.0,
            "가까운역이름":"안양",
            "가까운역거리":1602.95,
            "역세권여부":"비역세권",
            "30분이내주요거점역":0,
            "1시간이내주요거점역":9,
            "3km이내백화점수":0,
            "5km이내아울렛몰수":1,
            "1km이내대형먀트수":0,
            "500m이내은행수":0,
            "500m이내병원수":16,
            "5km이내대형병원수":2,
            "500m이내공원수":3,
            "3km이내혐오시설수":0,
            "초등학교학업성취도":90.0,
            "중학교학업성취도":59.8,
            "용적률":327,
            "건폐율":19,
            "Y":37.404855,
            "X":126.905198,
            "rank":76.0,
            "area_info":"24평(79.44), 32평(108.08), 32평(108.08)",
            "last_sales":"2021-11-06,53500.0,24평(79.44)"
        },
        {
            "index":268,
            "아파트명":"수리산힐스테이트",
            "투자타입":"일반",
            "전용면적(m2)":"82.3",
            "전용면적(평)":"24평",
            "법정동주소":"경기도 안양시 만안구 안양동 1059-1",
            "도로명주소":"경기도 안양시 만안구 창박로 38",
            "세대수":50,
            "입주년차":40,
            "용적률점수":"--",
            "건폐율점수":"--",
            "세대당주차수":30,
            "난방방식":30,
            "공급면적":"--",
            "전용률":"--",
            "욕실수":100,
            "현관타입":100,
            "주거총점":53.0,
            "지역구공급총점":0.0,
            "역세권":0,
            "30분내 이동가능 거점":0,
            "1시간내 이동가능 거점":40,
            "교통총점":8.0,
            "백화점":0,
            "아울렛몰":100,
            "대형마트":0,
            "은행":0,
            "병원":0,
            "종합병원":100,
            "공원":100,
            "혐오시설":0,
            "인프라총점":33.0,
            "초등학군":87.8,
            "중학군":37.24,
            "학군총점":47.352,
            "인구수":27.69,
            "인구증감":-24.61,
            "인구총점":12.0,
            "일자리":4.3,
            "소득수준":62.4,
            "일자리총점":21.73,
            "가치 총점":30.4028,
            "매매실거래년":20220102.0,
            "매매실거래가":44000.0,
            "전세실거래년":20211215.0,
            "전세실거래가":33000.0,
            "전세가율":75.0,
            "장기전세가율평균":70.65,
            "전세가율거품지수":-4.35,
            "검색코드":17562,
            "세대수":441.0,
            "준공년월":"2006-10-30",
            "준공년차":17.0,
            "가까운역이름":"안양",
            "가까운역거리":2578.25,
            "역세권여부":"비역세권",
            "30분이내주요거점역":0,
            "1시간이내주요거점역":4,
            "3km이내백화점수":0,
            "5km이내아울렛몰수":2,
            "1km이내대형먀트수":0,
            "500m이내은행수":0,
            "500m이내병원수":1,
            "5km이내대형병원수":4,
            "500m이내공원수":3,
            "3km이내혐오시설수":0,
            "초등학교학업성취도":87.8,
            "중학교학업성취도":60.8,
            "용적률":206,
            "건폐율":16,
            "Y":37.385247,
            "X":126.902174,
            "rank":77.0,
            "area_info":"24평(82.3), 24평(82.37), 32평(107.79), 32평(108.02), 33평(110.81)",
            "last_sales":"2022-01-02,44000.0,24평(82.3)"
        },
        {
            "index":171,
            "아파트명":"뉴골든",
            "투자타입":"재건축",
            "전용면적(m2)":"59.67",
            "전용면적(평)":"18평",
            "법정동주소":"경기도 안양시 만안구 안양동 1024-1",
            "도로명주소":"경기도 안양시 만안구 병목안로 129-27",
            "세대수":0,
            "입주년차":"--",
            "용적률점수":80,
            "건폐율점수":60,
            "세대당주차수":"--",
            "난방방식":"--",
            "공급면적":50,
            "전용률":60,
            "욕실수":"--",
            "현관타입":"--",
            "주거총점":49.5,
            "지역구공급총점":0.0,
            "역세권":0,
            "30분내 이동가능 거점":0,
            "1시간내 이동가능 거점":50,
            "교통총점":10.0,
            "백화점":0,
            "아울렛몰":100,
            "대형마트":0,
            "은행":0,
            "병원":10,
            "종합병원":100,
            "공원":0,
            "혐오시설":0,
            "인프라총점":31.0,
            "초등학군":88.07,
            "중학군":38.14,
            "학군총점":48.126,
            "인구수":27.69,
            "인구증감":-24.61,
            "인구총점":12.0,
            "일자리":4.3,
            "소득수준":62.4,
            "일자리총점":21.73,
            "가치 총점":29.9189,
            "매매실거래년":20211020.0,
            "매매실거래가":23500.0,
            "전세실거래년":20211224.0,
            "전세실거래가":11500.0,
            "전세가율":53.49,
            "장기전세가율평균":70.65,
            "전세가율거품지수":17.16,
            "검색코드":2803,
            "세대수":222.0,
            "준공년월":"1988-02-04",
            "준공년차":35.0,
            "가까운역이름":"안양",
            "가까운역거리":1683.91,
            "역세권여부":"비역세권",
            "30분이내주요거점역":0,
            "1시간이내주요거점역":5,
            "3km이내백화점수":0,
            "5km이내아울렛몰수":2,
            "1km이내대형먀트수":0,
            "500m이내은행수":0,
            "500m이내병원수":2,
            "5km이내대형병원수":5,
            "500m이내공원수":0,
            "3km이내혐오시설수":0,
            "초등학교학업성취도":88.07,
            "중학교학업성취도":63.1,
            "용적률":156,
            "건폐율":33,
            "Y":37.3901,
            "X":126.91046,
            "rank":78.0,
            "area_info":"18평(59.67), 21평(69.51), 22평(72.88), 25평(84.6)",
            "last_sales":"2021-10-20,23500.0,22평(72.88)"
        },
        {
            "index":0,
            "아파트명":"극동",
            "투자타입":"재건축",
            "전용면적(m2)":"103.41",
            "전용면적(평)":"31평",
            "법정동주소":"경기도 안양시 만안구 박달동 139-202",
            "도로명주소":"경기도 안양시 만안구 삼봉로 35",
            "세대수":30,
            "입주년차":"--",
            "용적률점수":0,
            "건폐율점수":100,
            "세대당주차수":"--",
            "난방방식":"--",
            "공급면적":90,
            "전용률":80,
            "욕실수":"--",
            "현관타입":"--",
            "주거총점":37.5,
            "지역구공급총점":0.0,
            "역세권":0,
            "30분내 이동가능 거점":0,
            "1시간내 이동가능 거점":70,
            "교통총점":14.0,
            "백화점":0,
            "아울렛몰":80,
            "대형마트":0,
            "은행":0,
            "병원":30,
            "종합병원":100,
            "공원":80,
            "혐오시설":0,
            "인프라총점":33.4,
            "초등학군":87.3,
            "중학군":36.64,
            "학군총점":46.772,
            "인구수":27.69,
            "인구증감":-24.61,
            "인구총점":12.0,
            "일자리":4.3,
            "소득수준":62.4,
            "일자리총점":21.73,
            "가치 총점":29.4358,
            "매매실거래년":20210918.0,
            "매매실거래가":49800.0,
            "전세실거래년":20220117.0,
            "전세실거래가":23000.0,
            "전세가율":46.18,
            "장기전세가율평균":70.65,
            "전세가율거품지수":24.47,
            "검색코드":1979,
            "세대수":312.0,
            "준공년월":"1991-12-13",
            "준공년차":32.0,
            "가까운역이름":"안양",
            "가까운역거리":1741.28,
            "역세권여부":"비역세권",
            "30분이내주요거점역":0,
            "1시간이내주요거점역":7,
            "3km이내백화점수":0,
            "5km이내아울렛몰수":1,
            "1km이내대형먀트수":0,
            "500m이내은행수":0,
            "500m이내병원수":6,
            "5km이내대형병원수":2,
            "500m이내공원수":1,
            "3km이내혐오시설수":0,
            "초등학교학업성취도":87.3,
            "중학교학업성취도":59.8,
            "용적률":228,
            "건폐율":19,
            "Y":37.400161,
            "X":126.903244,
            "rank":79.0,
            "area_info":"31평(103.41), 35평(117.21), 40평(134.22)",
            "last_sales":"2021-09-18,49800.0,31평(103.41)"
        },
        {
            "index":273,
            "아파트명":"신성미소지움",
            "투자타입":"일반",
            "전용면적(m2)":"109.76",
            "전용면적(평)":"33평",
            "법정동주소":"경기도 안양시 만안구 안양동 752-20",
            "도로명주소":"경기도 안양시 만안구 능곡로36번길 19",
            "세대수":0,
            "입주년차":40,
            "용적률점수":"--",
            "건폐율점수":"--",
            "세대당주차수":30,
            "난방방식":30,
            "공급면적":"--",
            "전용률":"--",
            "욕실수":100,
            "현관타입":100,
            "주거총점":35.5,
            "지역구공급총점":0.0,
            "역세권":0,
            "30분내 이동가능 거점":0,
            "1시간내 이동가능 거점":70,
            "교통총점":14.0,
            "백화점":0,
            "아울렛몰":100,
            "대형마트":0,
            "은행":0,
            "병원":30,
            "종합병원":100,
            "공원":0,
            "혐오시설":0,
            "인프라총점":33.0,
            "초등학군":88.07,
            "중학군":38.14,
            "학군총점":48.126,
            "인구수":27.69,
            "인구증감":-24.61,
            "인구총점":12.0,
            "일자리":4.3,
            "소득수준":62.4,
            "일자리총점":21.73,
            "가치 총점":29.1189,
            "매매실거래년":20210825.0,
            "매매실거래가":65000.0,
            "전세실거래년":20210731.0,
            "전세실거래가":28000.0,
            "전세가율":56.0,
            "장기전세가율평균":70.65,
            "전세가율거품지수":14.65,
            "검색코드":26950,
            "세대수":115.0,
            "준공년월":"2008-09-29",
            "준공년차":15.0,
            "가까운역이름":"안양",
            "가까운역거리":1375.51,
            "역세권여부":"비역세권",
            "30분이내주요거점역":0,
            "1시간이내주요거점역":7,
            "3km이내백화점수":0,
            "5km이내아울렛몰수":2,
            "1km이내대형먀트수":0,
            "500m이내은행수":0,
            "500m이내병원수":8,
            "5km이내대형병원수":5,
            "500m이내공원수":0,
            "3km이내혐오시설수":0,
            "초등학교학업성취도":88.07,
            "중학교학업성취도":63.1,
            "용적률":204,
            "건폐율":23,
            "Y":37.39222,
            "X":126.912711,
            "rank":80.0,
            "area_info":"33평(109.76), 46평(153.54)",
            "last_sales":"2021-08-25,65000.0,46평(153.54)"
        },
        {
            "index":3,
            "아파트명":"금호타운",
            "투자타입":"일반",
            "전용면적(m2)":"77.49",
            "전용면적(평)":"23평",
            "법정동주소":"경기도 안양시 만안구 박달동 149-1",
            "도로명주소":"경기도 안양시 만안구 삼봉로 61",
            "세대수":80,
            "입주년차":0,
            "용적률점수":"--",
            "건폐율점수":"--",
            "세대당주차수":0,
            "난방방식":30,
            "공급면적":"--",
            "전용률":"--",
            "욕실수":50,
            "현관타입":10,
            "주거총점":37.0,
            "지역구공급총점":0.0,
            "역세권":0,
            "30분내 이동가능 거점":0,
            "1시간내 이동가능 거점":70,
            "교통총점":14.0,
            "백화점":0,
            "아울렛몰":80,
            "대형마트":0,
            "은행":0,
            "병원":10,
            "종합병원":100,
            "공원":80,
            "혐오시설":0,
            "인프라총점":31.4,
            "초등학군":87.3,
            "중학군":36.64,
            "학군총점":46.772,
            "인구수":27.69,
            "인구증감":-24.61,
            "인구총점":12.0,
            "일자리":4.3,
            "소득수준":62.4,
            "일자리총점":21.73,
            "가치 총점":28.7358,
            "매매실거래년":20211228.0,
            "매매실거래가":40500.0,
            "전세실거래년":20211214.0,
            "전세실거래가":26000.0,
            "전세가율":64.2,
            "장기전세가율평균":70.65,
            "전세가율거품지수":6.45,
            "검색코드":1981,
            "세대수":752.0,
            "준공년월":"1996-10-31",
            "준공년차":27.0,
            "가까운역이름":"안양",
            "가까운역거리":1901.04,
            "역세권여부":"비역세권",
            "30분이내주요거점역":0,
            "1시간이내주요거점역":7,
            "3km이내백화점수":0,
            "5km이내아울렛몰수":1,
            "1km이내대형먀트수":0,
            "500m이내은행수":0,
            "500m이내병원수":3,
            "5km이내대형병원수":2,
            "500m이내공원수":1,
            "3km이내혐오시설수":0,
            "초등학교학업성취도":87.3,
            "중학교학업성취도":59.8,
            "용적률":239,
            "건폐율":17,
            "Y":37.39901,
            "X":126.9016,
            "rank":81.0,
            "area_info":"23평(77.49), 30평(99.43), 34평(113.18), 43평(142.54)",
            "last_sales":"2021-12-28,40500.0,23평(77.49)"
        },
        {
            "index":373,
            "아파트명":"진흥5차",
            "투자타입":"재건축",
            "전용면적(m2)":"70.75",
            "전용면적(평)":"21평",
            "법정동주소":"경기도 안양시 만안구 안양동 908-4",
            "도로명주소":"경기도 안양시 만안구 양화로71번길 24",
            "세대수":50,
            "입주년차":"--",
            "용적률점수":0,
            "건폐율점수":0,
            "세대당주차수":"--",
            "난방방식":"--",
            "공급면적":50,
            "전용률":80,
            "욕실수":"--",
            "현관타입":"--",
            "주거총점":21.5,
            "지역구공급총점":0.0,
            "역세권":0,
            "30분내 이동가능 거점":0,
            "1시간내 이동가능 거점":60,
            "교통총점":12.0,
            "백화점":0,
            "아울렛몰":80,
            "대형마트":0,
            "은행":0,
            "병원":60,
            "종합병원":100,
            "공원":100,
            "혐오시설":0,
            "인프라총점":37.0,
            "초등학군":86.67,
            "중학군":48.64,
            "학군총점":56.246,
            "인구수":27.69,
            "인구증감":-24.61,
            "인구총점":12.0,
            "일자리":4.3,
            "소득수준":62.4,
            "일자리총점":21.73,
            "가치 총점":28.0369,
            "매매실거래년":20211106.0,
            "매매실거래가":51000.0,
            "전세실거래년":20220113.0,
            "전세실거래가":18000.0,
            "전세가율":35.29,
            "장기전세가율평균":70.65,
            "전세가율거품지수":35.36,
            "검색코드":10659,
            "세대수":432.0,
            "준공년월":"1987-08-03",
            "준공년차":36.0,
            "가까운역이름":"안양",
            "가까운역거리":1022.68,
            "역세권여부":"비역세권",
            "30분이내주요거점역":0,
            "1시간이내주요거점역":6,
            "3km이내백화점수":0,
            "5km이내아울렛몰수":1,
            "1km이내대형먀트수":0,
            "500m이내은행수":0,
            "500m이내병원수":14,
            "5km이내대형병원수":4,
            "500m이내공원수":8,
            "3km이내혐오시설수":0,
            "초등학교학업성취도":86.67,
            "중학교학업성취도":79.6,
            "용적률":0,
            "건폐율":0,
            "Y":37.40047,
            "X":126.911383,
            "rank":82.0,
            "area_info":"21평(70.75), 25평(84.0), 28평(92.74)",
            "last_sales":"2021-11-06,51000.0,21평(70.75)"
        },
        {
            "index":29,
            "아파트명":"신안",
            "투자타입":"재건축",
            "전용면적(m2)":"78.8",
            "전용면적(평)":"23평",
            "법정동주소":"경기도 안양시 만안구 박달동 152",
            "도로명주소":"경기도 안양시 만안구 박달로 420",
            "세대수":0,
            "입주년차":"--",
            "용적률점수":0,
            "건폐율점수":80,
            "세대당주차수":"--",
            "난방방식":"--",
            "공급면적":50,
            "전용률":80,
            "욕실수":"--",
            "현관타입":"--",
            "주거총점":22.5,
            "지역구공급총점":0.0,
            "역세권":0,
            "30분내 이동가능 거점":0,
            "1시간내 이동가능 거점":90,
            "교통총점":18.0,
            "백화점":0,
            "아울렛몰":80,
            "대형마트":0,
            "은행":0,
            "병원":10,
            "종합병원":100,
            "공원":80,
            "혐오시설":0,
            "인프라총점":31.4,
            "초등학군":87.0,
            "중학군":36.64,
            "학군총점":46.712,
            "인구수":27.69,
            "인구증감":-24.61,
            "인구총점":12.0,
            "일자리":4.3,
            "소득수준":62.4,
            "일자리총점":21.73,
            "가치 총점":27.2268,
            "매매실거래년":20211013.0,
            "매매실거래가":66500.0,
            "전세실거래년":20210828.0,
            "전세실거래가":19800.0,
            "전세가율":48.29,
            "장기전세가율평균":70.65,
            "전세가율거품지수":22.36,
            "검색코드":2795,
            "세대수":296.0,
            "준공년월":"1991-09-04",
            "준공년차":32.0,
            "가까운역이름":"안양",
            "가까운역거리":2056.05,
            "역세권여부":"비역세권",
            "30분이내주요거점역":0,
            "1시간이내주요거점역":9,
            "3km이내백화점수":0,
            "5km이내아울렛몰수":1,
            "1km이내대형먀트수":0,
            "500m이내은행수":0,
            "500m이내병원수":3,
            "5km이내대형병원수":2,
            "500m이내공원수":1,
            "3km이내혐오시설수":0,
            "초등학교학업성취도":87.0,
            "중학교학업성취도":59.8,
            "용적률":286,
            "건폐율":22,
            "Y":37.401172,
            "X":126.899604,
            "rank":83.0,
            "area_info":"23평(78.8), 32평(105.9), 41평(135.6), 48평(161.37), 55평(183.83)",
            "last_sales":"2021-10-13,66500.0,55평(183.83)"
        },
        {
            "index":7,
            "아파트명":"다청림카운티(도시형)",
            "투자타입":"일반",
            "전용면적(m2)":"51.92",
            "전용면적(평)":"15평",
            "법정동주소":"경기도 안양시 만안구 박달동 149-12",
            "도로명주소":"경기도 안양시 만안구 삼봉로 67",
            "세대수":0,
            "입주년차":80,
            "용적률점수":"--",
            "건폐율점수":"--",
            "세대당주차수":0,
            "난방방식":30,
            "공급면적":"--",
            "전용률":"--",
            "욕실수":50,
            "현관타입":100,
            "주거총점":34.0,
            "지역구공급총점":0.0,
            "역세권":0,
            "30분내 이동가능 거점":0,
            "1시간내 이동가능 거점":60,
            "교통총점":12.0,
            "백화점":0,
            "아울렛몰":80,
            "대형마트":0,
            "은행":0,
            "병원":0,
            "종합병원":100,
            "공원":80,
            "혐오시설":0,
            "인프라총점":30.4,
            "초등학군":87.3,
            "중학군":36.64,
            "학군총점":46.772,
            "인구수":27.69,
            "인구증감":-24.61,
            "인구총점":12.0,
            "일자리":4.3,
            "소득수준":62.4,
            "일자리총점":21.73,
            "가치 총점":27.1358,
            "매매실거래년":"18000101",
            "매매실거래가":null,
            "전세실거래년":null,
            "전세실거래가":null,
            "전세가율":null,
            "장기전세가율평균":70.65,
            "전세가율거품지수":null,
            "검색코드":132663,
            "세대수":104.0,
            "준공년월":"2016-06-13",
            "준공년차":7.0,
            "가까운역이름":"안양",
            "가까운역거리":2022.35,
            "역세권여부":"비역세권",
            "30분이내주요거점역":0,
            "1시간이내주요거점역":6,
            "3km이내백화점수":0,
            "5km이내아울렛몰수":1,
            "1km이내대형먀트수":0,
            "500m이내은행수":0,
            "500m이내병원수":1,
            "5km이내대형병원수":2,
            "500m이내공원수":1,
            "3km이내혐오시설수":0,
            "초등학교학업성취도":87.3,
            "중학교학업성취도":59.8,
            "용적률":161,
            "건폐율":45,
            "Y":37.398547,
            "X":126.900303,
            "rank":84.0,
            "area_info":"15평(51.92), 16평(54.88), 16평(55.66), 16평(55.58), 17평(57.4), 17평(58.97), 20평(66.75), 20평(67.17)",
            "last_sales":"1800-01-01,nan,15평(51.92)"
        },
        {
            "index":254,
            "아파트명":"수리산현대홈타운2단지",
            "투자타입":"일반",
            "전용면적(m2)":"110.88",
            "전용면적(평)":"33평",
            "법정동주소":"경기도 안양시 만안구 안양동 1062-2",
            "도로명주소":"경기도 안양시 만안구 창박로 17",
            "세대수":0,
            "입주년차":20,
            "용적률점수":"--",
            "건폐율점수":"--",
            "세대당주차수":60,
            "난방방식":30,
            "공급면적":"--",
            "전용률":"--",
            "욕실수":100,
            "현관타입":100,
            "주거총점":36.0,
            "지역구공급총점":0.0,
            "역세권":0,
            "30분내 이동가능 거점":0,
            "1시간내 이동가능 거점":40,
            "교통총점":8.0,
            "백화점":0,
            "아울렛몰":100,
            "대형마트":0,
            "은행":0,
            "병원":0,
            "종합병원":100,
            "공원":100,
            "혐오시설":0,
            "인프라총점":33.0,
            "초등학군":87.8,
            "중학군":37.24,
            "학군총점":47.352,
            "인구수":27.69,
            "인구증감":-24.61,
            "인구총점":12.0,
            "일자리":4.3,
            "소득수준":62.4,
            "일자리총점":21.73,
            "가치 총점":27.0028,
            "매매실거래년":20211018.0,
            "매매실거래가":49000.0,
            "전세실거래년":20191215.0,
            "전세실거래가":25000.0,
            "전세가율":51.02,
            "장기전세가율평균":70.65,
            "전세가율거품지수":19.63,
            "검색코드":8383,
            "세대수":140.0,
            "준공년월":"2001-11-10",
            "준공년차":22.0,
            "가까운역이름":"안양",
            "가까운역거리":2492.41,
            "역세권여부":"비역세권",
            "30분이내주요거점역":0,
            "1시간이내주요거점역":4,
            "3km이내백화점수":0,
            "5km이내아울렛몰수":2,
            "1km이내대형먀트수":0,
            "500m이내은행수":0,
            "500m이내병원수":1,
            "5km이내대형병원수":4,
            "500m이내공원수":3,
            "3km이내혐오시설수":0,
            "초등학교학업성취도":87.8,
            "중학교학업성취도":60.8,
            "용적률":299,
            "건폐율":26,
            "Y":37.38479,
            "X":126.9042,
            "rank":85.0,
            "area_info":"33평(110.88), 49평(162.89)",
            "last_sales":"2021-10-18,49000.0,33평(110.88)"
        },
        {
            "index":392,
            "아파트명":"효성",
            "투자타입":"일반",
            "전용면적(m2)":"118.62",
            "전용면적(평)":"35평",
            "법정동주소":"경기도 안양시 만안구 안양동 976-6",
            "도로명주소":"경기도 안양시 만안구 병목안로130번길 83",
            "세대수":30,
            "입주년차":20,
            "용적률점수":"--",
            "건폐율점수":"--",
            "세대당주차수":30,
            "난방방식":30,
            "공급면적":"--",
            "전용률":"--",
            "욕실수":100,
            "현관타입":100,
            "주거총점":42.0,
            "지역구공급총점":0.0,
            "역세권":0,
            "30분내 이동가능 거점":0,
            "1시간내 이동가능 거점":30,
            "교통총점":6.0,
            "백화점":0,
            "아울렛몰":100,
            "대형마트":0,
            "은행":0,
            "병원":0,
            "종합병원":100,
            "공원":0,
            "혐오시설":0,
            "인프라총점":30.0,
            "초등학군":87.8,
            "중학군":37.24,
            "학군총점":47.352,
            "인구수":27.69,
            "인구증감":-24.61,
            "인구총점":12.0,
            "일자리":4.3,
            "소득수준":62.4,
            "일자리총점":21.73,
            "가치 총점":26.6028,
            "매매실거래년":20211105.0,
            "매매실거래가":46750.0,
            "전세실거래년":20211218.0,
            "전세실거래가":30000.0,
            "전세가율":64.17,
            "장기전세가율평균":70.65,
            "전세가율거품지수":6.48,
            "검색코드":8777,
            "세대수":350.0,
            "준공년월":"2003-07-30",
            "준공년차":20.0,
            "가까운역이름":"안양",
            "가까운역거리":1966.12,
            "역세권여부":"비역세권",
            "30분이내주요거점역":0,
            "1시간이내주요거점역":3,
            "3km이내백화점수":0,
            "5km이내아울렛몰수":2,
            "1km이내대형먀트수":0,
            "500m이내은행수":0,
            "500m이내병원수":0,
            "5km이내대형병원수":3,
            "500m이내공원수":0,
            "3km이내혐오시설수":0,
            "초등학교학업성취도":87.8,
            "중학교학업성취도":60.8,
            "용적률":162,
            "건폐율":10,
            "Y":37.393008,
            "X":126.903416,
            "rank":86.0,
            "area_info":"35평(118.62)",
            "last_sales":"2021-11-05,46750.0,35평(118.62)"
        },
        {
            "index":256,
            "아파트명":"수리산흥화브라운빌",
            "투자타입":"일반",
            "전용면적(m2)":"76.83",
            "전용면적(평)":"23평",
            "법정동주소":"경기도 안양시 만안구 안양동 1094-1",
            "도로명주소":"경기도 안양시 만안구 병목안로 220",
            "세대수":0,
            "입주년차":20,
            "용적률점수":"--",
            "건폐율점수":"--",
            "세대당주차수":30,
            "난방방식":30,
            "공급면적":"--",
            "전용률":"--",
            "욕실수":100,
            "현관타입":100,
            "주거총점":31.5,
            "지역구공급총점":0.0,
            "역세권":0,
            "30분내 이동가능 거점":0,
            "1시간내 이동가능 거점":40,
            "교통총점":8.0,
            "백화점":0,
            "아울렛몰":100,
            "대형마트":0,
            "은행":0,
            "병원":0,
            "종합병원":100,
            "공원":100,
            "혐오시설":0,
            "인프라총점":33.0,
            "초등학군":87.8,
            "중학군":37.24,
            "학군총점":47.352,
            "인구수":27.69,
            "인구증감":-24.61,
            "인구총점":12.0,
            "일자리":4.3,
            "소득수준":62.4,
            "일자리총점":21.73,
            "가치 총점":26.1028,
            "매매실거래년":20210223.0,
            "매매실거래가":36000.0,
            "전세실거래년":20191003.0,
            "전세실거래가":20000.0,
            "전세가율":75.47,
            "장기전세가율평균":70.65,
            "전세가율거품지수":-4.82,
            "검색코드":10271,
            "세대수":224.0,
            "준공년월":"2003-11-29",
            "준공년차":20.0,
            "가까운역이름":"안양",
            "가까운역거리":2377.58,
            "역세권여부":"비역세권",
            "30분이내주요거점역":0,
            "1시간이내주요거점역":4,
            "3km이내백화점수":0,
            "5km이내아울렛몰수":2,
            "1km이내대형먀트수":0,
            "500m이내은행수":0,
            "500m이내병원수":1,
            "5km이내대형병원수":4,
            "500m이내공원수":3,
            "3km이내혐오시설수":0,
            "초등학교학업성취도":87.8,
            "중학교학업성취도":60.8,
            "용적률":313,
            "건폐율":30,
            "Y":37.38489,
            "X":126.90607,
            "rank":87.0,
            "area_info":"23평(76.83), 30평(101.04), 30평(101.45), 30평(101.54), 32평(107.09), 32평(107.33), 32평(107.21), 32평(107.43), 32평(107.58), 32평(107.97), 32평(108.21), 32평(108.21)",
            "last_sales":"2021-02-23,36000.0,32평(107.97)"
        },
        {
            "index":251,
            "아파트명":"수리산현대홈타운1단지",
            "투자타입":"일반",
            "전용면적(m2)":"85.8",
            "전용면적(평)":"25평",
            "법정동주소":"경기도 안양시 만안구 안양동 1060",
            "도로명주소":"경기도 안양시 만안구 창박로 30",
            "세대수":0,
            "입주년차":20,
            "용적률점수":"--",
            "건폐율점수":"--",
            "세대당주차수":30,
            "난방방식":30,
            "공급면적":"--",
            "전용률":"--",
            "욕실수":50,
            "현관타입":100,
            "주거총점":26.5,
            "지역구공급총점":0.0,
            "역세권":0,
            "30분내 이동가능 거점":0,
            "1시간내 이동가능 거점":40,
            "교통총점":8.0,
            "백화점":0,
            "아울렛몰":100,
            "대형마트":0,
            "은행":0,
            "병원":0,
            "종합병원":100,
            "공원":100,
            "혐오시설":0,
            "인프라총점":33.0,
            "초등학군":87.8,
            "중학군":37.24,
            "학군총점":47.352,
            "인구수":27.69,
            "인구증감":-24.61,
            "인구총점":12.0,
            "일자리":4.3,
            "소득수준":62.4,
            "일자리총점":21.73,
            "가치 총점":25.1028,
            "매매실거래년":20211215.0,
            "매매실거래가":44500.0,
            "전세실거래년":20210112.0,
            "전세실거래가":24000.0,
            "전세가율":70.59,
            "장기전세가율평균":70.65,
            "전세가율거품지수":0.06,
            "검색코드":100342,
            "세대수":216.0,
            "준공년월":"2001-11-12",
            "준공년차":22.0,
            "가까운역이름":"안양",
            "가까운역거리":2492.58,
            "역세권여부":"비역세권",
            "30분이내주요거점역":0,
            "1시간이내주요거점역":4,
            "3km이내백화점수":0,
            "5km이내아울렛몰수":2,
            "1km이내대형먀트수":0,
            "500m이내은행수":0,
            "500m이내병원수":1,
            "5km이내대형병원수":4,
            "500m이내공원수":3,
            "3km이내혐오시설수":0,
            "초등학교학업성취도":87.8,
            "중학교학업성취도":60.8,
            "용적률":243,
            "건폐율":19,
            "Y":37.385429,
            "X":126.903324,
            "rank":88.0,
            "area_info":"25평(85.8), 25평(85.47), 34평(114.32)",
            "last_sales":"2021-12-15,44500.0,34평(114.32)"
        },
        {
            "index":364,
            "아파트명":"주공(율목주공)",
            "투자타입":"일반",
            "전용면적(m2)":"66.52",
            "전용면적(평)":"20평",
            "법정동주소":"경기도 안양시 만안구 안양동 969-1",
            "도로명주소":"경기도 안양시 만안구 병목안로110번길 12",
            "세대수":30,
            "입주년차":20,
            "용적률점수":"--",
            "건폐율점수":"--",
            "세대당주차수":0,
            "난방방식":30,
            "공급면적":"--",
            "전용률":"--",
            "욕실수":50,
            "현관타입":10,
            "주거총점":23.5,
            "지역구공급총점":0.0,
            "역세권":0,
            "30분내 이동가능 거점":0,
            "1시간내 이동가능 거점":40,
            "교통총점":8.0,
            "백화점":0,
            "아울렛몰":100,
            "대형마트":0,
            "은행":0,
            "병원":30,
            "종합병원":100,
            "공원":0,
            "혐오시설":0,
            "인프라총점":33.0,
            "초등학군":86.67,
            "중학군":38.14,
            "학군총점":47.846,
            "인구수":27.69,
            "인구증감":-24.61,
            "인구총점":12.0,
            "일자리":4.3,
            "소득수준":62.4,
            "일자리총점":21.73,
            "가치 총점":24.5769,
            "매매실거래년":20211127.0,
            "매매실거래가":33400.0,
            "전세실거래년":20211028.0,
            "전세실거래가":19000.0,
            "전세가율":56.89,
            "장기전세가율평균":70.65,
            "전세가율거품지수":13.76,
            "검색코드":8584,
            "세대수":339.0,
            "준공년월":"2000-06-30",
            "준공년차":23.0,
            "가까운역이름":"안양",
            "가까운역거리":1382.44,
            "역세권여부":"비역세권",
            "30분이내주요거점역":0,
            "1시간이내주요거점역":4,
            "3km이내백화점수":0,
            "5km이내아울렛몰수":2,
            "1km이내대형먀트수":0,
            "500m이내은행수":0,
            "500m이내병원수":7,
            "5km이내대형병원수":4,
            "500m이내공원수":0,
            "3km이내혐오시설수":0,
            "초등학교학업성취도":86.67,
            "중학교학업성취도":63.1,
            "용적률":204,
            "건폐율":16,
            "Y":37.394278,
            "X":126.910219,
            "rank":89.0,
            "area_info":"20평(66.52), 24평(79.91), 34평(113.21), 34평(113.33)",
            "last_sales":"2021-11-27,33400.0,20평(66.52)"
        },
        {
            "index":284,
            "아파트명":"안양금용",
            "투자타입":"일반",
            "전용면적(m2)":"76.31",
            "전용면적(평)":"23평",
            "법정동주소":"경기도 안양시 만안구 안양동 1038-3",
            "도로명주소":"경기도 안양시 만안구 병목안로 179",
            "세대수":0,
            "입주년차":0,
            "용적률점수":"--",
            "건폐율점수":"--",
            "세대당주차수":0,
            "난방방식":30,
            "공급면적":"--",
            "전용률":"--",
            "욕실수":50,
            "현관타입":100,
            "주거총점":18.0,
            "지역구공급총점":0.0,
            "역세권":0,
            "30분내 이동가능 거점":0,
            "1시간내 이동가능 거점":40,
            "교통총점":8.0,
            "백화점":0,
            "아울렛몰":100,
            "대형마트":0,
            "은행":0,
            "병원":10,
            "종합병원":100,
            "공원":100,
            "혐오시설":0,
            "인프라총점":34.0,
            "초등학군":88.07,
            "중학군":38.14,
            "학군총점":48.126,
            "인구수":27.69,
            "인구증감":-24.61,
            "인구총점":12.0,
            "일자리":4.3,
            "소득수준":62.4,
            "일자리총점":21.73,
            "가치 총점":23.8189,
            "매매실거래년":20211020.0,
            "매매실거래가":34500.0,
            "전세실거래년":20210427.0,
            "전세실거래가":24000.0,
            "전세가율":66.67,
            "장기전세가율평균":70.65,
            "전세가율거품지수":3.98,
            "검색코드":2802,
            "세대수":159.0,
            "준공년월":"1997-11-29",
            "준공년차":26.0,
            "가까운역이름":"안양",
            "가까운역거리":1929.83,
            "역세권여부":"비역세권",
            "30분이내주요거점역":0,
            "1시간이내주요거점역":4,
            "3km이내백화점수":0,
            "5km이내아울렛몰수":2,
            "1km이내대형먀트수":0,
            "500m이내은행수":0,
            "500m이내병원수":2,
            "5km이내대형병원수":5,
            "500m이내공원수":2,
            "3km이내혐오시설수":0,
            "초등학교학업성취도":88.07,
            "중학교학업성취도":63.1,
            "용적률":471,
            "건폐율":42,
            "Y":37.38807,
            "X":126.90918,
            "rank":90.0,
            "area_info":"23평(76.31), 32평(107.97)",
            "last_sales":"2021-10-20,34500.0,32평(107.97)"
        }
    ]
}