{
    "schema":{
        "fields":[
            {
                "name":"index",
                "type":"integer"
            },
            {
                "name":"아파트명",
                "type":"string"
            },
            {
                "name":"투자타입",
                "type":"string"
            },
            {
                "name":"전용면적(m2)",
                "type":"string"
            },
            {
                "name":"전용면적(평)",
                "type":"string"
            },
            {
                "name":"법정동주소",
                "type":"string"
            },
            {
                "name":"도로명주소",
                "type":"string"
            },
            {
                "name":"세대수",
                "type":"integer"
            },
            {
                "name":"입주년차",
                "type":"string"
            },
            {
                "name":"용적률점수",
                "type":"string"
            },
            {
                "name":"건폐율점수",
                "type":"string"
            },
            {
                "name":"세대당주차수",
                "type":"string"
            },
            {
                "name":"난방방식",
                "type":"string"
            },
            {
                "name":"공급면적",
                "type":"string"
            },
            {
                "name":"전용률",
                "type":"string"
            },
            {
                "name":"욕실수",
                "type":"string"
            },
            {
                "name":"현관타입",
                "type":"string"
            },
            {
                "name":"주거총점",
                "type":"number"
            },
            {
                "name":"지역구공급총점",
                "type":"number"
            },
            {
                "name":"역세권",
                "type":"integer"
            },
            {
                "name":"30분내 이동가능 거점",
                "type":"integer"
            },
            {
                "name":"1시간내 이동가능 거점",
                "type":"integer"
            },
            {
                "name":"교통총점",
                "type":"number"
            },
            {
                "name":"백화점",
                "type":"integer"
            },
            {
                "name":"아울렛몰",
                "type":"integer"
            },
            {
                "name":"대형마트",
                "type":"integer"
            },
            {
                "name":"은행",
                "type":"integer"
            },
            {
                "name":"병원",
                "type":"integer"
            },
            {
                "name":"종합병원",
                "type":"integer"
            },
            {
                "name":"공원",
                "type":"integer"
            },
            {
                "name":"혐오시설",
                "type":"integer"
            },
            {
                "name":"인프라총점",
                "type":"number"
            },
            {
                "name":"초등학군",
                "type":"number"
            },
            {
                "name":"중학군",
                "type":"number"
            },
            {
                "name":"학군총점",
                "type":"number"
            },
            {
                "name":"인구수",
                "type":"number"
            },
            {
                "name":"인구증감",
                "type":"number"
            },
            {
                "name":"인구총점",
                "type":"number"
            },
            {
                "name":"일자리",
                "type":"number"
            },
            {
                "name":"소득수준",
                "type":"number"
            },
            {
                "name":"일자리총점",
                "type":"number"
            },
            {
                "name":"가치 총점",
                "type":"number"
            },
            {
                "name":"매매실거래년",
                "type":"string"
            },
            {
                "name":"매매실거래가",
                "type":"number"
            },
            {
                "name":"전세실거래년",
                "type":"number"
            },
            {
                "name":"전세실거래가",
                "type":"number"
            },
            {
                "name":"전세가율",
                "type":"number"
            },
            {
                "name":"장기전세가율평균",
                "type":"number"
            },
            {
                "name":"전세가율거품지수",
                "type":"number"
            },
            {
                "name":"검색코드",
                "type":"integer"
            },
            {
                "name":"세대수",
                "type":"number"
            },
            {
                "name":"준공년월",
                "type":"string"
            },
            {
                "name":"준공년차",
                "type":"number"
            },
            {
                "name":"가까운역이름",
                "type":"string"
            },
            {
                "name":"가까운역거리",
                "type":"number"
            },
            {
                "name":"역세권여부",
                "type":"string"
            },
            {
                "name":"30분이내주요거점역",
                "type":"integer"
            },
            {
                "name":"1시간이내주요거점역",
                "type":"integer"
            },
            {
                "name":"3km이내백화점수",
                "type":"integer"
            },
            {
                "name":"5km이내아울렛몰수",
                "type":"integer"
            },
            {
                "name":"1km이내대형먀트수",
                "type":"integer"
            },
            {
                "name":"500m이내은행수",
                "type":"integer"
            },
            {
                "name":"500m이내병원수",
                "type":"integer"
            },
            {
                "name":"5km이내대형병원수",
                "type":"integer"
            },
            {
                "name":"500m이내공원수",
                "type":"integer"
            },
            {
                "name":"3km이내혐오시설수",
                "type":"integer"
            },
            {
                "name":"초등학교학업성취도",
                "type":"number"
            },
            {
                "name":"중학교학업성취도",
                "type":"number"
            },
            {
                "name":"용적률",
                "type":"integer"
            },
            {
                "name":"건폐율",
                "type":"integer"
            },
            {
                "name":"Y",
                "type":"number"
            },
            {
                "name":"X",
                "type":"number"
            },
            {
                "name":"rank",
                "type":"number"
            },
            {
                "name":"area_info",
                "type":"string"
            },
            {
                "name":"last_sales",
                "type":"string"
            }
        ],
        "primaryKey":[
            "index"
        ],
        "pandas_version":"1.4.0"
    },
    "data":[
        {
            "index":106,
            "아파트명":"대방노블랜드8단지",
            "투자타입":"일반",
            "전용면적(m2)":"68.23",
            "전용면적(평)":"20평",
            "법정동주소":"경기도 동두천시 지행동 692-3",
            "도로명주소":"경기도 동두천시 동두천로 149",
            "세대수":50,
            "입주년차":40,
            "용적률점수":"--",
            "건폐율점수":"--",
            "세대당주차수":0,
            "난방방식":30,
            "공급면적":"--",
            "전용률":"--",
            "욕실수":50,
            "현관타입":100,
            "주거총점":43.5,
            "지역구공급총점":100.0,
            "역세권":80,
            "30분내 이동가능 거점":0,
            "1시간내 이동가능 거점":0,
            "교통총점":40.0,
            "백화점":0,
            "아울렛몰":0,
            "대형마트":80,
            "은행":70,
            "병원":80,
            "종합병원":0,
            "공원":100,
            "혐오시설":0,
            "인프라총점":30.0,
            "초등학군":88.9,
            "중학군":45.52,
            "학군총점":54.196,
            "인구수":10.05,
            "인구증감":5.59,
            "인구총점":8.712,
            "일자리":3.5,
            "소득수준":48.79,
            "일자리총점":17.087,
            "가치 총점":39.8294,
            "매매실거래년":20211008.0,
            "매매실거래가":16500.0,
            "전세실거래년":20211225.0,
            "전세실거래가":13650.0,
            "전세가율":56.88,
            "장기전세가율평균":69.98,
            "전세가율거품지수":13.1,
            "검색코드":14073,
            "세대수":402.0,
            "준공년월":"2004-04-28",
            "준공년차":19.0,
            "가까운역이름":"지행",
            "가까운역거리":277.13,
            "역세권여부":"역세권",
            "30분이내주요거점역":0,
            "1시간이내주요거점역":0,
            "3km이내백화점수":0,
            "5km이내아울렛몰수":0,
            "1km이내대형먀트수":1,
            "500m이내은행수":3,
            "500m이내병원수":39,
            "5km이내대형병원수":0,
            "500m이내공원수":7,
            "3km이내혐오시설수":0,
            "초등학교학업성취도":88.9,
            "중학교학업성취도":71.6,
            "용적률":209,
            "건폐율":19,
            "Y":37.894618,
            "X":127.054452,
            "rank":1.0,
            "area_info":"20평(68.23), 23평(77.35), 23평(78.41)",
            "last_sales":"2021-10-08,16500.0,23평(78.41)"
        },
        {
            "index":104,
            "아파트명":"대방노블랜드7단지",
            "투자타입":"일반",
            "전용면적(m2)":"68.09",
            "전용면적(평)":"20평",
            "법정동주소":"경기도 동두천시 지행동 692-1",
            "도로명주소":"경기도 동두천시 거북마루로 64",
            "세대수":50,
            "입주년차":40,
            "용적률점수":"--",
            "건폐율점수":"--",
            "세대당주차수":0,
            "난방방식":30,
            "공급면적":"--",
            "전용률":"--",
            "욕실수":50,
            "현관타입":100,
            "주거총점":43.5,
            "지역구공급총점":100.0,
            "역세권":80,
            "30분내 이동가능 거점":0,
            "1시간내 이동가능 거점":0,
            "교통총점":40.0,
            "백화점":0,
            "아울렛몰":0,
            "대형마트":80,
            "은행":70,
            "병원":80,
            "종합병원":0,
            "공원":100,
            "혐오시설":0,
            "인프라총점":30.0,
            "초등학군":88.9,
            "중학군":45.52,
            "학군총점":54.196,
            "인구수":10.05,
            "인구증감":5.59,
            "인구총점":8.712,
            "일자리":3.5,
            "소득수준":48.79,
            "일자리총점":17.087,
            "가치 총점":39.8294,
            "매매실거래년":20211222.0,
            "매매실거래가":19300.0,
            "전세실거래년":20220110.0,
            "전세실거래가":12600.0,
            "전세가율":65.28,
            "장기전세가율평균":69.98,
            "전세가율거품지수":4.7,
            "검색코드":14072,
            "세대수":450.0,
            "준공년월":"2004-04-28",
            "준공년차":19.0,
            "가까운역이름":"지행",
            "가까운역거리":389.43,
            "역세권여부":"역세권",
            "30분이내주요거점역":0,
            "1시간이내주요거점역":0,
            "3km이내백화점수":0,
            "5km이내아울렛몰수":0,
            "1km이내대형먀트수":1,
            "500m이내은행수":3,
            "500m이내병원수":39,
            "5km이내대형병원수":0,
            "500m이내공원수":7,
            "3km이내혐오시설수":0,
            "초등학교학업성취도":88.9,
            "중학교학업성취도":71.6,
            "용적률":214,
            "건폐율":15,
            "Y":37.895084,
            "X":127.052968,
            "rank":1.0,
            "area_info":"20평(68.09), 23평(78.41)",
            "last_sales":"2021-12-22,19300.0,20평(68.09)"
        },
        {
            "index":114,
            "아파트명":"송내주공1단지",
            "투자타입":"일반",
            "전용면적(m2)":"75.78",
            "전용면적(평)":"22평",
            "법정동주소":"경기도 동두천시 지행동 717-2",
            "도로명주소":"경기도 동두천시 지행로 16",
            "세대수":100,
            "입주년차":40,
            "용적률점수":"--",
            "건폐율점수":"--",
            "세대당주차수":0,
            "난방방식":30,
            "공급면적":"--",
            "전용률":"--",
            "욕실수":100,
            "현관타입":100,
            "주거총점":66.0,
            "지역구공급총점":100.0,
            "역세권":50,
            "30분내 이동가능 거점":0,
            "1시간내 이동가능 거점":0,
            "교통총점":25.0,
            "백화점":0,
            "아울렛몰":0,
            "대형마트":80,
            "은행":70,
            "병원":80,
            "종합병원":0,
            "공원":100,
            "혐오시설":0,
            "인프라총점":30.0,
            "초등학군":85.96,
            "중학군":42.16,
            "학군총점":50.92,
            "인구수":10.05,
            "인구증감":5.59,
            "인구총점":8.712,
            "일자리":3.5,
            "소득수준":48.79,
            "일자리총점":17.087,
            "가치 총점":38.588,
            "매매실거래년":20211224.0,
            "매매실거래가":33500.0,
            "전세실거래년":20220110.0,
            "전세실거래가":13000.0,
            "전세가율":49.43,
            "장기전세가율평균":69.98,
            "전세가율거품지수":20.55,
            "검색코드":14067,
            "세대수":1862.0,
            "준공년월":"2004-08-06",
            "준공년차":19.0,
            "가까운역이름":"지행",
            "가까운역거리":559.15,
            "역세권여부":"준역세권",
            "30분이내주요거점역":0,
            "1시간이내주요거점역":0,
            "3km이내백화점수":0,
            "5km이내아울렛몰수":0,
            "1km이내대형먀트수":1,
            "500m이내은행수":3,
            "500m이내병원수":37,
            "5km이내대형병원수":0,
            "500m이내공원수":6,
            "3km이내혐오시설수":0,
            "초등학교학업성취도":85.96,
            "중학교학업성취도":67.8,
            "용적률":193,
            "건폐율":20,
            "Y":37.891253,
            "X":127.049493,
            "rank":2.0,
            "area_info":"22평(75.78), 23평(77.54), 29평(96.43), 32평(107.98), 32평(107.84), 32평(108.0)",
            "last_sales":"2021-12-24,33500.0,32평(107.84)"
        },
        {
            "index":113,
            "아파트명":"부영9단지",
            "투자타입":"일반",
            "전용면적(m2)":"105.79",
            "전용면적(평)":"32평",
            "법정동주소":"경기도 동두천시 지행동 692-6",
            "도로명주소":"경기도 동두천시 동두천로 139",
            "세대수":0,
            "입주년차":40,
            "용적률점수":"--",
            "건폐율점수":"--",
            "세대당주차수":30,
            "난방방식":30,
            "공급면적":"--",
            "전용률":"--",
            "욕실수":100,
            "현관타입":100,
            "주거총점":35.5,
            "지역구공급총점":100.0,
            "역세권":80,
            "30분내 이동가능 거점":0,
            "1시간내 이동가능 거점":0,
            "교통총점":40.0,
            "백화점":0,
            "아울렛몰":0,
            "대형마트":80,
            "은행":70,
            "병원":80,
            "종합병원":0,
            "공원":100,
            "혐오시설":0,
            "인프라총점":30.0,
            "초등학군":85.96,
            "중학군":45.52,
            "학군총점":53.608,
            "인구수":10.05,
            "인구증감":5.59,
            "인구총점":8.712,
            "일자리":3.5,
            "소득수준":48.79,
            "일자리총점":17.087,
            "가치 총점":38.1412,
            "매매실거래년":20210916.0,
            "매매실거래가":35500.0,
            "전세실거래년":20211118.0,
            "전세실거래가":24000.0,
            "전세가율":67.61,
            "장기전세가율평균":69.98,
            "전세가율거품지수":2.37,
            "검색코드":27778,
            "세대수":298.0,
            "준공년월":"2004-07-23",
            "준공년차":19.0,
            "가까운역이름":"지행",
            "가까운역거리":216.91,
            "역세권여부":"역세권",
            "30분이내주요거점역":0,
            "1시간이내주요거점역":0,
            "3km이내백화점수":0,
            "5km이내아울렛몰수":0,
            "1km이내대형먀트수":1,
            "500m이내은행수":3,
            "500m이내병원수":39,
            "5km이내대형병원수":0,
            "500m이내공원수":7,
            "3km이내혐오시설수":0,
            "초등학교학업성취도":85.96,
            "중학교학업성취도":71.6,
            "용적률":219,
            "건폐율":23,
            "Y":37.893868,
            "X":127.054189,
            "rank":3.0,
            "area_info":"32평(105.79)",
            "last_sales":"2021-09-16,35500.0,32평(105.79)"
        },
        {
            "index":37,
            "아파트명":"부영5단지",
            "투자타입":"일반",
            "전용면적(m2)":"82.39",
            "전용면적(평)":"24평",
            "법정동주소":"경기도 동두천시 생연동 715-1",
            "도로명주소":"경기도 동두천시 동두천로 185",
            "세대수":50,
            "입주년차":40,
            "용적률점수":"--",
            "건폐율점수":"--",
            "세대당주차수":30,
            "난방방식":30,
            "공급면적":"--",
            "전용률":"--",
            "욕실수":100,
            "현관타입":100,
            "주거총점":53.0,
            "지역구공급총점":100.0,
            "역세권":80,
            "30분내 이동가능 거점":0,
            "1시간내 이동가능 거점":0,
            "교통총점":40.0,
            "백화점":0,
            "아울렛몰":0,
            "대형마트":80,
            "은행":0,
            "병원":30,
            "종합병원":0,
            "공원":100,
            "혐오시설":0,
            "인프라총점":18.0,
            "초등학군":87.92,
            "중학군":45.52,
            "학군총점":54.0,
            "인구수":10.05,
            "인구증감":5.59,
            "인구총점":8.712,
            "일자리":3.5,
            "소득수준":48.79,
            "일자리총점":17.087,
            "가치 총점":38.1,
            "매매실거래년":20220103.0,
            "매매실거래가":22000.0,
            "전세실거래년":20211217.0,
            "전세실거래가":15000.0,
            "전세가율":68.18,
            "장기전세가율평균":69.98,
            "전세가율거품지수":1.8,
            "검색코드":112625,
            "세대수":668.0,
            "준공년월":"2004-09-22",
            "준공년차":19.0,
            "가까운역이름":"동두천중앙",
            "가까운역거리":434.04,
            "역세권여부":"역세권",
            "30분이내주요거점역":0,
            "1시간이내주요거점역":0,
            "3km이내백화점수":0,
            "5km이내아울렛몰수":0,
            "1km이내대형먀트수":1,
            "500m이내은행수":0,
            "500m이내병원수":9,
            "5km이내대형병원수":0,
            "500m이내공원수":6,
            "3km이내혐오시설수":0,
            "초등학교학업성취도":87.92,
            "중학교학업성취도":71.6,
            "용적률":209,
            "건폐율":19,
            "Y":37.898268,
            "X":127.054622,
            "rank":4.0,
            "area_info":"24평(82.39)",
            "last_sales":"2022-01-03,22000.0,24평(82.39)"
        },
        {
            "index":38,
            "아파트명":"부영6단지",
            "투자타입":"일반",
            "전용면적(m2)":"71.49",
            "전용면적(평)":"21평",
            "법정동주소":"경기도 동두천시 생연동 715-7",
            "도로명주소":"경기도 동두천시 동두천로 171",
            "세대수":50,
            "입주년차":20,
            "용적률점수":"--",
            "건폐율점수":"--",
            "세대당주차수":30,
            "난방방식":30,
            "공급면적":"--",
            "전용률":"--",
            "욕실수":50,
            "현관타입":100,
            "주거총점":44.0,
            "지역구공급총점":100.0,
            "역세권":80,
            "30분내 이동가능 거점":0,
            "1시간내 이동가능 거점":0,
            "교통총점":40.0,
            "백화점":0,
            "아울렛몰":0,
            "대형마트":80,
            "은행":20,
            "병원":60,
            "종합병원":0,
            "공원":100,
            "혐오시설":0,
            "인프라총점":23.0,
            "초등학군":89.8,
            "중학군":45.52,
            "학군총점":54.376,
            "인구수":10.05,
            "인구증감":5.59,
            "인구총점":8.712,
            "일자리":3.5,
            "소득수준":48.79,
            "일자리총점":17.087,
            "가치 총점":37.8564,
            "매매실거래년":20211007.0,
            "매매실거래가":19500.0,
            "전세실거래년":20220115.0,
            "전세실거래가":10800.0,
            "전세가율":55.38,
            "장기전세가율평균":69.98,
            "전세가율거품지수":14.6,
            "검색코드":14066,
            "세대수":419.0,
            "준공년월":"2003-07-25",
            "준공년차":20.0,
            "가까운역이름":"지행",
            "가까운역거리":486.22,
            "역세권여부":"역세권",
            "30분이내주요거점역":0,
            "1시간이내주요거점역":0,
            "3km이내백화점수":0,
            "5km이내아울렛몰수":0,
            "1km이내대형먀트수":1,
            "500m이내은행수":2,
            "500m이내병원수":28,
            "5km이내대형병원수":0,
            "500m이내공원수":7,
            "3km이내혐오시설수":0,
            "초등학교학업성취도":89.8,
            "중학교학업성취도":71.6,
            "용적률":209,
            "건폐율":19,
            "Y":37.896591,
            "X":127.05445,
            "rank":5.0,
            "area_info":"21평(71.49)",
            "last_sales":"2021-10-07,19500.0,21평(71.49)"
        },
        {
            "index":146,
            "아파트명":"현진에버빌",
            "투자타입":"일반",
            "전용면적(m2)":"118.96",
            "전용면적(평)":"35평",
            "법정동주소":"경기도 동두천시 지행동 691-3",
            "도로명주소":"경기도 동두천시 생연로 10",
            "세대수":50,
            "입주년차":40,
            "용적률점수":"--",
            "건폐율점수":"--",
            "세대당주차수":60,
            "난방방식":30,
            "공급면적":"--",
            "전용률":"--",
            "욕실수":100,
            "현관타입":100,
            "주거총점":57.5,
            "지역구공급총점":100.0,
            "역세권":50,
            "30분내 이동가능 거점":0,
            "1시간내 이동가능 거점":0,
            "교통총점":25.0,
            "백화점":0,
            "아울렛몰":0,
            "대형마트":80,
            "은행":70,
            "병원":80,
            "종합병원":0,
            "공원":100,
            "혐오시설":0,
            "인프라총점":30.0,
            "초등학군":88.9,
            "중학군":45.52,
            "학군총점":54.196,
            "인구수":10.05,
            "인구증감":5.59,
            "인구총점":8.712,
            "일자리":3.5,
            "소득수준":48.79,
            "일자리총점":17.087,
            "가치 총점":37.3794,
            "매매실거래년":20211007.0,
            "매매실거래가":44000.0,
            "전세실거래년":20211221.0,
            "전세실거래가":29000.0,
            "전세가율":65.91,
            "장기전세가율평균":69.98,
            "전세가율거품지수":4.07,
            "검색코드":13279,
            "세대수":628.0,
            "준공년월":"2005-04-01",
            "준공년차":18.0,
            "가까운역이름":"지행",
            "가까운역거리":528.09,
            "역세권여부":"준역세권",
            "30분이내주요거점역":0,
            "1시간이내주요거점역":0,
            "3km이내백화점수":0,
            "5km이내아울렛몰수":0,
            "1km이내대형먀트수":1,
            "500m이내은행수":3,
            "500m이내병원수":38,
            "5km이내대형병원수":0,
            "500m이내공원수":6,
            "3km이내혐오시설수":0,
            "초등학교학업성취도":88.9,
            "중학교학업성취도":71.6,
            "용적률":217,
            "건폐율":19,
            "Y":37.893509,
            "X":127.049885,
            "rank":6.0,
            "area_info":"35평(118.96), 38평(128.14), 45평(151.81), 56평(187.27)",
            "last_sales":"2021-10-07,44000.0,35평(118.96)"
        },
        {
            "index":137,
            "아파트명":"지행주공2단지",
            "투자타입":"일반",
            "전용면적(m2)":"73.13",
            "전용면적(평)":"22평",
            "법정동주소":"경기도 동두천시 지행동 270-3",
            "도로명주소":"경기도 동두천시 평화로 2316-13",
            "세대수":50,
            "입주년차":20,
            "용적률점수":"--",
            "건폐율점수":"--",
            "세대당주차수":0,
            "난방방식":30,
            "공급면적":"--",
            "전용률":"--",
            "욕실수":50,
            "현관타입":100,
            "주거총점":39.5,
            "지역구공급총점":100.0,
            "역세권":80,
            "30분내 이동가능 거점":0,
            "1시간내 이동가능 거점":0,
            "교통총점":40.0,
            "백화점":0,
            "아울렛몰":0,
            "대형마트":80,
            "은행":0,
            "병원":60,
            "종합병원":0,
            "공원":100,
            "혐오시설":0,
            "인프라총점":21.0,
            "초등학군":85.23,
            "중학군":45.52,
            "학군총점":53.462,
            "인구수":10.05,
            "인구증감":5.59,
            "인구총점":8.712,
            "일자리":3.5,
            "소득수준":48.79,
            "일자리총점":17.087,
            "가치 총점":36.2193,
            "매매실거래년":20211030.0,
            "매매실거래가":15600.0,
            "전세실거래년":20210918.0,
            "전세실거래가":14000.0,
            "전세가율":89.74,
            "장기전세가율평균":69.98,
            "전세가율거품지수":-19.76,
            "검색코드":10674,
            "세대수":491.0,
            "준공년월":"1999-08-28",
            "준공년차":24.0,
            "가까운역이름":"지행",
            "가까운역거리":381.91,
            "역세권여부":"역세권",
            "30분이내주요거점역":0,
            "1시간이내주요거점역":0,
            "3km이내백화점수":0,
            "5km이내아울렛몰수":0,
            "1km이내대형먀트수":1,
            "500m이내은행수":0,
            "500m이내병원수":13,
            "5km이내대형병원수":0,
            "500m이내공원수":6,
            "3km이내혐오시설수":0,
            "초등학교학업성취도":85.23,
            "중학교학업성취도":71.6,
            "용적률":225,
            "건폐율":18,
            "Y":37.895,
            "X":127.05846,
            "rank":7.0,
            "area_info":"22평(73.13), 23평(77.17), 24평(82.17)",
            "last_sales":"2021-10-30,15600.0,22평(73.13)"
        },
        {
            "index":120,
            "아파트명":"송내주공2단지",
            "투자타입":"일반",
            "전용면적(m2)":"67.71",
            "전용면적(평)":"20평",
            "법정동주소":"경기도 동두천시 지행동 722-5",
            "도로명주소":"경기도 동두천시 동두천로 89",
            "세대수":80,
            "입주년차":40,
            "용적률점수":"--",
            "건폐율점수":"--",
            "세대당주차수":0,
            "난방방식":30,
            "공급면적":"--",
            "전용률":"--",
            "욕실수":50,
            "현관타입":10,
            "주거총점":45.0,
            "지역구공급총점":100.0,
            "역세권":80,
            "30분내 이동가능 거점":0,
            "1시간내 이동가능 거점":0,
            "교통총점":40.0,
            "백화점":0,
            "아울렛몰":0,
            "대형마트":0,
            "은행":70,
            "병원":80,
            "종합병원":0,
            "공원":100,
            "혐오시설":0,
            "인프라총점":18.0,
            "초등학군":85.96,
            "중학군":42.16,
            "학군총점":50.92,
            "인구수":10.05,
            "인구증감":5.59,
            "인구총점":8.712,
            "일자리":3.5,
            "소득수준":48.79,
            "일자리총점":17.087,
            "가치 총점":36.038,
            "매매실거래년":20211223.0,
            "매매실거래가":17000.0,
            "전세실거래년":20211217.0,
            "전세실거래가":12600.0,
            "전세가율":74.12,
            "장기전세가율평균":69.98,
            "전세가율거품지수":-4.14,
            "검색코드":14068,
            "세대수":878.0,
            "준공년월":"2004-07-29",
            "준공년차":19.0,
            "가까운역이름":"지행",
            "가까운역거리":377.75,
            "역세권여부":"역세권",
            "30분이내주요거점역":0,
            "1시간이내주요거점역":0,
            "3km이내백화점수":0,
            "5km이내아울렛몰수":0,
            "1km이내대형먀트수":0,
            "500m이내은행수":3,
            "500m이내병원수":38,
            "5km이내대형병원수":0,
            "500m이내공원수":6,
            "3km이내혐오시설수":0,
            "초등학교학업성취도":85.96,
            "중학교학업성취도":67.8,
            "용적률":177,
            "건폐율":15,
            "Y":37.889749,
            "X":127.052923,
            "rank":8.0,
            "area_info":"20평(67.71), 23평(77.73), 23평(78.23)",
            "last_sales":"2021-12-23,17000.0,20평(67.71)"
        },
        {
            "index":35,
            "아파트명":"부영1단지",
            "투자타입":"일반",
            "전용면적(m2)":"77.9",
            "전용면적(평)":"23평",
            "법정동주소":"경기도 동두천시 생연동 714-2",
            "도로명주소":"경기도 동두천시 생연로 72",
            "세대수":90,
            "입주년차":40,
            "용적률점수":"--",
            "건폐율점수":"--",
            "세대당주차수":30,
            "난방방식":30,
            "공급면적":"--",
            "전용률":"--",
            "욕실수":100,
            "현관타입":100,
            "주거총점":67.0,
            "지역구공급총점":100.0,
            "역세권":50,
            "30분내 이동가능 거점":0,
            "1시간내 이동가능 거점":0,
            "교통총점":25.0,
            "백화점":0,
            "아울렛몰":0,
            "대형마트":80,
            "은행":0,
            "병원":30,
            "종합병원":0,
            "공원":100,
            "혐오시설":0,
            "인프라총점":18.0,
            "초등학군":89.8,
            "중학군":45.52,
            "학군총점":54.376,
            "인구수":10.05,
            "인구증감":5.59,
            "인구총점":8.712,
            "일자리":3.5,
            "소득수준":48.79,
            "일자리총점":17.087,
            "가치 총점":35.7064,
            "매매실거래년":20211222.0,
            "매매실거래가":31000.0,
            "전세실거래년":20220117.0,
            "전세실거래가":14000.0,
            "전세가율":58.33,
            "장기전세가율평균":69.98,
            "전세가율거품지수":11.65,
            "검색코드":101985,
            "세대수":938.0,
            "준공년월":"2004-10-26",
            "준공년차":19.0,
            "가까운역이름":"동두천중앙",
            "가까운역거리":625.08,
            "역세권여부":"준역세권",
            "30분이내주요거점역":0,
            "1시간이내주요거점역":0,
            "3km이내백화점수":0,
            "5km이내아울렛몰수":0,
            "1km이내대형먀트수":1,
            "500m이내은행수":0,
            "500m이내병원수":8,
            "5km이내대형병원수":0,
            "500m이내공원수":7,
            "3km이내혐오시설수":0,
            "초등학교학업성취도":89.8,
            "중학교학업성취도":71.6,
            "용적률":218,
            "건폐율":19,
            "Y":37.898848,
            "X":127.050487,
            "rank":9.0,
            "area_info":"23평(77.9), 32평(105.79)",
            "last_sales":"2021-12-22,31000.0,32평(105.79)"
        },
        {
            "index":129,
            "아파트명":"지행역동원베네스트",
            "투자타입":"일반",
            "전용면적(m2)":"112.09",
            "전용면적(평)":"33평",
            "법정동주소":"경기도 동두천시 지행동 354",
            "도로명주소":"경기도 동두천시 이담로 89",
            "세대수":50,
            "입주년차":60,
            "용적률점수":"--",
            "건폐율점수":"--",
            "세대당주차수":30,
            "난방방식":30,
            "공급면적":"--",
            "전용률":"--",
            "욕실수":100,
            "현관타입":100,
            "주거총점":57.0,
            "지역구공급총점":100.0,
            "역세권":80,
            "30분내 이동가능 거점":0,
            "1시간내 이동가능 거점":0,
            "교통총점":40.0,
            "백화점":0,
            "아울렛몰":0,
            "대형마트":0,
            "은행":0,
            "병원":10,
            "종합병원":0,
            "공원":100,
            "혐오시설":0,
            "인프라총점":4.0,
            "초등학군":85.23,
            "중학군":42.16,
            "학군총점":50.774,
            "인구수":10.05,
            "인구증감":5.59,
            "인구총점":8.712,
            "일자리":3.5,
            "소득수준":48.79,
            "일자리총점":17.087,
            "가치 총점":34.2161,
            "매매실거래년":20211207.0,
            "매매실거래가":47000.0,
            "전세실거래년":20211210.0,
            "전세실거래가":28000.0,
            "전세가율":82.35,
            "장기전세가율평균":69.98,
            "전세가율거품지수":-12.37,
            "검색코드":27604,
            "세대수":486.0,
            "준공년월":"2009-07-30",
            "준공년차":14.0,
            "가까운역이름":"지행",
            "가까운역거리":424.72,
            "역세권여부":"역세권",
            "30분이내주요거점역":0,
            "1시간이내주요거점역":0,
            "3km이내백화점수":0,
            "5km이내아울렛몰수":0,
            "1km이내대형먀트수":0,
            "500m이내은행수":1,
            "500m이내병원수":4,
            "5km이내대형병원수":0,
            "500m이내공원수":5,
            "3km이내혐오시설수":0,
            "초등학교학업성취도":85.23,
            "중학교학업성취도":67.8,
            "용적률":222,
            "건폐율":19,
            "Y":37.889336,
            "X":127.058715,
            "rank":10.0,
            "area_info":"33평(112.09), 34평(113.35), 46평(152.52)",
            "last_sales":"2021-12-07,47000.0,46평(152.52)"
        },
        {
            "index":21,
            "아파트명":"동두천대방노블랜드2차",
            "투자타입":"일반",
            "전용면적(m2)":"115.88",
            "전용면적(평)":"35평",
            "법정동주소":"경기도 동두천시 생연동 714-5",
            "도로명주소":"경기도 동두천시 거북마루로 45",
            "세대수":30,
            "입주년차":40,
            "용적률점수":"--",
            "건폐율점수":"--",
            "세대당주차수":60,
            "난방방식":30,
            "공급면적":"--",
            "전용률":"--",
            "욕실수":100,
            "현관타입":100,
            "주거총점":50.5,
            "지역구공급총점":100.0,
            "역세권":50,
            "30분내 이동가능 거점":0,
            "1시간내 이동가능 거점":0,
            "교통총점":25.0,
            "백화점":0,
            "아울렛몰":0,
            "대형마트":80,
            "은행":20,
            "병원":60,
            "종합병원":0,
            "공원":100,
            "혐오시설":0,
            "인프라총점":23.0,
            "초등학군":89.8,
            "중학군":45.52,
            "학군총점":54.376,
            "인구수":10.05,
            "인구증감":5.59,
            "인구총점":8.712,
            "일자리":3.5,
            "소득수준":48.79,
            "일자리총점":17.087,
            "가치 총점":33.9064,
            "매매실거래년":20210707.0,
            "매매실거래가":39950.0,
            "전세실거래년":20211218.0,
            "전세실거래가":25000.0,
            "전세가율":78.86,
            "장기전세가율평균":69.98,
            "전세가율거품지수":-8.88,
            "검색코드":14753,
            "세대수":330.0,
            "준공년월":"2005-10-20",
            "준공년차":18.0,
            "가까운역이름":"지행",
            "가까운역거리":630.92,
            "역세권여부":"준역세권",
            "30분이내주요거점역":0,
            "1시간이내주요거점역":0,
            "3km이내백화점수":0,
            "5km이내아울렛몰수":0,
            "1km이내대형먀트수":1,
            "500m이내은행수":2,
            "500m이내병원수":22,
            "5km이내대형병원수":0,
            "500m이내공원수":9,
            "3km이내혐오시설수":0,
            "초등학교학업성취도":89.8,
            "중학교학업성취도":71.6,
            "용적률":219,
            "건폐율":21,
            "Y":37.89654,
            "X":127.05089,
            "rank":11.0,
            "area_info":"35평(115.88), 41평(137.91), 48평(159.26)",
            "last_sales":"2021-07-07,39950.0,48평(159.26)"
        },
        {
            "index":27,
            "아파트명":"동두천센트레빌",
            "투자타입":"일반",
            "전용면적(m2)":"78.94",
            "전용면적(평)":"23평",
            "법정동주소":"경기도 동두천시 생연동 833",
            "도로명주소":"경기도 동두천시",
            "세대수":30,
            "입주년차":100,
            "용적률점수":"--",
            "건폐율점수":"--",
            "세대당주차수":30,
            "난방방식":30,
            "공급면적":"--",
            "전용률":"--",
            "욕실수":100,
            "현관타입":100,
            "주거총점":58.0,
            "지역구공급총점":100.0,
            "역세권":50,
            "30분내 이동가능 거점":0,
            "1시간내 이동가능 거점":0,
            "교통총점":25.0,
            "백화점":0,
            "아울렛몰":0,
            "대형마트":80,
            "은행":0,
            "병원":30,
            "종합병원":0,
            "공원":100,
            "혐오시설":0,
            "인프라총점":18.0,
            "초등학군":89.8,
            "중학군":45.52,
            "학군총점":54.376,
            "인구수":10.05,
            "인구증감":5.59,
            "인구총점":8.712,
            "일자리":3.5,
            "소득수준":48.79,
            "일자리총점":17.087,
            "가치 총점":33.9064,
            "매매실거래년":20210219.0,
            "매매실거래가":34000.0,
            "전세실거래년":null,
            "전세실거래가":null,
            "전세가율":null,
            "장기전세가율평균":69.98,
            "전세가율거품지수":null,
            "검색코드":124879,
            "세대수":376.0,
            "준공년월":"2020-11-01",
            "준공년차":3.0,
            "가까운역이름":"동두천중앙",
            "가까운역거리":656.81,
            "역세권여부":"준역세권",
            "30분이내주요거점역":0,
            "1시간이내주요거점역":0,
            "3km이내백화점수":0,
            "5km이내아울렛몰수":0,
            "1km이내대형먀트수":1,
            "500m이내은행수":0,
            "500m이내병원수":8,
            "5km이내대형병원수":0,
            "500m이내공원수":2,
            "3km이내혐오시설수":0,
            "초등학교학업성취도":89.8,
            "중학교학업성취도":71.6,
            "용적률":237,
            "건폐율":25,
            "Y":37.901146,
            "X":127.049055,
            "rank":11.0,
            "area_info":"23평(78.94), 29평(97.61), 29평(98.54), 33평(110.46)",
            "last_sales":"2021-02-19,34000.0,33평(110.46)"
        },
        {
            "index":39,
            "아파트명":"브라운스톤동두천",
            "투자타입":"일반",
            "전용면적(m2)":"83.64",
            "전용면적(평)":"25평",
            "법정동주소":"경기도 동두천시 생연동 832",
            "도로명주소":"경기도 동두천시 장고갯로 23",
            "세대수":0,
            "입주년차":80,
            "용적률점수":"--",
            "건폐율점수":"--",
            "세대당주차수":0,
            "난방방식":30,
            "공급면적":"--",
            "전용률":"--",
            "욕실수":100,
            "현관타입":100,
            "주거총점":39.0,
            "지역구공급총점":100.0,
            "역세권":80,
            "30분내 이동가능 거점":0,
            "1시간내 이동가능 거점":0,
            "교통총점":40.0,
            "백화점":0,
            "아울렛몰":0,
            "대형마트":80,
            "은행":0,
            "병원":10,
            "종합병원":0,
            "공원":100,
            "혐오시설":0,
            "인프라총점":16.0,
            "초등학군":87.92,
            "중학군":37.78,
            "학군총점":47.808,
            "인구수":10.05,
            "인구증감":5.59,
            "인구총점":8.712,
            "일자리":3.5,
            "소득수준":48.79,
            "일자리총점":17.087,
            "가치 총점":33.7712,
            "매매실거래년":20211031.0,
            "매매실거래가":35000.0,
            "전세실거래년":20200710.0,
            "전세실거래가":15000.0,
            "전세가율":75.0,
            "장기전세가율평균":69.98,
            "전세가율거품지수":-5.02,
            "검색코드":105288,
            "세대수":278.0,
            "준공년월":"2014-09-12",
            "준공년차":9.0,
            "가까운역이름":"동두천중앙",
            "가까운역거리":468.27,
            "역세권여부":"역세권",
            "30분이내주요거점역":0,
            "1시간이내주요거점역":0,
            "3km이내백화점수":0,
            "5km이내아울렛몰수":0,
            "1km이내대형먀트수":1,
            "500m이내은행수":0,
            "500m이내병원수":3,
            "5km이내대형병원수":0,
            "500m이내공원수":5,
            "3km이내혐오시설수":0,
            "초등학교학업성취도":87.92,
            "중학교학업성취도":62.1,
            "용적률":340,
            "건폐율":41,
            "Y":37.898177,
            "X":127.059012,
            "rank":12.0,
            "area_info":"25평(83.64), 25평(84.28), 34평(112.62), 33평(112.35), 33평(112.11)",
            "last_sales":"2021-10-31,35000.0,34평(112.62)"
        },
        {
            "index":143,
            "아파트명":"지행현대2차",
            "투자타입":"일반",
            "전용면적(m2)":"78.62",
            "전용면적(평)":"23평",
            "법정동주소":"경기도 동두천시 지행동 282-3",
            "도로명주소":"경기도 동두천시 평화로 2316-6",
            "세대수":0,
            "입주년차":20,
            "용적률점수":"--",
            "건폐율점수":"--",
            "세대당주차수":0,
            "난방방식":30,
            "공급면적":"--",
            "전용률":"--",
            "욕실수":50,
            "현관타입":100,
            "주거총점":22.0,
            "지역구공급총점":100.0,
            "역세권":80,
            "30분내 이동가능 거점":0,
            "1시간내 이동가능 거점":0,
            "교통총점":40.0,
            "백화점":0,
            "아울렛몰":0,
            "대형마트":80,
            "은행":20,
            "병원":60,
            "종합병원":0,
            "공원":100,
            "혐오시설":0,
            "인프라총점":23.0,
            "초등학군":85.23,
            "중학군":45.52,
            "학군총점":53.462,
            "인구수":10.05,
            "인구증감":5.59,
            "인구총점":8.712,
            "일자리":3.5,
            "소득수준":48.79,
            "일자리총점":17.087,
            "가치 총점":33.3193,
            "매매실거래년":20211003.0,
            "매매실거래가":25000.0,
            "전세실거래년":20211016.0,
            "전세실거래가":11550.0,
            "전세가율":57.75,
            "장기전세가율평균":69.98,
            "전세가율거품지수":12.23,
            "검색코드":13354,
            "세대수":126.0,
            "준공년월":"1999-06-30",
            "준공년차":24.0,
            "가까운역이름":"지행",
            "가까운역거리":303.89,
            "역세권여부":"역세권",
            "30분이내주요거점역":0,
            "1시간이내주요거점역":0,
            "3km이내백화점수":0,
            "5km이내아울렛몰수":0,
            "1km이내대형먀트수":1,
            "500m이내은행수":2,
            "500m이내병원수":23,
            "5km이내대형병원수":0,
            "500m이내공원수":5,
            "3km이내혐오시설수":0,
            "초등학교학업성취도":85.23,
            "중학교학업성취도":71.6,
            "용적률":280,
            "건폐율":17,
            "Y":37.8941,
            "X":127.058359,
            "rank":13.0,
            "area_info":"23평(78.62), 28평(92.79), 33평(111.62)",
            "last_sales":"2021-10-03,25000.0,33평(111.62)"
        },
        {
            "index":91,
            "아파트명":"LH지행역더퍼스트",
            "투자타입":"일반",
            "전용면적(m2)":"88.68",
            "전용면적(평)":"26평",
            "법정동주소":"경기도 동두천시 송내동 664-1",
            "도로명주소":"경기도 동두천시 이담로 10",
            "세대수":50,
            "입주년차":100,
            "용적률점수":"--",
            "건폐율점수":"--",
            "세대당주차수":0,
            "난방방식":30,
            "공급면적":"--",
            "전용률":"--",
            "욕실수":100,
            "현관타입":100,
            "주거총점":60.5,
            "지역구공급총점":100.0,
            "역세권":50,
            "30분내 이동가능 거점":0,
            "1시간내 이동가능 거점":0,
            "교통총점":25.0,
            "백화점":0,
            "아울렛몰":0,
            "대형마트":80,
            "은행":0,
            "병원":10,
            "종합병원":0,
            "공원":100,
            "혐오시설":0,
            "인프라총점":16.0,
            "초등학군":85.96,
            "중학군":42.16,
            "학군총점":50.92,
            "인구수":10.05,
            "인구증감":5.59,
            "인구총점":8.712,
            "일자리":3.5,
            "소득수준":48.79,
            "일자리총점":17.087,
            "가치 총점":33.288,
            "매매실거래년":20211222.0,
            "매매실거래가":24250.0,
            "전세실거래년":20211123.0,
            "전세실거래가":22500.0,
            "전세가율":null,
            "장기전세가율평균":69.98,
            "전세가율거품지수":null,
            "검색코드":133571,
            "세대수":420.0,
            "준공년월":"2021-08-11",
            "준공년차":2.0,
            "가까운역이름":"지행",
            "가까운역거리":747.24,
            "역세권여부":"준역세권",
            "30분이내주요거점역":0,
            "1시간이내주요거점역":0,
            "3km이내백화점수":0,
            "5km이내아울렛몰수":0,
            "1km이내대형먀트수":1,
            "500m이내은행수":0,
            "500m이내병원수":2,
            "5km이내대형병원수":0,
            "500m이내공원수":6,
            "3km이내혐오시설수":0,
            "초등학교학업성취도":85.96,
            "중학교학업성취도":67.8,
            "용적률":89,
            "건폐율":18,
            "Y":37.888222,
            "X":127.048981,
            "rank":14.0,
            "area_info":"26평(88.68), 26평(88.1), 26평(88.28)",
            "last_sales":"2021-12-22,24250.0,26평(88.1)"
        },
        {
            "index":7,
            "아파트명":"보산주공",
            "투자타입":"재건축",
            "전용면적(m2)":"49.91",
            "전용면적(평)":"15평",
            "법정동주소":"경기도 동두천시 보산동 400-1",
            "도로명주소":"경기도 동두천시 동광로154번길 15",
            "세대수":0,
            "입주년차":"--",
            "용적률점수":100,
            "건폐율점수":80,
            "세대당주차수":"--",
            "난방방식":"--",
            "공급면적":50,
            "전용률":80,
            "욕실수":"--",
            "현관타입":"--",
            "주거총점":62.5,
            "지역구공급총점":100.0,
            "역세권":80,
            "30분내 이동가능 거점":0,
            "1시간내 이동가능 거점":0,
            "교통총점":40.0,
            "백화점":0,
            "아울렛몰":0,
            "대형마트":0,
            "은행":0,
            "병원":0,
            "종합병원":0,
            "공원":0,
            "혐오시설":0,
            "인프라총점":0.0,
            "초등학군":90.0,
            "중학군":33.8,
            "학군총점":45.04,
            "인구수":10.05,
            "인구증감":5.59,
            "인구총점":8.712,
            "일자리":3.5,
            "소득수준":48.79,
            "일자리총점":17.087,
            "가치 총점":33.256,
            "매매실거래년":20210820.0,
            "매매실거래가":6500.0,
            "전세실거래년":20210703.0,
            "전세실거래가":5900.0,
            "전세가율":90.77,
            "장기전세가율평균":69.98,
            "전세가율거품지수":-20.79,
            "검색코드":11172,
            "세대수":190.0,
            "준공년월":"1990-04-25",
            "준공년차":33.0,
            "가까운역이름":"보산",
            "가까운역거리":370.11,
            "역세권여부":"역세권",
            "30분이내주요거점역":0,
            "1시간이내주요거점역":0,
            "3km이내백화점수":0,
            "5km이내아울렛몰수":0,
            "1km이내대형먀트수":0,
            "500m이내은행수":1,
            "500m이내병원수":0,
            "5km이내대형병원수":0,
            "500m이내공원수":0,
            "3km이내혐오시설수":0,
            "초등학교학업성취도":90.0,
            "중학교학업성취도":55.0,
            "용적률":101,
            "건폐율":20,
            "Y":37.91454,
            "X":127.06136,
            "rank":15.0,
            "area_info":"15평(49.91), 14평(49.48), 17평(57.57)",
            "last_sales":"2021-08-20,6500.0,15평(49.91)"
        },
        {
            "index":112,
            "아파트명":"부영3단지",
            "투자타입":"일반",
            "전용면적(m2)":"105.79",
            "전용면적(평)":"32평",
            "법정동주소":"경기도 동두천시 지행동 691",
            "도로명주소":"경기도 동두천시 생연로 28",
            "세대수":30,
            "입주년차":20,
            "용적률점수":"--",
            "건폐율점수":"--",
            "세대당주차수":30,
            "난방방식":30,
            "공급면적":"--",
            "전용률":"--",
            "욕실수":100,
            "현관타입":100,
            "주거총점":42.0,
            "지역구공급총점":100.0,
            "역세권":50,
            "30분내 이동가능 거점":0,
            "1시간내 이동가능 거점":0,
            "교통총점":25.0,
            "백화점":0,
            "아울렛몰":0,
            "대형마트":80,
            "은행":20,
            "병원":80,
            "종합병원":0,
            "공원":100,
            "혐오시설":0,
            "인프라총점":25.0,
            "초등학군":88.9,
            "중학군":45.52,
            "학군총점":54.196,
            "인구수":10.05,
            "인구증감":5.59,
            "인구총점":8.712,
            "일자리":3.5,
            "소득수준":48.79,
            "일자리총점":17.087,
            "가치 총점":32.7794,
            "매매실거래년":20210828.0,
            "매매실거래가":33300.0,
            "전세실거래년":20220105.0,
            "전세실거래가":18500.0,
            "전세가율":55.56,
            "장기전세가율평균":69.98,
            "전세가율거품지수":14.42,
            "검색코드":14065,
            "세대수":380.0,
            "준공년월":"2003-07-25",
            "준공년차":20.0,
            "가까운역이름":"지행",
            "가까운역거리":595.34,
            "역세권여부":"준역세권",
            "30분이내주요거점역":0,
            "1시간이내주요거점역":0,
            "3km이내백화점수":0,
            "5km이내아울렛몰수":0,
            "1km이내대형먀트수":1,
            "500m이내은행수":2,
            "500m이내병원수":34,
            "5km이내대형병원수":0,
            "500m이내공원수":8,
            "3km이내혐오시설수":0,
            "초등학교학업성취도":88.9,
            "중학교학업성취도":71.6,
            "용적률":219,
            "건폐율":20,
            "Y":37.895104,
            "X":127.04991,
            "rank":16.0,
            "area_info":"32평(105.79)",
            "last_sales":"2021-08-28,33300.0,32평(105.79)"
        },
        {
            "index":140,
            "아파트명":"지행현대1차",
            "투자타입":"일반",
            "전용면적(m2)":"81.19",
            "전용면적(평)":"24평",
            "법정동주소":"경기도 동두천시 지행동 282-5",
            "도로명주소":"경기도 동두천시 평화로 2316-20",
            "세대수":0,
            "입주년차":20,
            "용적률점수":"--",
            "건폐율점수":"--",
            "세대당주차수":0,
            "난방방식":30,
            "공급면적":"--",
            "전용률":"--",
            "욕실수":50,
            "현관타입":100,
            "주거총점":22.0,
            "지역구공급총점":100.0,
            "역세권":80,
            "30분내 이동가능 거점":0,
            "1시간내 이동가능 거점":0,
            "교통총점":40.0,
            "백화점":0,
            "아울렛몰":0,
            "대형마트":80,
            "은행":0,
            "병원":60,
            "종합병원":0,
            "공원":100,
            "혐오시설":0,
            "인프라총점":21.0,
            "초등학군":85.23,
            "중학군":45.52,
            "학군총점":53.462,
            "인구수":10.05,
            "인구증감":5.59,
            "인구총점":8.712,
            "일자리":3.5,
            "소득수준":48.79,
            "일자리총점":17.087,
            "가치 총점":32.7193,
            "매매실거래년":20210821.0,
            "매매실거래가":23500.0,
            "전세실거래년":20220105.0,
            "전세실거래가":12000.0,
            "전세가율":51.06,
            "장기전세가율평균":69.98,
            "전세가율거품지수":18.92,
            "검색코드":13352,
            "세대수":247.0,
            "준공년월":"1999-06-30",
            "준공년차":24.0,
            "가까운역이름":"지행",
            "가까운역거리":311.78,
            "역세권여부":"역세권",
            "30분이내주요거점역":0,
            "1시간이내주요거점역":0,
            "3km이내백화점수":0,
            "5km이내아울렛몰수":0,
            "1km이내대형먀트수":1,
            "500m이내은행수":1,
            "500m이내병원수":20,
            "5km이내대형병원수":0,
            "500m이내공원수":5,
            "3km이내혐오시설수":0,
            "초등학교학업성취도":85.23,
            "중학교학업성취도":71.6,
            "용적률":278,
            "건폐율":19,
            "Y":37.894092,
            "X":127.058484,
            "rank":17.0,
            "area_info":"24평(81.19), 28평(94.17), 32평(108.8)",
            "last_sales":"2021-08-21,23500.0,24평(81.19)"
        },
        {
            "index":2,
            "아파트명":"동두천신창비바패밀리1단지",
            "투자타입":"일반",
            "전용면적(m2)":"112.81",
            "전용면적(평)":"34평",
            "법정동주소":"경기도 동두천시 동두천동 524",
            "도로명주소":"경기도 동두천시 강변로664번길 45",
            "세대수":50,
            "입주년차":60,
            "용적률점수":"--",
            "건폐율점수":"--",
            "세대당주차수":30,
            "난방방식":30,
            "공급면적":"--",
            "전용률":"--",
            "욕실수":100,
            "현관타입":100,
            "주거총점":57.0,
            "지역구공급총점":100.0,
            "역세권":80,
            "30분내 이동가능 거점":0,
            "1시간내 이동가능 거점":0,
            "교통총점":40.0,
            "백화점":0,
            "아울렛몰":0,
            "대형마트":0,
            "은행":0,
            "병원":0,
            "종합병원":0,
            "공원":100,
            "혐오시설":0,
            "인프라총점":3.0,
            "초등학군":95.66,
            "중학군":28.82,
            "학군총점":42.188,
            "인구수":10.05,
            "인구증감":5.59,
            "인구총점":8.712,
            "일자리":3.5,
            "소득수준":48.79,
            "일자리총점":17.087,
            "가치 총점":32.6282,
            "매매실거래년":20211103.0,
            "매매실거래가":27500.0,
            "전세실거래년":20211227.0,
            "전세실거래가":20000.0,
            "전세가율":80.0,
            "장기전세가율평균":69.98,
            "전세가율거품지수":-10.02,
            "검색코드":27444,
            "세대수":409.0,
            "준공년월":"2009-12-29",
            "준공년차":14.0,
            "가까운역이름":"동두천",
            "가까운역거리":158.35,
            "역세권여부":"역세권",
            "30분이내주요거점역":0,
            "1시간이내주요거점역":0,
            "3km이내백화점수":0,
            "5km이내아울렛몰수":0,
            "1km이내대형먀트수":0,
            "500m이내은행수":0,
            "500m이내병원수":0,
            "5km이내대형병원수":0,
            "500m이내공원수":2,
            "3km이내혐오시설수":0,
            "초등학교학업성취도":95.66,
            "중학교학업성취도":46.1,
            "용적률":236,
            "건폐율":24,
            "Y":37.927179,
            "X":127.053217,
            "rank":18.0,
            "area_info":"34평(112.81), 39평(129.72)",
            "last_sales":"2021-11-03,27500.0,39평(129.72)"
        },
        {
            "index":94,
            "아파트명":"송내아이파크",
            "투자타입":"일반",
            "전용면적(m2)":"116.99",
            "전용면적(평)":"35평",
            "법정동주소":"경기도 동두천시 송내동 664-4",
            "도로명주소":"경기도 동두천시 강변로 160",
            "세대수":50,
            "입주년차":40,
            "용적률점수":"--",
            "건폐율점수":"--",
            "세대당주차수":60,
            "난방방식":30,
            "공급면적":"--",
            "전용률":"--",
            "욕실수":100,
            "현관타입":100,
            "주거총점":57.5,
            "지역구공급총점":100.0,
            "역세권":50,
            "30분내 이동가능 거점":0,
            "1시간내 이동가능 거점":0,
            "교통총점":25.0,
            "백화점":0,
            "아울렛몰":0,
            "대형마트":80,
            "은행":0,
            "병원":0,
            "종합병원":0,
            "공원":100,
            "혐오시설":0,
            "인프라총점":15.0,
            "초등학군":88.5,
            "중학군":42.16,
            "학군총점":51.428,
            "인구수":10.05,
            "인구증감":5.59,
            "인구총점":8.712,
            "일자리":3.5,
            "소득수준":48.79,
            "일자리총점":17.087,
            "가치 총점":32.4642,
            "매매실거래년":20211109.0,
            "매매실거래가":42500.0,
            "전세실거래년":20211122.0,
            "전세실거래가":4000.0,
            "전세가율":10.26,
            "장기전세가율평균":69.98,
            "전세가율거품지수":59.72,
            "검색코드":13280,
            "세대수":424.0,
            "준공년월":"2005-07-22",
            "준공년차":18.0,
            "가까운역이름":"지행",
            "가까운역거리":857.09,
            "역세권여부":"준역세권",
            "30분이내주요거점역":0,
            "1시간이내주요거점역":0,
            "3km이내백화점수":0,
            "5km이내아울렛몰수":0,
            "1km이내대형먀트수":1,
            "500m이내은행수":0,
            "500m이내병원수":0,
            "5km이내대형병원수":0,
            "500m이내공원수":6,
            "3km이내혐오시설수":0,
            "초등학교학업성취도":88.5,
            "중학교학업성취도":67.8,
            "용적률":219,
            "건폐율":14,
            "Y":37.88645,
            "X":127.049407,
            "rank":19.0,
            "area_info":"35평(116.99), 40평(135.1), 48평(159.53)",
            "last_sales":"2021-11-09,42500.0,48평(159.53)"
        },
        {
            "index":32,
            "아파트명":"명품하우스(도시형)",
            "투자타입":"일반",
            "전용면적(m2)":"36.02",
            "전용면적(평)":"10평",
            "법정동주소":"경기도 동두천시 생연동 442-1",
            "도로명주소":"경기도 동두천시 평화로 2418",
            "세대수":0,
            "입주년차":60,
            "용적률점수":"--",
            "건폐율점수":"--",
            "세대당주차수":0,
            "난방방식":30,
            "공급면적":"--",
            "전용률":"--",
            "욕실수":50,
            "현관타입":10,
            "주거총점":21.0,
            "지역구공급총점":100.0,
            "역세권":80,
            "30분내 이동가능 거점":0,
            "1시간내 이동가능 거점":0,
            "교통총점":40.0,
            "백화점":0,
            "아울렛몰":0,
            "대형마트":80,
            "은행":0,
            "병원":60,
            "종합병원":0,
            "공원":100,
            "혐오시설":0,
            "인프라총점":21.0,
            "초등학군":87.92,
            "중학군":37.78,
            "학군총점":47.808,
            "인구수":10.05,
            "인구증감":5.59,
            "인구총점":8.712,
            "일자리":3.5,
            "소득수준":48.79,
            "일자리총점":17.087,
            "가치 총점":31.6712,
            "매매실거래년":20211202.0,
            "매매실거래가":5700.0,
            "전세실거래년":20210807.0,
            "전세실거래가":5000.0,
            "전세가율":95.24,
            "장기전세가율평균":69.98,
            "전세가율거품지수":-25.26,
            "검색코드":105859,
            "세대수":136.0,
            "준공년월":"2012-08-07",
            "준공년차":11.0,
            "가까운역이름":"동두천중앙",
            "가까운역거리":226.02,
            "역세권여부":"역세권",
            "30분이내주요거점역":0,
            "1시간이내주요거점역":0,
            "3km이내백화점수":0,
            "5km이내아울렛몰수":0,
            "1km이내대형먀트수":1,
            "500m이내은행수":1,
            "500m이내병원수":14,
            "5km이내대형병원수":0,
            "500m이내공원수":2,
            "3km이내혐오시설수":0,
            "초등학교학업성취도":87.92,
            "중학교학업성취도":62.1,
            "용적률":478,
            "건폐율":57,
            "Y":37.90337,
            "X":127.058241,
            "rank":20.0,
            "area_info":"10평(36.02), 12평(39.8), 12평(42.35)",
            "last_sales":"2021-12-02,5700.0,12평(42.35)"
        },
        {
            "index":101,
            "아파트명":"주공4단지",
            "투자타입":"일반",
            "전용면적(m2)":"60.76",
            "전용면적(평)":"18평",
            "법정동주소":"경기도 동두천시 송내동 665-3",
            "도로명주소":"경기도 동두천시 동두천로 63",
            "세대수":90,
            "입주년차":20,
            "용적률점수":"--",
            "건폐율점수":"--",
            "세대당주차수":0,
            "난방방식":30,
            "공급면적":"--",
            "전용률":"--",
            "욕실수":50,
            "현관타입":50,
            "주거총점":48.5,
            "지역구공급총점":100.0,
            "역세권":50,
            "30분내 이동가능 거점":0,
            "1시간내 이동가능 거점":0,
            "교통총점":25.0,
            "백화점":0,
            "아울렛몰":0,
            "대형마트":80,
            "은행":0,
            "병원":10,
            "종합병원":0,
            "공원":100,
            "혐오시설":0,
            "인프라총점":16.0,
            "초등학군":88.5,
            "중학군":42.16,
            "학군총점":51.428,
            "인구수":10.05,
            "인구증감":5.59,
            "인구총점":8.712,
            "일자리":3.5,
            "소득수준":48.79,
            "일자리총점":17.087,
            "가치 총점":30.9642,
            "매매실거래년":20220115.0,
            "매매실거래가":20000.0,
            "전세실거래년":20220108.0,
            "전세실거래가":11000.0,
            "전세가율":55.0,
            "장기전세가율평균":69.98,
            "전세가율거품지수":14.98,
            "검색코드":14004,
            "세대수":1386.0,
            "준공년월":"2003-05-20",
            "준공년차":20.0,
            "가까운역이름":"지행",
            "가까운역거리":595.79,
            "역세권여부":"준역세권",
            "30분이내주요거점역":0,
            "1시간이내주요거점역":0,
            "3km이내백화점수":0,
            "5km이내아울렛몰수":0,
            "1km이내대형먀트수":1,
            "500m이내은행수":0,
            "500m이내병원수":3,
            "5km이내대형병원수":0,
            "500m이내공원수":9,
            "3km이내혐오시설수":0,
            "초등학교학업성취도":88.5,
            "중학교학업성취도":67.8,
            "용적률":184,
            "건폐율":14,
            "Y":37.887197,
            "X":127.053786,
            "rank":21.0,
            "area_info":"18평(60.76), 18평(60.97), 24평(80.33)",
            "last_sales":"2022-01-15,20000.0,18평(60.76)"
        },
        {
            "index":97,
            "아파트명":"송내주공5단지",
            "투자타입":"일반",
            "전용면적(m2)":"107.41",
            "전용면적(평)":"32평",
            "법정동주소":"경기도 동두천시 송내동 696-3",
            "도로명주소":"경기도 동두천시 동두천로 27",
            "세대수":50,
            "입주년차":20,
            "용적률점수":"--",
            "건폐율점수":"--",
            "세대당주차수":30,
            "난방방식":30,
            "공급면적":"--",
            "전용률":"--",
            "욕실수":100,
            "현관타입":100,
            "주거총점":49.0,
            "지역구공급총점":100.0,
            "역세권":50,
            "30분내 이동가능 거점":0,
            "1시간내 이동가능 거점":0,
            "교통총점":25.0,
            "백화점":0,
            "아울렛몰":0,
            "대형마트":80,
            "은행":0,
            "병원":0,
            "종합병원":0,
            "공원":100,
            "혐오시설":0,
            "인프라총점":15.0,
            "초등학군":88.5,
            "중학군":42.16,
            "학군총점":51.428,
            "인구수":10.05,
            "인구증감":5.59,
            "인구총점":8.712,
            "일자리":3.5,
            "소득수준":48.79,
            "일자리총점":17.087,
            "가치 총점":30.7642,
            "매매실거래년":20210712.0,
            "매매실거래가":32000.0,
            "전세실거래년":20211213.0,
            "전세실거래가":13000.0,
            "전세가율":48.15,
            "장기전세가율평균":69.98,
            "전세가율거품지수":21.83,
            "검색코드":14003,
            "세대수":577.0,
            "준공년월":"2003-06-17",
            "준공년차":20.0,
            "가까운역이름":"지행",
            "가까운역거리":931.4,
            "역세권여부":"준역세권",
            "30분이내주요거점역":0,
            "1시간이내주요거점역":0,
            "3km이내백화점수":0,
            "5km이내아울렛몰수":0,
            "1km이내대형먀트수":1,
            "500m이내은행수":0,
            "500m이내병원수":0,
            "5km이내대형병원수":0,
            "500m이내공원수":6,
            "3km이내혐오시설수":0,
            "초등학교학업성취도":88.5,
            "중학교학업성취도":67.8,
            "용적률":202,
            "건폐율":16,
            "Y":37.884149,
            "X":127.053461,
            "rank":22.0,
            "area_info":"32평(107.41), 32평(108.39), 32평(108.28), 32평(108.64)",
            "last_sales":"2021-07-12,32000.0,32평(108.64)"
        },
        {
            "index":135,
            "아파트명":"지행주공1단지",
            "투자타입":"일반",
            "전용면적(m2)":"70.45",
            "전용면적(평)":"21평",
            "법정동주소":"경기도 동두천시 지행동 270-4",
            "도로명주소":"경기도 동두천시 삼육사로1002번길 93",
            "세대수":0,
            "입주년차":20,
            "용적률점수":"--",
            "건폐율점수":"--",
            "세대당주차수":0,
            "난방방식":30,
            "공급면적":"--",
            "전용률":"--",
            "욕실수":50,
            "현관타입":10,
            "주거총점":13.0,
            "지역구공급총점":100.0,
            "역세권":80,
            "30분내 이동가능 거점":0,
            "1시간내 이동가능 거점":0,
            "교통총점":40.0,
            "백화점":0,
            "아울렛몰":0,
            "대형마트":80,
            "은행":0,
            "병원":10,
            "종합병원":0,
            "공원":100,
            "혐오시설":0,
            "인프라총점":16.0,
            "초등학군":85.23,
            "중학군":45.52,
            "학군총점":53.462,
            "인구수":10.05,
            "인구증감":5.59,
            "인구총점":8.712,
            "일자리":3.5,
            "소득수준":48.79,
            "일자리총점":17.087,
            "가치 총점":29.4193,
            "매매실거래년":20211211.0,
            "매매실거래가":17700.0,
            "전세실거래년":20210622.0,
            "전세실거래가":9450.0,
            "전세가율":67.5,
            "장기전세가율평균":69.98,
            "전세가율거품지수":2.48,
            "검색코드":10673,
            "세대수":269.0,
            "준공년월":"2000-04-20",
            "준공년차":23.0,
            "가까운역이름":"지행",
            "가까운역거리":495.3,
            "역세권여부":"역세권",
            "30분이내주요거점역":0,
            "1시간이내주요거점역":0,
            "3km이내백화점수":0,
            "5km이내아울렛몰수":0,
            "1km이내대형먀트수":1,
            "500m이내은행수":0,
            "500m이내병원수":2,
            "5km이내대형병원수":0,
            "500m이내공원수":5,
            "3km이내혐오시설수":0,
            "초등학교학업성취도":85.23,
            "중학교학업성취도":71.6,
            "용적률":159,
            "건폐율":13,
            "Y":37.895382,
            "X":127.059832,
            "rank":23.0,
            "area_info":"21평(70.45), 23평(77.11)",
            "last_sales":"2021-12-11,17700.0,23평(77.11)"
        },
        {
            "index":4,
            "아파트명":"우방아이유쉘",
            "투자타입":"일반",
            "전용면적(m2)":"113.65",
            "전용면적(평)":"34평",
            "법정동주소":"경기도 동두천시 동두천동 524-2",
            "도로명주소":"경기도 동두천시 강변로664번길 25",
            "세대수":0,
            "입주년차":60,
            "용적률점수":"--",
            "건폐율점수":"--",
            "세대당주차수":30,
            "난방방식":30,
            "공급면적":"--",
            "전용률":"--",
            "욕실수":100,
            "현관타입":100,
            "주거총점":39.5,
            "지역구공급총점":100.0,
            "역세권":80,
            "30분내 이동가능 거점":0,
            "1시간내 이동가능 거점":0,
            "교통총점":40.0,
            "백화점":0,
            "아울렛몰":0,
            "대형마트":0,
            "은행":0,
            "병원":0,
            "종합병원":0,
            "공원":100,
            "혐오시설":0,
            "인프라총점":3.0,
            "초등학군":95.66,
            "중학군":28.82,
            "학군총점":42.188,
            "인구수":10.05,
            "인구증감":5.59,
            "인구총점":8.712,
            "일자리":3.5,
            "소득수준":48.79,
            "일자리총점":17.087,
            "가치 총점":29.1282,
            "매매실거래년":20210923.0,
            "매매실거래가":26000.0,
            "전세실거래년":20211125.0,
            "전세실거래가":12000.0,
            "전세가율":52.17,
            "장기전세가율평균":69.98,
            "전세가율거품지수":17.81,
            "검색코드":27446,
            "세대수":221.0,
            "준공년월":"2009-12-29",
            "준공년차":14.0,
            "가까운역이름":"동두천",
            "가까운역거리":301.69,
            "역세권여부":"역세권",
            "30분이내주요거점역":0,
            "1시간이내주요거점역":0,
            "3km이내백화점수":0,
            "5km이내아울렛몰수":0,
            "1km이내대형먀트수":0,
            "500m이내은행수":0,
            "500m이내병원수":0,
            "5km이내대형병원수":0,
            "500m이내공원수":2,
            "3km이내혐오시설수":0,
            "초등학교학업성취도":95.66,
            "중학교학업성취도":46.1,
            "용적률":223,
            "건폐율":19,
            "Y":37.926922,
            "X":127.051571,
            "rank":24.0,
            "area_info":"34평(113.65), 34평(114.38), 34평(114.76)",
            "last_sales":"2021-09-23,26000.0,34평(114.38)"
        },
        {
            "index":125,
            "아파트명":"지행동양엔파트",
            "투자타입":"일반",
            "전용면적(m2)":"108.39",
            "전용면적(평)":"32평",
            "법정동주소":"경기도 동두천시 지행동 172",
            "도로명주소":"경기도 동두천시 행선로20번길 43",
            "세대수":50,
            "입주년차":60,
            "용적률점수":"--",
            "건폐율점수":"--",
            "세대당주차수":30,
            "난방방식":30,
            "공급면적":"--",
            "전용률":"--",
            "욕실수":100,
            "현관타입":100,
            "주거총점":57.0,
            "지역구공급총점":100.0,
            "역세권":50,
            "30분내 이동가능 거점":0,
            "1시간내 이동가능 거점":0,
            "교통총점":25.0,
            "백화점":0,
            "아울렛몰":0,
            "대형마트":0,
            "은행":0,
            "병원":0,
            "종합병원":0,
            "공원":100,
            "혐오시설":0,
            "인프라총점":3.0,
            "초등학군":85.23,
            "중학군":42.16,
            "학군총점":50.774,
            "인구수":10.05,
            "인구증감":5.59,
            "인구총점":8.712,
            "일자리":3.5,
            "소득수준":48.79,
            "일자리총점":17.087,
            "가치 총점":28.6661,
            "매매실거래년":20211201.0,
            "매매실거래가":33000.0,
            "전세실거래년":20220115.0,
            "전세실거래가":25000.0,
            "전세가율":75.76,
            "장기전세가율평균":69.98,
            "전세가율거품지수":-5.78,
            "검색코드":102846,
            "세대수":500.0,
            "준공년월":"2011-12-02",
            "준공년차":12.0,
            "가까운역이름":"지행",
            "가까운역거리":765.84,
            "역세권여부":"준역세권",
            "30분이내주요거점역":0,
            "1시간이내주요거점역":0,
            "3km이내백화점수":0,
            "5km이내아울렛몰수":0,
            "1km이내대형먀트수":0,
            "500m이내은행수":0,
            "500m이내병원수":0,
            "5km이내대형병원수":0,
            "500m이내공원수":3,
            "3km이내혐오시설수":0,
            "초등학교학업성취도":85.23,
            "중학교학업성취도":67.8,
            "용적률":229,
            "건폐율":18,
            "Y":37.889972,
            "X":127.063914,
            "rank":25.0,
            "area_info":"32평(108.39), 32평(108.74), 32평(108.84), 40평(133.77)",
            "last_sales":"2021-12-01,33000.0,32평(108.39)"
        },
        {
            "index":86,
            "아파트명":"조흥",
            "투자타입":"재건축",
            "전용면적(m2)":"72.52",
            "전용면적(평)":"21평",
            "법정동주소":"경기도 동두천시 생연동 268-5",
            "도로명주소":"경기도 동두천시 어등로 6",
            "세대수":0,
            "입주년차":"--",
            "용적률점수":80,
            "건폐율점수":80,
            "세대당주차수":"--",
            "난방방식":"--",
            "공급면적":50,
            "전용률":60,
            "욕실수":"--",
            "현관타입":"--",
            "주거총점":53.5,
            "지역구공급총점":100.0,
            "역세권":50,
            "30분내 이동가능 거점":0,
            "1시간내 이동가능 거점":0,
            "교통총점":25.0,
            "백화점":0,
            "아울렛몰":0,
            "대형마트":0,
            "은행":0,
            "병원":10,
            "종합병원":0,
            "공원":100,
            "혐오시설":0,
            "인프라총점":4.0,
            "초등학군":87.92,
            "중학군":37.78,
            "학군총점":47.808,
            "인구수":10.05,
            "인구증감":5.59,
            "인구총점":8.712,
            "일자리":3.5,
            "소득수준":48.79,
            "일자리총점":17.087,
            "가치 총점":27.8212,
            "매매실거래년":20211127.0,
            "매매실거래가":8200.0,
            "전세실거래년":20211126.0,
            "전세실거래가":3800.0,
            "전세가율":58.46,
            "장기전세가율평균":69.98,
            "전세가율거품지수":11.52,
            "검색코드":9989,
            "세대수":180.0,
            "준공년월":"1990-05-28",
            "준공년차":33.0,
            "가까운역이름":"동두천중앙",
            "가까운역거리":881.15,
            "역세권여부":"준역세권",
            "30분이내주요거점역":0,
            "1시간이내주요거점역":0,
            "3km이내백화점수":0,
            "5km이내아울렛몰수":0,
            "1km이내대형먀트수":0,
            "500m이내은행수":0,
            "500m이내병원수":2,
            "5km이내대형병원수":0,
            "500m이내공원수":2,
            "3km이내혐오시설수":0,
            "초등학교학업성취도":87.92,
            "중학교학업성취도":62.1,
            "용적률":165,
            "건폐율":27,
            "Y":37.90084,
            "X":127.066437,
            "rank":26.0,
            "area_info":"21평(72.52), 22평(73.09), 22평(73.3), 24평(82.38), 29평(96.14)",
            "last_sales":"2021-11-27,8200.0,29평(96.14)"
        },
        {
            "index":54,
            "아파트명":"세아프라자",
            "투자타입":"일반",
            "전용면적(m2)":"92.86",
            "전용면적(평)":"28평",
            "법정동주소":"경기도 동두천시 생연동 809",
            "도로명주소":"경기도 동두천시 큰시장로 64",
            "세대수":0,
            "입주년차":0,
            "용적률점수":"--",
            "건폐율점수":"--",
            "세대당주차수":0,
            "난방방식":30,
            "공급면적":"--",
            "전용률":"--",
            "욕실수":100,
            "현관타입":100,
            "주거총점":23.0,
            "지역구공급총점":100.0,
            "역세권":50,
            "30분내 이동가능 거점":0,
            "1시간내 이동가능 거점":0,
            "교통총점":25.0,
            "백화점":0,
            "아울렛몰":0,
            "대형마트":80,
            "은행":0,
            "병원":30,
            "종합병원":0,
            "공원":100,
            "혐오시설":0,
            "인프라총점":18.0,
            "초등학군":89.8,
            "중학군":45.52,
            "학군총점":54.376,
            "인구수":10.05,
            "인구증감":5.59,
            "인구총점":8.712,
            "일자리":3.5,
            "소득수준":48.79,
            "일자리총점":17.087,
            "가치 총점":26.9064,
            "매매실거래년":20210601.0,
            "매매실거래가":11500.0,
            "전세실거래년":null,
            "전세실거래가":null,
            "전세가율":null,
            "장기전세가율평균":69.98,
            "전세가율거품지수":null,
            "검색코드":9389,
            "세대수":240.0,
            "준공년월":"1993-02-13",
            "준공년차":30.0,
            "가까운역이름":"동두천중앙",
            "가까운역거리":548.71,
            "역세권여부":"준역세권",
            "30분이내주요거점역":0,
            "1시간이내주요거점역":0,
            "3km이내백화점수":0,
            "5km이내아울렛몰수":0,
            "1km이내대형먀트수":1,
            "500m이내은행수":0,
            "500m이내병원수":9,
            "5km이내대형병원수":0,
            "500m이내공원수":4,
            "3km이내혐오시설수":0,
            "초등학교학업성취도":89.8,
            "중학교학업성취도":71.6,
            "용적률":537,
            "건폐율":69,
            "Y":37.90077,
            "X":127.05039,
            "rank":27.0,
            "area_info":"28평(92.86), 30평(102.42), 31평(104.32), 33평(109.15), 33평(109.19), 33평(111.51), 33평(111.47)",
            "last_sales":"2021-06-01,11500.0,33평(111.47)"
        },
        {
            "index":10,
            "아파트명":"상패주공",
            "투자타입":"일반",
            "전용면적(m2)":"54.51",
            "전용면적(평)":"16평",
            "법정동주소":"경기도 동두천시 상패동 61",
            "도로명주소":"경기도 동두천시 어수로 29-16",
            "세대수":50,
            "입주년차":0,
            "용적률점수":"--",
            "건폐율점수":"--",
            "세대당주차수":0,
            "난방방식":30,
            "공급면적":"--",
            "전용률":"--",
            "욕실수":50,
            "현관타입":10,
            "주거총점":26.5,
            "지역구공급총점":100.0,
            "역세권":50,
            "30분내 이동가능 거점":0,
            "1시간내 이동가능 거점":0,
            "교통총점":25.0,
            "백화점":0,
            "아울렛몰":0,
            "대형마트":80,
            "은행":0,
            "병원":0,
            "종합병원":0,
            "공원":100,
            "혐오시설":0,
            "인프라총점":15.0,
            "초등학군":89.8,
            "중학군":45.52,
            "학군총점":54.376,
            "인구수":10.05,
            "인구증감":5.59,
            "인구총점":8.712,
            "일자리":3.5,
            "소득수준":48.79,
            "일자리총점":17.087,
            "가치 총점":26.7064,
            "매매실거래년":20220112.0,
            "매매실거래가":12800.0,
            "전세실거래년":20210807.0,
            "전세실거래가":5000.0,
            "전세가율":71.43,
            "장기전세가율평균":69.98,
            "전세가율거품지수":-1.45,
            "검색코드":11881,
            "세대수":498.0,
            "준공년월":"1997-06-19",
            "준공년차":26.0,
            "가까운역이름":"동두천중앙",
            "가까운역거리":829.09,
            "역세권여부":"준역세권",
            "30분이내주요거점역":0,
            "1시간이내주요거점역":0,
            "3km이내백화점수":0,
            "5km이내아울렛몰수":0,
            "1km이내대형먀트수":1,
            "500m이내은행수":0,
            "500m이내병원수":1,
            "5km이내대형병원수":0,
            "500m이내공원수":3,
            "3km이내혐오시설수":0,
            "초등학교학업성취도":89.8,
            "중학교학업성취도":71.6,
            "용적률":181,
            "건폐율":16,
            "Y":37.904799,
            "X":127.047784,
            "rank":28.0,
            "area_info":"16평(54.51), 20평(68.04), 20평(68.58)",
            "last_sales":"2022-01-12,12800.0,20평(68.58)"
        },
        {
            "index":24,
            "아파트명":"동두천생연월드메르디앙",
            "투자타입":"일반",
            "전용면적(m2)":"77.91",
            "전용면적(평)":"23평",
            "법정동주소":"경기도 동두천시 생연동 231",
            "도로명주소":"경기도 동두천시 장고갯로 116",
            "세대수":30,
            "입주년차":60,
            "용적률점수":"--",
            "건폐율점수":"--",
            "세대당주차수":30,
            "난방방식":30,
            "공급면적":"--",
            "전용률":"--",
            "욕실수":100,
            "현관타입":100,
            "주거총점":50.0,
            "지역구공급총점":100.0,
            "역세권":50,
            "30분내 이동가능 거점":0,
            "1시간내 이동가능 거점":0,
            "교통총점":25.0,
            "백화점":0,
            "아울렛몰":0,
            "대형마트":0,
            "은행":0,
            "병원":0,
            "종합병원":0,
            "공원":80,
            "혐오시설":0,
            "인프라총점":2.4,
            "초등학군":90.0,
            "중학군":35.04,
            "학군총점":46.032,
            "인구수":10.05,
            "인구증감":5.59,
            "인구총점":8.712,
            "일자리":3.5,
            "소득수준":48.79,
            "일자리총점":17.087,
            "가치 총점":26.3748,
            "매매실거래년":20211227.0,
            "매매실거래가":21000.0,
            "전세실거래년":20191013.0,
            "전세실거래가":12500.0,
            "전세가율":61.58,
            "장기전세가율평균":69.98,
            "전세가율거품지수":8.4,
            "검색코드":27599,
            "세대수":361.0,
            "준공년월":"2009-07-30",
            "준공년차":14.0,
            "가까운역이름":"동두천중앙",
            "가까운역거리":763.1,
            "역세권여부":"준역세권",
            "30분이내주요거점역":0,
            "1시간이내주요거점역":0,
            "3km이내백화점수":0,
            "5km이내아울렛몰수":0,
            "1km이내대형먀트수":0,
            "500m이내은행수":1,
            "500m이내병원수":0,
            "5km이내대형병원수":0,
            "500m이내공원수":1,
            "3km이내혐오시설수":0,
            "초등학교학업성취도":90.0,
            "중학교학업성취도":58.4,
            "용적률":249,
            "건폐율":23,
            "Y":37.904788,
            "X":127.064363,
            "rank":29.0,
            "area_info":"23평(77.91), 33평(110.95), 38평(127.3)",
            "last_sales":"2021-12-27,21000.0,38평(127.3)"
        },
        {
            "index":78,
            "아파트명":"에이스5차",
            "투자타입":"일반",
            "전용면적(m2)":"77.83",
            "전용면적(평)":"23평",
            "법정동주소":"경기도 동두천시 생연동 356",
            "도로명주소":"경기도 동두천시 삼육사로1002번길 47",
            "세대수":30,
            "입주년차":20,
            "용적률점수":"--",
            "건폐율점수":"--",
            "세대당주차수":30,
            "난방방식":30,
            "공급면적":"--",
            "전용률":"--",
            "욕실수":50,
            "현관타입":10,
            "주거총점":28.0,
            "지역구공급총점":100.0,
            "역세권":50,
            "30분내 이동가능 거점":0,
            "1시간내 이동가능 거점":0,
            "교통총점":25.0,
            "백화점":0,
            "아울렛몰":0,
            "대형마트":80,
            "은행":0,
            "병원":10,
            "종합병원":0,
            "공원":100,
            "혐오시설":0,
            "인프라총점":16.0,
            "초등학군":87.92,
            "중학군":37.78,
            "학군총점":47.808,
            "인구수":10.05,
            "인구증감":5.59,
            "인구총점":8.712,
            "일자리":3.5,
            "소득수준":48.79,
            "일자리총점":17.087,
            "가치 총점":26.3212,
            "매매실거래년":20211207.0,
            "매매실거래가":12900.0,
            "전세실거래년":20211013.0,
            "전세실거래가":10000.0,
            "전세가율":77.52,
            "장기전세가율평균":69.98,
            "전세가율거품지수":-7.54,
            "검색코드":14513,
            "세대수":391.0,
            "준공년월":"2002-08-28",
            "준공년차":21.0,
            "가까운역이름":"동두천중앙",
            "가까운역거리":630.71,
            "역세권여부":"준역세권",
            "30분이내주요거점역":0,
            "1시간이내주요거점역":0,
            "3km이내백화점수":0,
            "5km이내아울렛몰수":0,
            "1km이내대형먀트수":1,
            "500m이내은행수":0,
            "500m이내병원수":2,
            "5km이내대형병원수":0,
            "500m이내공원수":4,
            "3km이내혐오시설수":0,
            "초등학교학업성취도":87.92,
            "중학교학업성취도":62.1,
            "용적률":325,
            "건폐율":22,
            "Y":37.897226,
            "X":127.060582,
            "rank":30.0,
            "area_info":"23평(77.83), 24평(81.75), 33평(109.7), 33평(109.71), 38평(128.02)",
            "last_sales":"2021-12-07,12900.0,23평(77.83)"
        },
        {
            "index":70,
            "아파트명":"에이스3차",
            "투자타입":"일반",
            "전용면적(m2)":"77.27",
            "전용면적(평)":"23평",
            "법정동주소":"경기도 동두천시 생연동 350",
            "도로명주소":"경기도 동두천시 행선로 123-19",
            "세대수":0,
            "입주년차":0,
            "용적률점수":"--",
            "건폐율점수":"--",
            "세대당주차수":60,
            "난방방식":30,
            "공급면적":"--",
            "전용률":"--",
            "욕실수":50,
            "현관타입":100,
            "주거총점":27.0,
            "지역구공급총점":100.0,
            "역세권":50,
            "30분내 이동가능 거점":0,
            "1시간내 이동가능 거점":0,
            "교통총점":25.0,
            "백화점":0,
            "아울렛몰":0,
            "대형마트":80,
            "은행":0,
            "병원":10,
            "종합병원":0,
            "공원":100,
            "혐오시설":0,
            "인프라총점":16.0,
            "초등학군":87.92,
            "중학군":37.78,
            "학군총점":47.808,
            "인구수":10.05,
            "인구증감":5.59,
            "인구총점":8.712,
            "일자리":3.5,
            "소득수준":48.79,
            "일자리총점":17.087,
            "가치 총점":26.1212,
            "매매실거래년":20211207.0,
            "매매실거래가":13300.0,
            "전세실거래년":20210918.0,
            "전세실거래가":13000.0,
            "전세가율":97.74,
            "장기전세가율평균":69.98,
            "전세가율거품지수":-27.76,
            "검색코드":14511,
            "세대수":270.0,
            "준공년월":"1993-06-14",
            "준공년차":30.0,
            "가까운역이름":"동두천중앙",
            "가까운역거리":693.62,
            "역세권여부":"준역세권",
            "30분이내주요거점역":0,
            "1시간이내주요거점역":0,
            "3km이내백화점수":0,
            "5km이내아울렛몰수":0,
            "1km이내대형먀트수":1,
            "500m이내은행수":0,
            "500m이내병원수":2,
            "5km이내대형병원수":0,
            "500m이내공원수":2,
            "3km이내혐오시설수":0,
            "초등학교학업성취도":87.92,
            "중학교학업성취도":62.1,
            "용적률":150,
            "건폐율":23,
            "Y":37.897627,
            "X":127.062259,
            "rank":31.0,
            "area_info":"23평(77.27), 25평(83.35), 30평(101.31), 43평(142.63), 43평(144.76)",
            "last_sales":"2021-12-07,13300.0,23평(77.27)"
        },
        {
            "index":132,
            "아파트명":"지행역휴먼빌",
            "투자타입":"일반",
            "전용면적(m2)":"117.63",
            "전용면적(평)":"35평",
            "법정동주소":"경기도 동두천시 지행동 308",
            "도로명주소":"경기도 동두천시 행선로 52",
            "세대수":0,
            "입주년차":60,
            "용적률점수":"--",
            "건폐율점수":"--",
            "세대당주차수":60,
            "난방방식":30,
            "공급면적":"--",
            "전용률":"--",
            "욕실수":100,
            "현관타입":100,
            "주거총점":44.0,
            "지역구공급총점":100.0,
            "역세권":50,
            "30분내 이동가능 거점":0,
            "1시간내 이동가능 거점":0,
            "교통총점":25.0,
            "백화점":0,
            "아울렛몰":0,
            "대형마트":0,
            "은행":0,
            "병원":0,
            "종합병원":0,
            "공원":100,
            "혐오시설":0,
            "인프라총점":3.0,
            "초등학군":85.23,
            "중학군":42.16,
            "학군총점":50.774,
            "인구수":10.05,
            "인구증감":5.59,
            "인구총점":8.712,
            "일자리":3.5,
            "소득수준":48.79,
            "일자리총점":17.087,
            "가치 총점":26.0661,
            "매매실거래년":20211116.0,
            "매매실거래가":47500.0,
            "전세실거래년":20211019.0,
            "전세실거래가":18375.0,
            "전세가율":47.12,
            "장기전세가율평균":69.98,
            "전세가율거품지수":22.86,
            "검색코드":27537,
            "세대수":272.0,
            "준공년월":"2009-03-27",
            "준공년차":14.0,
            "가까운역이름":"지행",
            "가까운역거리":538.8,
            "역세권여부":"준역세권",
            "30분이내주요거점역":0,
            "1시간이내주요거점역":0,
            "3km이내백화점수":0,
            "5km이내아울렛몰수":0,
            "1km이내대형먀트수":0,
            "500m이내은행수":0,
            "500m이내병원수":1,
            "5km이내대형병원수":0,
            "500m이내공원수":3,
            "3km이내혐오시설수":0,
            "초등학교학업성취도":85.23,
            "중학교학업성취도":67.8,
            "용적률":247,
            "건폐율":28,
            "Y":37.893576,
            "X":127.061651,
            "rank":32.0,
            "area_info":"35평(117.63), 45평(151.97), 54평(181.03)",
            "last_sales":"2021-11-16,47500.0,45평(151.97)"
        },
        {
            "index":123,
            "아파트명":"아이다빌(도시형)",
            "투자타입":"일반",
            "전용면적(m2)":"23.44",
            "전용면적(평)":"7평",
            "법정동주소":"경기도 동두천시 지행동 358-2",
            "도로명주소":"경기도 동두천시 이담로 98",
            "세대수":0,
            "입주년차":60,
            "용적률점수":"--",
            "건폐율점수":"--",
            "세대당주차수":0,
            "난방방식":30,
            "공급면적":"--",
            "전용률":"--",
            "욕실수":50,
            "현관타입":10,
            "주거총점":21.0,
            "지역구공급총점":100.0,
            "역세권":50,
            "30분내 이동가능 거점":0,
            "1시간내 이동가능 거점":0,
            "교통총점":25.0,
            "백화점":0,
            "아울렛몰":0,
            "대형마트":80,
            "은행":0,
            "병원":0,
            "종합병원":0,
            "공원":100,
            "혐오시설":0,
            "인프라총점":15.0,
            "초등학군":85.23,
            "중학군":42.16,
            "학군총점":50.774,
            "인구수":10.05,
            "인구증감":5.59,
            "인구총점":8.712,
            "일자리":3.5,
            "소득수준":48.79,
            "일자리총점":17.087,
            "가치 총점":25.0661,
            "매매실거래년":"18000101",
            "매매실거래가":null,
            "전세실거래년":null,
            "전세실거래가":null,
            "전세가율":null,
            "장기전세가율평균":69.98,
            "전세가율거품지수":null,
            "검색코드":121507,
            "세대수":111.0,
            "준공년월":"2013-04-24",
            "준공년차":10.0,
            "가까운역이름":"지행",
            "가까운역거리":563.1,
            "역세권여부":"준역세권",
            "30분이내주요거점역":0,
            "1시간이내주요거점역":0,
            "3km이내백화점수":0,
            "5km이내아울렛몰수":0,
            "1km이내대형먀트수":1,
            "500m이내은행수":0,
            "500m이내병원수":0,
            "5km이내대형병원수":0,
            "500m이내공원수":4,
            "3km이내혐오시설수":0,
            "초등학교학업성취도":85.23,
            "중학교학업성취도":67.8,
            "용적률":197,
            "건폐율":58,
            "Y":37.888135,
            "X":127.059303,
            "rank":33.0,
            "area_info":"7평(23.44), 7평(25.09)",
            "last_sales":"1800-01-01,nan,7평(23.44)"
        },
        {
            "index":75,
            "아파트명":"에이스4차",
            "투자타입":"일반",
            "전용면적(m2)":"82.27",
            "전용면적(평)":"24평",
            "법정동주소":"경기도 동두천시 생연동 352",
            "도로명주소":"경기도 동두천시 행선로 123-49",
            "세대수":0,
            "입주년차":0,
            "용적률점수":"--",
            "건폐율점수":"--",
            "세대당주차수":0,
            "난방방식":30,
            "공급면적":"--",
            "전용률":"--",
            "욕실수":50,
            "현관타입":100,
            "주거총점":18.0,
            "지역구공급총점":100.0,
            "역세권":50,
            "30분내 이동가능 거점":0,
            "1시간내 이동가능 거점":0,
            "교통총점":25.0,
            "백화점":0,
            "아울렛몰":0,
            "대형마트":80,
            "은행":0,
            "병원":10,
            "종합병원":0,
            "공원":100,
            "혐오시설":0,
            "인프라총점":16.0,
            "초등학군":87.92,
            "중학군":37.78,
            "학군총점":47.808,
            "인구수":10.05,
            "인구증감":5.59,
            "인구총점":8.712,
            "일자리":3.5,
            "소득수준":48.79,
            "일자리총점":17.087,
            "가치 총점":24.3212,
            "매매실거래년":20211203.0,
            "매매실거래가":23000.0,
            "전세실거래년":20211102.0,
            "전세실거래가":8000.0,
            "전세가율":44.44,
            "장기전세가율평균":69.98,
            "전세가율거품지수":25.54,
            "검색코드":14512,
            "세대수":246.0,
            "준공년월":"1995-07-29",
            "준공년차":28.0,
            "가까운역이름":"동두천중앙",
            "가까운역거리":715.3,
            "역세권여부":"준역세권",
            "30분이내주요거점역":0,
            "1시간이내주요거점역":0,
            "3km이내백화점수":0,
            "5km이내아울렛몰수":0,
            "1km이내대형먀트수":1,
            "500m이내은행수":0,
            "500m이내병원수":2,
            "5km이내대형병원수":0,
            "500m이내공원수":4,
            "3km이내혐오시설수":0,
            "초등학교학업성취도":87.92,
            "중학교학업성취도":62.1,
            "용적률":298,
            "건폐율":26,
            "Y":37.89701,
            "X":127.061801,
            "rank":34.0,
            "area_info":"24평(82.27), 32평(107.06), 32평(107.87)",
            "last_sales":"2021-12-03,23000.0,32평(107.06)"
        },
        {
            "index":18,
            "아파트명":"대방노블랜드1차",
            "투자타입":"일반",
            "전용면적(m2)":"69.53",
            "전용면적(평)":"21평",
            "법정동주소":"경기도 동두천시 생연동 360-2",
            "도로명주소":"경기도 동두천시 삼육사로1002번길 25",
            "세대수":0,
            "입주년차":20,
            "용적률점수":"--",
            "건폐율점수":"--",
            "세대당주차수":0,
            "난방방식":30,
            "공급면적":"--",
            "전용률":"--",
            "욕실수":50,
            "현관타입":10,
            "주거총점":13.0,
            "지역구공급총점":100.0,
            "역세권":50,
            "30분내 이동가능 거점":0,
            "1시간내 이동가능 거점":0,
            "교통총점":25.0,
            "백화점":0,
            "아울렛몰":0,
            "대형마트":80,
            "은행":0,
            "병원":10,
            "종합병원":0,
            "공원":100,
            "혐오시설":0,
            "인프라총점":16.0,
            "초등학군":87.92,
            "중학군":37.78,
            "학군총점":47.808,
            "인구수":10.05,
            "인구증감":5.59,
            "인구총점":8.712,
            "일자리":3.5,
            "소득수준":48.79,
            "일자리총점":17.087,
            "가치 총점":23.3212,
            "매매실거래년":20220111.0,
            "매매실거래가":14900.0,
            "전세실거래년":20211023.0,
            "전세실거래가":8000.0,
            "전세가율":72.73,
            "장기전세가율평균":69.98,
            "전세가율거품지수":-2.75,
            "검색코드":15931,
            "세대수":226.0,
            "준공년월":"2000-10-30",
            "준공년차":23.0,
            "가까운역이름":"동두천중앙",
            "가까운역거리":603.03,
            "역세권여부":"준역세권",
            "30분이내주요거점역":0,
            "1시간이내주요거점역":0,
            "3km이내백화점수":0,
            "5km이내아울렛몰수":0,
            "1km이내대형먀트수":1,
            "500m이내은행수":0,
            "500m이내병원수":2,
            "5km이내대형병원수":0,
            "500m이내공원수":3,
            "3km이내혐오시설수":0,
            "초등학교학업성취도":87.92,
            "중학교학업성취도":62.1,
            "용적률":340,
            "건폐율":25,
            "Y":37.898052,
            "X":127.061344,
            "rank":35.0,
            "area_info":"21평(69.53), 21평(69.62), 25평(83.41)",
            "last_sales":"2022-01-11,14900.0,25평(83.41)"
        },
        {
            "index":44,
            "아파트명":"상우",
            "투자타입":"재건축",
            "전용면적(m2)":"72.93",
            "전용면적(평)":"22평",
            "법정동주소":"경기도 동두천시 생연동 296-1",
            "도로명주소":"경기도 동두천시 삼육사로 1057",
            "세대수":0,
            "입주년차":"--",
            "용적률점수":0,
            "건폐율점수":100,
            "세대당주차수":"--",
            "난방방식":"--",
            "공급면적":50,
            "전용률":60,
            "욕실수":"--",
            "현관타입":"--",
            "주거총점":25.5,
            "지역구공급총점":100.0,
            "역세권":50,
            "30분내 이동가능 거점":0,
            "1시간내 이동가능 거점":0,
            "교통총점":25.0,
            "백화점":0,
            "아울렛몰":0,
            "대형마트":0,
            "은행":0,
            "병원":10,
            "종합병원":0,
            "공원":100,
            "혐오시설":0,
            "인프라총점":4.0,
            "초등학군":87.92,
            "중학군":37.78,
            "학군총점":47.808,
            "인구수":10.05,
            "인구증감":5.59,
            "인구총점":8.712,
            "일자리":3.5,
            "소득수준":48.79,
            "일자리총점":17.087,
            "가치 총점":22.2212,
            "매매실거래년":20211207.0,
            "매매실거래가":14600.0,
            "전세실거래년":20200414.0,
            "전세실거래가":4500.0,
            "전세가율":145.16,
            "장기전세가율평균":69.98,
            "전세가율거품지수":-75.18,
            "검색코드":10973,
            "세대수":252.0,
            "준공년월":"1991-11-12",
            "준공년차":32.0,
            "가까운역이름":"동두천중앙",
            "가까운역거리":948.28,
            "역세권여부":"준역세권",
            "30분이내주요거점역":0,
            "1시간이내주요거점역":0,
            "3km이내백화점수":0,
            "5km이내아울렛몰수":0,
            "1km이내대형먀트수":0,
            "500m이내은행수":0,
            "500m이내병원수":2,
            "5km이내대형병원수":0,
            "500m이내공원수":2,
            "3km이내혐오시설수":0,
            "초등학교학업성취도":87.92,
            "중학교학업성취도":62.1,
            "용적률":289,
            "건폐율":19,
            "Y":37.900016,
            "X":127.067027,
            "rank":36.0,
            "area_info":"22평(72.93), 25평(84.89), 25평(84.79), 26평(88.17), 32평(106.44), 33평(110.68), 38평(125.86), 44평(146.17)",
            "last_sales":"2021-12-07,14600.0,44평(146.17)"
        },
        {
            "index":61,
            "아파트명":"에이스1차",
            "투자타입":"재건축",
            "전용면적(m2)":"81.82",
            "전용면적(평)":"24평",
            "법정동주소":"경기도 동두천시 생연동 334-1",
            "도로명주소":"경기도 동두천시 행선로 100-21",
            "세대수":0,
            "입주년차":"--",
            "용적률점수":0,
            "건폐율점수":80,
            "세대당주차수":"--",
            "난방방식":"--",
            "공급면적":70,
            "전용률":60,
            "욕실수":"--",
            "현관타입":"--",
            "주거총점":22.5,
            "지역구공급총점":100.0,
            "역세권":50,
            "30분내 이동가능 거점":0,
            "1시간내 이동가능 거점":0,
            "교통총점":25.0,
            "백화점":0,
            "아울렛몰":0,
            "대형마트":0,
            "은행":0,
            "병원":10,
            "종합병원":0,
            "공원":100,
            "혐오시설":0,
            "인프라총점":4.0,
            "초등학군":87.92,
            "중학군":37.78,
            "학군총점":47.808,
            "인구수":10.05,
            "인구증감":5.59,
            "인구총점":8.712,
            "일자리":3.5,
            "소득수준":48.79,
            "일자리총점":17.087,
            "가치 총점":21.6212,
            "매매실거래년":20211207.0,
            "매매실거래가":13100.0,
            "전세실거래년":20211113.0,
            "전세실거래가":10000.0,
            "전세가율":76.34,
            "장기전세가율평균":69.98,
            "전세가율거품지수":-6.36,
            "검색코드":8730,
            "세대수":292.0,
            "준공년월":"1992-09-18",
            "준공년차":31.0,
            "가까운역이름":"동두천중앙",
            "가까운역거리":858.54,
            "역세권여부":"준역세권",
            "30분이내주요거점역":0,
            "1시간이내주요거점역":0,
            "3km이내백화점수":0,
            "5km이내아울렛몰수":0,
            "1km이내대형먀트수":0,
            "500m이내은행수":0,
            "500m이내병원수":2,
            "5km이내대형병원수":0,
            "500m이내공원수":2,
            "3km이내혐오시설수":0,
            "초등학교학업성취도":87.92,
            "중학교학업성취도":62.1,
            "용적률":273,
            "건폐율":23,
            "Y":37.897374,
            "X":127.064423,
            "rank":37.0,
            "area_info":"24평(81.82), 31평(103.01), 38평(126.72), 43평(142.72)",
            "last_sales":"2021-12-07,13100.0,24평(81.82)"
        },
        {
            "index":52,
            "아파트명":"생연주공(163)",
            "투자타입":"일반",
            "전용면적(m2)":"53.15",
            "전용면적(평)":"16평",
            "법정동주소":"경기도 동두천시 생연동 163",
            "도로명주소":"경기도 동두천시 중앙로 424",
            "세대수":50,
            "입주년차":0,
            "용적률점수":"--",
            "건폐율점수":"--",
            "세대당주차수":0,
            "난방방식":30,
            "공급면적":"--",
            "전용률":"--",
            "욕실수":50,
            "현관타입":10,
            "주거총점":26.5,
            "지역구공급총점":100.0,
            "역세권":50,
            "30분내 이동가능 거점":0,
            "1시간내 이동가능 거점":0,
            "교통총점":25.0,
            "백화점":0,
            "아울렛몰":0,
            "대형마트":0,
            "은행":0,
            "병원":0,
            "종합병원":0,
            "공원":0,
            "혐오시설":0,
            "인프라총점":0.0,
            "초등학군":90.0,
            "중학군":33.8,
            "학군총점":45.04,
            "인구수":10.05,
            "인구증감":5.59,
            "인구총점":8.712,
            "일자리":3.5,
            "소득수준":48.79,
            "일자리총점":17.087,
            "가치 총점":20.806,
            "매매실거래년":20211101.0,
            "매매실거래가":15000.0,
            "전세실거래년":20211001.0,
            "전세실거래가":7000.0,
            "전세가율":82.35,
            "장기전세가율평균":69.98,
            "전세가율거품지수":-12.37,
            "검색코드":10527,
            "세대수":504.0,
            "준공년월":"1996-10-19",
            "준공년차":27.0,
            "가까운역이름":"보산",
            "가까운역거리":651.72,
            "역세권여부":"준역세권",
            "30분이내주요거점역":0,
            "1시간이내주요거점역":0,
            "3km이내백화점수":0,
            "5km이내아울렛몰수":0,
            "1km이내대형먀트수":0,
            "500m이내은행수":0,
            "500m이내병원수":0,
            "5km이내대형병원수":0,
            "500m이내공원수":0,
            "3km이내혐오시설수":0,
            "초등학교학업성취도":90.0,
            "중학교학업성취도":55.0,
            "용적률":219,
            "건폐율":16,
            "Y":37.912899,
            "X":127.064636,
            "rank":38.0,
            "area_info":"16평(53.15), 23평(78.98)",
            "last_sales":"2021-11-01,15000.0,23평(78.98)"
        },
        {
            "index":109,
            "아파트명":"동두천에코휴먼빌2차",
            "투자타입":"일반",
            "전용면적(m2)":"110.79",
            "전용면적(평)":"33평",
            "법정동주소":"경기도 동두천시 지행동 196",
            "도로명주소":"경기도 동두천시 이담로 161",
            "세대수":50,
            "입주년차":80,
            "용적률점수":"--",
            "건폐율점수":"--",
            "세대당주차수":30,
            "난방방식":30,
            "공급면적":"--",
            "전용률":"--",
            "욕실수":100,
            "현관타입":100,
            "주거총점":61.0,
            "지역구공급총점":100.0,
            "역세권":0,
            "30분내 이동가능 거점":0,
            "1시간내 이동가능 거점":0,
            "교통총점":0.0,
            "백화점":0,
            "아울렛몰":0,
            "대형마트":0,
            "은행":0,
            "병원":0,
            "종합병원":0,
            "공원":100,
            "혐오시설":0,
            "인프라총점":3.0,
            "초등학군":85.23,
            "중학군":42.16,
            "학군총점":50.774,
            "인구수":10.05,
            "인구증감":5.59,
            "인구총점":8.712,
            "일자리":3.5,
            "소득수준":48.79,
            "일자리총점":17.087,
            "가치 총점":20.7161,
            "매매실거래년":20211009.0,
            "매매실거래가":36500.0,
            "전세실거래년":20211225.0,
            "전세실거래가":22000.0,
            "전세가율":55.0,
            "장기전세가율평균":69.98,
            "전세가율거품지수":14.98,
            "검색코드":105296,
            "세대수":492.0,
            "준공년월":"2018-01-17",
            "준공년차":5.0,
            "가까운역이름":"지행",
            "가까운역거리":1142.63,
            "역세권여부":"비역세권",
            "30분이내주요거점역":0,
            "1시간이내주요거점역":0,
            "3km이내백화점수":0,
            "5km이내아울렛몰수":0,
            "1km이내대형먀트수":0,
            "500m이내은행수":0,
            "500m이내병원수":0,
            "5km이내대형병원수":0,
            "500m이내공원수":2,
            "3km이내혐오시설수":0,
            "초등학교학업성취도":85.23,
            "중학교학업성취도":67.8,
            "용적률":229,
            "건폐율":21,
            "Y":37.887671,
            "X":127.067319,
            "rank":39.0,
            "area_info":"33평(110.79), 33평(112.23), 33평(112.01)",
            "last_sales":"2021-10-09,36500.0,33평(112.01)"
        },
        {
            "index":0,
            "아파트명":"광암미군",
            "투자타입":"재건축",
            "전용면적(m2)":"64.89",
            "전용면적(평)":"19평",
            "법정동주소":"경기도 동두천시 광암동 476",
            "도로명주소":"경기도 동두천시 삼육사로 1193",
            "세대수":0,
            "입주년차":"--",
            "용적률점수":100,
            "건폐율점수":100,
            "세대당주차수":"--",
            "난방방식":"--",
            "공급면적":50,
            "전용률":100,
            "욕실수":"--",
            "현관타입":"--",
            "주거총점":67.5,
            "지역구공급총점":100.0,
            "역세권":0,
            "30분내 이동가능 거점":0,
            "1시간내 이동가능 거점":0,
            "교통총점":0.0,
            "백화점":0,
            "아울렛몰":0,
            "대형마트":0,
            "은행":0,
            "병원":0,
            "종합병원":0,
            "공원":0,
            "혐오시설":0,
            "인프라총점":0.0,
            "초등학군":85.23,
            "중학군":35.04,
            "학군총점":45.078,
            "인구수":10.05,
            "인구증감":5.59,
            "인구총점":8.712,
            "일자리":3.5,
            "소득수준":48.79,
            "일자리총점":17.087,
            "가치 총점":20.2617,
            "매매실거래년":"18000101",
            "매매실거래가":null,
            "전세실거래년":null,
            "전세실거래가":null,
            "전세가율":null,
            "장기전세가율평균":69.98,
            "전세가율거품지수":null,
            "검색코드":14856,
            "세대수":102.0,
            "준공년월":"1986-07-05",
            "준공년차":37.0,
            "가까운역이름":"지행",
            "가까운역거리":2230.78,
            "역세권여부":"비역세권",
            "30분이내주요거점역":0,
            "1시간이내주요거점역":0,
            "3km이내백화점수":0,
            "5km이내아울렛몰수":0,
            "1km이내대형먀트수":0,
            "500m이내은행수":0,
            "500m이내병원수":0,
            "5km이내대형병원수":0,
            "500m이내공원수":0,
            "3km이내혐오시설수":0,
            "초등학교학업성취도":85.23,
            "중학교학업성취도":58.4,
            "용적률":33,
            "건폐율":11,
            "Y":37.89513,
            "X":127.08089,
            "rank":40.0,
            "area_info":"19평(64.89), 19평(66.1)",
            "last_sales":"1800-01-01,nan,19평(64.89)"
        },
        {
            "index":83,
            "아파트명":"우성",
            "투자타입":"재건축",
            "전용면적(m2)":"74.72",
            "전용면적(평)":"22평",
            "법정동주소":"경기도 동두천시 생연동 464-9",
            "도로명주소":"경기도 동두천시 송터로 21",
            "세대수":0,
            "입주년차":"--",
            "용적률점수":0,
            "건폐율점수":80,
            "세대당주차수":"--",
            "난방방식":"--",
            "공급면적":50,
            "전용률":80,
            "욕실수":"--",
            "현관타입":"--",
            "주거총점":22.5,
            "지역구공급총점":100.0,
            "역세권":50,
            "30분내 이동가능 거점":0,
            "1시간내 이동가능 거점":0,
            "교통총점":25.0,
            "백화점":0,
            "아울렛몰":0,
            "대형마트":0,
            "은행":0,
            "병원":0,
            "종합병원":0,
            "공원":0,
            "혐오시설":0,
            "인프라총점":0.0,
            "초등학군":90.0,
            "중학군":35.04,
            "학군총점":46.032,
            "인구수":10.05,
            "인구증감":5.59,
            "인구총점":8.712,
            "일자리":3.5,
            "소득수준":48.79,
            "일자리총점":17.087,
            "가치 총점":20.1548,
            "매매실거래년":20210721.0,
            "매매실거래가":15000.0,
            "전세실거래년":20210531.0,
            "전세실거래가":7500.0,
            "전세가율":96.15,
            "장기전세가율평균":69.98,
            "전세가율거품지수":-26.17,
            "검색코드":13778,
            "세대수":163.0,
            "준공년월":"1992-12-01",
            "준공년차":31.0,
            "가까운역이름":"보산",
            "가까운역거리":714.22,
            "역세권여부":"준역세권",
            "30분이내주요거점역":0,
            "1시간이내주요거점역":0,
            "3km이내백화점수":0,
            "5km이내아울렛몰수":0,
            "1km이내대형먀트수":0,
            "500m이내은행수":0,
            "500m이내병원수":1,
            "5km이내대형병원수":0,
            "500m이내공원수":0,
            "3km이내혐오시설수":0,
            "초등학교학업성취도":90.0,
            "중학교학업성취도":58.4,
            "용적률":323,
            "건폐율":23,
            "Y":37.90871,
            "X":127.0624,
            "rank":41.0,
            "area_info":"22평(74.72), 22평(74.55), 32평(105.91)",
            "last_sales":"2021-07-21,15000.0,32평(105.91)"
        },
        {
            "index":65,
            "아파트명":"에이스2차",
            "투자타입":"일반",
            "전용면적(m2)":"90.2",
            "전용면적(평)":"27평",
            "법정동주소":"경기도 동두천시 생연동 335",
            "도로명주소":"경기도 동두천시 행선로 100-9",
            "세대수":0,
            "입주년차":0,
            "용적률점수":"--",
            "건폐율점수":"--",
            "세대당주차수":0,
            "난방방식":30,
            "공급면적":"--",
            "전용률":"--",
            "욕실수":50,
            "현관타입":10,
            "주거총점":9.0,
            "지역구공급총점":100.0,
            "역세권":50,
            "30분내 이동가능 거점":0,
            "1시간내 이동가능 거점":0,
            "교통총점":25.0,
            "백화점":0,
            "아울렛몰":0,
            "대형마트":0,
            "은행":0,
            "병원":10,
            "종합병원":0,
            "공원":100,
            "혐오시설":0,
            "인프라총점":4.0,
            "초등학군":85.23,
            "중학군":37.78,
            "학군총점":47.27,
            "인구수":10.05,
            "인구증감":5.59,
            "인구총점":8.712,
            "일자리":3.5,
            "소득수준":48.79,
            "일자리총점":17.087,
            "가치 총점":18.8405,
            "매매실거래년":20211110.0,
            "매매실거래가":25000.0,
            "전세실거래년":20210605.0,
            "전세실거래가":9200.0,
            "전세가율":61.33,
            "장기전세가율평균":69.98,
            "전세가율거품지수":8.65,
            "검색코드":14510,
            "세대수":286.0,
            "준공년월":"1993-06-02",
            "준공년차":30.0,
            "가까운역이름":"지행",
            "가까운역거리":810.19,
            "역세권여부":"준역세권",
            "30분이내주요거점역":0,
            "1시간이내주요거점역":0,
            "3km이내백화점수":0,
            "5km이내아울렛몰수":0,
            "1km이내대형먀트수":0,
            "500m이내은행수":0,
            "500m이내병원수":2,
            "5km이내대형병원수":0,
            "500m이내공원수":2,
            "3km이내혐오시설수":0,
            "초등학교학업성취도":85.23,
            "중학교학업성취도":62.1,
            "용적률":281,
            "건폐율":27,
            "Y":37.89675,
            "X":127.06306,
            "rank":42.0,
            "area_info":"27평(90.2), 33평(111.8), 41평(137.54), 46평(153.14), 49평(162.24)",
            "last_sales":"2021-11-10,25000.0,46평(153.14)"
        },
        {
            "index":13,
            "아파트명":"건영",
            "투자타입":"일반",
            "전용면적(m2)":"83.0",
            "전용면적(평)":"25평",
            "법정동주소":"경기도 동두천시 생연동 787-2",
            "도로명주소":"경기도 동두천시 강변로296번길 19",
            "세대수":30,
            "입주년차":0,
            "용적률점수":"--",
            "건폐율점수":"--",
            "세대당주차수":0,
            "난방방식":30,
            "공급면적":"--",
            "전용률":"--",
            "욕실수":50,
            "현관타입":10,
            "주거총점":19.5,
            "지역구공급총점":100.0,
            "역세권":0,
            "30분내 이동가능 거점":0,
            "1시간내 이동가능 거점":0,
            "교통총점":0.0,
            "백화점":0,
            "아울렛몰":0,
            "대형마트":80,
            "은행":0,
            "병원":0,
            "종합병원":0,
            "공원":100,
            "혐오시설":0,
            "인프라총점":15.0,
            "초등학군":89.8,
            "중학군":45.52,
            "학군총점":54.376,
            "인구수":10.05,
            "인구증감":5.59,
            "인구총점":8.712,
            "일자리":3.5,
            "소득수준":48.79,
            "일자리총점":17.087,
            "가치 총점":16.5564,
            "매매실거래년":20211111.0,
            "매매실거래가":13800.0,
            "전세실거래년":20211205.0,
            "전세실거래가":7790.0,
            "전세가율":56.45,
            "장기전세가율평균":69.98,
            "전세가율거품지수":13.53,
            "검색코드":8731,
            "세대수":397.0,
            "준공년월":"1995-12-04",
            "준공년차":28.0,
            "가까운역이름":"동두천중앙",
            "가까운역거리":1008.83,
            "역세권여부":"비역세권",
            "30분이내주요거점역":0,
            "1시간이내주요거점역":0,
            "3km이내백화점수":0,
            "5km이내아울렛몰수":0,
            "1km이내대형먀트수":1,
            "500m이내은행수":0,
            "500m이내병원수":0,
            "5km이내대형병원수":0,
            "500m이내공원수":4,
            "3km이내혐오시설수":0,
            "초등학교학업성취도":89.8,
            "중학교학업성취도":71.6,
            "용적률":299,
            "건폐율":23,
            "Y":37.897858,
            "X":127.046179,
            "rank":43.0,
            "area_info":"25평(83.0), 32평(108.78)",
            "last_sales":"2021-11-11,13800.0,25평(83.0)"
        },
        {
            "index":31,
            "아파트명":"동양",
            "투자타입":"재건축",
            "전용면적(m2)":"76.23",
            "전용면적(평)":"23평",
            "법정동주소":"경기도 동두천시 생연동 251",
            "도로명주소":"경기도 동두천시 못골로49번길 2",
            "세대수":0,
            "입주년차":"--",
            "용적률점수":20,
            "건폐율점수":60,
            "세대당주차수":"--",
            "난방방식":"--",
            "공급면적":50,
            "전용률":60,
            "욕실수":"--",
            "현관타입":"--",
            "주거총점":25.5,
            "지역구공급총점":100.0,
            "역세권":0,
            "30분내 이동가능 거점":0,
            "1시간내 이동가능 거점":0,
            "교통총점":0.0,
            "백화점":0,
            "아울렛몰":0,
            "대형마트":0,
            "은행":0,
            "병원":0,
            "종합병원":0,
            "공원":100,
            "혐오시설":0,
            "인프라총점":3.0,
            "초등학군":87.92,
            "중학군":35.04,
            "학군총점":45.616,
            "인구수":10.05,
            "인구증감":5.59,
            "인구총점":8.712,
            "일자리":3.5,
            "소득수준":48.79,
            "일자리총점":17.087,
            "가치 총점":12.8424,
            "매매실거래년":20211130.0,
            "매매실거래가":5700.0,
            "전세실거래년":20210315.0,
            "전세실거래가":3500.0,
            "전세가율":61.4,
            "장기전세가율평균":69.98,
            "전세가율거품지수":8.58,
            "검색코드":12115,
            "세대수":132.0,
            "준공년월":"1991-01-16",
            "준공년차":32.0,
            "가까운역이름":"동두천중앙",
            "가까운역거리":1006.98,
            "역세권여부":"비역세권",
            "30분이내주요거점역":0,
            "1시간이내주요거점역":0,
            "3km이내백화점수":0,
            "5km이내아울렛몰수":0,
            "1km이내대형먀트수":0,
            "500m이내은행수":0,
            "500m이내병원수":0,
            "5km이내대형병원수":0,
            "500m이내공원수":2,
            "3km이내혐오시설수":0,
            "초등학교학업성취도":87.92,
            "중학교학업성취도":58.4,
            "용적률":203,
            "건폐율":33,
            "Y":37.90263,
            "X":127.06792,
            "rank":44.0,
            "area_info":"23평(76.23)",
            "last_sales":"2021-11-30,5700.0,23평(76.23)"
        },
        {
            "index":15,
            "아파트명":"기상",
            "투자타입":"일반",
            "전용면적(m2)":"80.69",
            "전용면적(평)":"24평",
            "법정동주소":"경기도 동두천시 생연동 85",
            "도로명주소":"경기도 동두천시 못골로 60",
            "세대수":0,
            "입주년차":0,
            "용적률점수":"--",
            "건폐율점수":"--",
            "세대당주차수":0,
            "난방방식":30,
            "공급면적":"--",
            "전용률":"--",
            "욕실수":50,
            "현관타입":10,
            "주거총점":9.0,
            "지역구공급총점":100.0,
            "역세권":0,
            "30분내 이동가능 거점":0,
            "1시간내 이동가능 거점":0,
            "교통총점":0.0,
            "백화점":0,
            "아울렛몰":0,
            "대형마트":0,
            "은행":0,
            "병원":0,
            "종합병원":0,
            "공원":80,
            "혐오시설":0,
            "인프라총점":2.4,
            "초등학군":87.92,
            "중학군":35.04,
            "학군총점":45.616,
            "인구수":10.05,
            "인구증감":5.59,
            "인구총점":8.712,
            "일자리":3.5,
            "소득수준":48.79,
            "일자리총점":17.087,
            "가치 총점":9.3624,
            "매매실거래년":20220104.0,
            "매매실거래가":15000.0,
            "전세실거래년":20210506.0,
            "전세실거래가":6500.0,
            "전세가율":68.42,
            "장기전세가율평균":69.98,
            "전세가율거품지수":1.56,
            "검색코드":8910,
            "세대수":253.0,
            "준공년월":"1994-02-18",
            "준공년차":29.0,
            "가까운역이름":"동두천중앙",
            "가까운역거리":1112.39,
            "역세권여부":"비역세권",
            "30분이내주요거점역":0,
            "1시간이내주요거점역":0,
            "3km이내백화점수":0,
            "5km이내아울렛몰수":0,
            "1km이내대형먀트수":0,
            "500m이내은행수":0,
            "500m이내병원수":0,
            "5km이내대형병원수":0,
            "500m이내공원수":1,
            "3km이내혐오시설수":0,
            "초등학교학업성취도":87.92,
            "중학교학업성취도":58.4,
            "용적률":303,
            "건폐율":26,
            "Y":37.902682,
            "X":127.06912,
            "rank":45.0,
            "area_info":"24평(80.69), 28평(93.85), 34평(115.0)",
            "last_sales":"2022-01-04,15000.0,34평(115.0)"
        }
    ]
}