{
    "schema":{
        "fields":[
            {
                "name":"index",
                "type":"integer"
            },
            {
                "name":"아파트명",
                "type":"string"
            },
            {
                "name":"투자타입",
                "type":"string"
            },
            {
                "name":"전용면적(m2)",
                "type":"string"
            },
            {
                "name":"전용면적(평)",
                "type":"string"
            },
            {
                "name":"법정동주소",
                "type":"string"
            },
            {
                "name":"도로명주소",
                "type":"string"
            },
            {
                "name":"세대수",
                "type":"integer"
            },
            {
                "name":"입주년차",
                "type":"string"
            },
            {
                "name":"용적률점수",
                "type":"string"
            },
            {
                "name":"건폐율점수",
                "type":"string"
            },
            {
                "name":"세대당주차수",
                "type":"string"
            },
            {
                "name":"난방방식",
                "type":"string"
            },
            {
                "name":"공급면적",
                "type":"string"
            },
            {
                "name":"전용률",
                "type":"string"
            },
            {
                "name":"욕실수",
                "type":"string"
            },
            {
                "name":"현관타입",
                "type":"string"
            },
            {
                "name":"주거총점",
                "type":"number"
            },
            {
                "name":"지역구공급총점",
                "type":"number"
            },
            {
                "name":"역세권",
                "type":"integer"
            },
            {
                "name":"30분내 이동가능 거점",
                "type":"integer"
            },
            {
                "name":"1시간내 이동가능 거점",
                "type":"integer"
            },
            {
                "name":"교통총점",
                "type":"number"
            },
            {
                "name":"백화점",
                "type":"integer"
            },
            {
                "name":"아울렛몰",
                "type":"integer"
            },
            {
                "name":"대형마트",
                "type":"integer"
            },
            {
                "name":"은행",
                "type":"integer"
            },
            {
                "name":"병원",
                "type":"integer"
            },
            {
                "name":"종합병원",
                "type":"integer"
            },
            {
                "name":"공원",
                "type":"integer"
            },
            {
                "name":"혐오시설",
                "type":"integer"
            },
            {
                "name":"인프라총점",
                "type":"number"
            },
            {
                "name":"초등학군",
                "type":"number"
            },
            {
                "name":"중학군",
                "type":"number"
            },
            {
                "name":"학군총점",
                "type":"number"
            },
            {
                "name":"인구수",
                "type":"number"
            },
            {
                "name":"인구증감",
                "type":"number"
            },
            {
                "name":"인구총점",
                "type":"number"
            },
            {
                "name":"일자리",
                "type":"number"
            },
            {
                "name":"소득수준",
                "type":"number"
            },
            {
                "name":"일자리총점",
                "type":"number"
            },
            {
                "name":"가치 총점",
                "type":"number"
            },
            {
                "name":"매매실거래년",
                "type":"string"
            },
            {
                "name":"매매실거래가",
                "type":"number"
            },
            {
                "name":"전세실거래년",
                "type":"number"
            },
            {
                "name":"전세실거래가",
                "type":"number"
            },
            {
                "name":"전세가율",
                "type":"number"
            },
            {
                "name":"장기전세가율평균",
                "type":"number"
            },
            {
                "name":"전세가율거품지수",
                "type":"number"
            },
            {
                "name":"검색코드",
                "type":"integer"
            },
            {
                "name":"세대수",
                "type":"number"
            },
            {
                "name":"준공년월",
                "type":"string"
            },
            {
                "name":"준공년차",
                "type":"number"
            },
            {
                "name":"가까운역이름",
                "type":"string"
            },
            {
                "name":"가까운역거리",
                "type":"number"
            },
            {
                "name":"역세권여부",
                "type":"string"
            },
            {
                "name":"30분이내주요거점역",
                "type":"integer"
            },
            {
                "name":"1시간이내주요거점역",
                "type":"integer"
            },
            {
                "name":"3km이내백화점수",
                "type":"integer"
            },
            {
                "name":"5km이내아울렛몰수",
                "type":"integer"
            },
            {
                "name":"1km이내대형먀트수",
                "type":"integer"
            },
            {
                "name":"500m이내은행수",
                "type":"integer"
            },
            {
                "name":"500m이내병원수",
                "type":"integer"
            },
            {
                "name":"5km이내대형병원수",
                "type":"integer"
            },
            {
                "name":"500m이내공원수",
                "type":"integer"
            },
            {
                "name":"3km이내혐오시설수",
                "type":"integer"
            },
            {
                "name":"초등학교학업성취도",
                "type":"number"
            },
            {
                "name":"중학교학업성취도",
                "type":"number"
            },
            {
                "name":"용적률",
                "type":"integer"
            },
            {
                "name":"건폐율",
                "type":"integer"
            },
            {
                "name":"Y",
                "type":"number"
            },
            {
                "name":"X",
                "type":"number"
            },
            {
                "name":"rank",
                "type":"number"
            },
            {
                "name":"area_info",
                "type":"string"
            },
            {
                "name":"last_sales",
                "type":"string"
            }
        ],
        "primaryKey":[
            "index"
        ],
        "pandas_version":"1.4.0"
    },
    "data":[
        {
            "index":673,
            "아파트명":"은빛6단지프라웰",
            "투자타입":"일반",
            "전용면적(m2)":"121.26",
            "전용면적(평)":"36평",
            "법정동주소":"경기도 고양시 덕양구 화정동 936",
            "도로명주소":"경기도 고양시 덕양구 화정로 27",
            "세대수":90,
            "입주년차":0,
            "용적률점수":"--",
            "건폐율점수":"--",
            "세대당주차수":60,
            "난방방식":100,
            "공급면적":"--",
            "전용률":"--",
            "욕실수":100,
            "현관타입":100,
            "주거총점":70.5,
            "지역구공급총점":0.0,
            "역세권":80,
            "30분내 이동가능 거점":20,
            "1시간내 이동가능 거점":70,
            "교통총점":60.0,
            "백화점":0,
            "아울렛몰":100,
            "대형마트":100,
            "은행":100,
            "병원":100,
            "종합병원":100,
            "공원":100,
            "혐오시설":0,
            "인프라총점":68.0,
            "초등학군":89.44,
            "중학군":56.68,
            "학군총점":63.232,
            "인구수":53.57,
            "인구증감":25.08,
            "인구총점":45.023,
            "일자리":5.0,
            "소득수준":51.54,
            "일자리총점":18.962,
            "가치 총점":64.9848,
            "매매실거래년":20211118.0,
            "매매실거래가":110000.0,
            "전세실거래년":20211019.0,
            "전세실거래가":67000.0,
            "전세가율":73.87,
            "장기전세가율평균":74.41,
            "전세가율거품지수":0.54,
            "검색코드":1573,
            "세대수":1320.0,
            "준공년월":"1996-04-27",
            "준공년차":27.0,
            "가까운역이름":"화정",
            "가까운역거리":398.94,
            "역세권여부":"역세권",
            "30분이내주요거점역":1,
            "1시간이내주요거점역":7,
            "3km이내백화점수":0,
            "5km이내아울렛몰수":2,
            "1km이내대형먀트수":2,
            "500m이내은행수":7,
            "500m이내병원수":61,
            "5km이내대형병원수":4,
            "500m이내공원수":4,
            "3km이내혐오시설수":0,
            "초등학교학업성취도":89.44,
            "중학교학업성취도":91.0,
            "용적률":199,
            "건폐율":15,
            "Y":37.637127,
            "X":126.829444,
            "rank":1.0,
            "area_info":"36평(121.26), 46평(154.98), 58평(191.77)",
            "last_sales":"2021-11-18,110000.0,58평(191.77)"
        },
        {
            "index":640,
            "아파트명":"별빛7단지청구,현대",
            "투자타입":"일반",
            "전용면적(m2)":"108.36",
            "전용면적(평)":"32평",
            "법정동주소":"경기도 고양시 덕양구 화정동 953",
            "도로명주소":"경기도 고양시 덕양구 화신로 340",
            "세대수":90,
            "입주년차":0,
            "용적률점수":"--",
            "건폐율점수":"--",
            "세대당주차수":30,
            "난방방식":100,
            "공급면적":"--",
            "전용률":"--",
            "욕실수":100,
            "현관타입":100,
            "주거총점":66.0,
            "지역구공급총점":0.0,
            "역세권":80,
            "30분내 이동가능 거점":20,
            "1시간내 이동가능 거점":70,
            "교통총점":60.0,
            "백화점":0,
            "아울렛몰":100,
            "대형마트":100,
            "은행":100,
            "병원":100,
            "종합병원":100,
            "공원":100,
            "혐오시설":0,
            "인프라총점":68.0,
            "초등학군":89.84,
            "중학군":56.68,
            "학군총점":63.312,
            "인구수":53.57,
            "인구증감":25.08,
            "인구총점":45.023,
            "일자리":5.0,
            "소득수준":51.54,
            "일자리총점":18.962,
            "가치 총점":64.0968,
            "매매실거래년":20211125.0,
            "매매실거래가":85700.0,
            "전세실거래년":20220104.0,
            "전세실거래가":35490.0,
            "전세가율":41.41,
            "장기전세가율평균":74.41,
            "전세가율거품지수":33.0,
            "검색코드":1562,
            "세대수":1136.0,
            "준공년월":"1995-11-10",
            "준공년차":28.0,
            "가까운역이름":"화정",
            "가까운역거리":356.56,
            "역세권여부":"역세권",
            "30분이내주요거점역":1,
            "1시간이내주요거점역":7,
            "3km이내백화점수":0,
            "5km이내아울렛몰수":2,
            "1km이내대형먀트수":2,
            "500m이내은행수":8,
            "500m이내병원수":77,
            "5km이내대형병원수":2,
            "500m이내공원수":4,
            "3km이내혐오시설수":0,
            "초등학교학업성취도":89.84,
            "중학교학업성취도":91.0,
            "용적률":179,
            "건폐율":15,
            "Y":37.634074,
            "X":126.828654,
            "rank":2.0,
            "area_info":"32평(108.36), 32평(108.14)",
            "last_sales":"2021-11-25,85700.0,32평(108.36)"
        },
        {
            "index":197,
            "아파트명":"삼송역현대헤리엇",
            "투자타입":"일반",
            "전용면적(m2)":"87.7",
            "전용면적(평)":"26평",
            "법정동주소":"경기도 고양시 덕양구 삼송동 293",
            "도로명주소":"경기도 고양시 덕양구 삼송로 222",
            "세대수":30,
            "입주년차":100,
            "용적률점수":"--",
            "건폐율점수":"--",
            "세대당주차수":60,
            "난방방식":100,
            "공급면적":"--",
            "전용률":"--",
            "욕실수":100,
            "현관타입":100,
            "주거총점":69.5,
            "지역구공급총점":0.0,
            "역세권":80,
            "30분내 이동가능 거점":20,
            "1시간내 이동가능 거점":90,
            "교통총점":64.0,
            "백화점":0,
            "아울렛몰":100,
            "대형마트":100,
            "은행":20,
            "병원":60,
            "종합병원":100,
            "공원":0,
            "혐오시설":0,
            "인프라총점":53.0,
            "초등학군":100.0,
            "중학군":49.72,
            "학군총점":59.776,
            "인구수":53.57,
            "인구증감":25.08,
            "인구총점":45.023,
            "일자리":5.0,
            "소득수준":51.54,
            "일자리총점":18.962,
            "가치 총점":61.1664,
            "매매실거래년":"18000101",
            "매매실거래가":null,
            "전세실거래년":null,
            "전세실거래가":null,
            "전세가율":null,
            "장기전세가율평균":74.41,
            "전세가율거품지수":null,
            "검색코드":118924,
            "세대수":364.0,
            "준공년월":"2020-10-16",
            "준공년차":3.0,
            "가까운역이름":"삼송",
            "가까운역거리":275.24,
            "역세권여부":"역세권",
            "30분이내주요거점역":1,
            "1시간이내주요거점역":9,
            "3km이내백화점수":0,
            "5km이내아울렛몰수":2,
            "1km이내대형먀트수":3,
            "500m이내은행수":2,
            "500m이내병원수":10,
            "5km이내대형병원수":2,
            "500m이내공원수":0,
            "3km이내혐오시설수":0,
            "초등학교학업성취도":100.0,
            "중학교학업성취도":80.4,
            "용적률":379,
            "건폐율":59,
            "Y":37.653123,
            "X":126.898684,
            "rank":3.0,
            "area_info":"26평(87.7), 26평(88.98)",
            "last_sales":"1800-01-01,nan,26평(87.7)"
        },
        {
            "index":631,
            "아파트명":"동도센트리움II",
            "투자타입":"일반",
            "전용면적(m2)":"83.21",
            "전용면적(평)":"25평",
            "법정동주소":"경기도 고양시 덕양구 화정동 986-6",
            "도로명주소":"경기도 고양시 덕양구 백양로 65",
            "세대수":0,
            "입주년차":40,
            "용적률점수":"--",
            "건폐율점수":"--",
            "세대당주차수":60,
            "난방방식":100,
            "공급면적":"--",
            "전용률":"--",
            "욕실수":100,
            "현관타입":100,
            "주거총점":47.0,
            "지역구공급총점":0.0,
            "역세권":80,
            "30분내 이동가능 거점":20,
            "1시간내 이동가능 거점":80,
            "교통총점":62.0,
            "백화점":0,
            "아울렛몰":100,
            "대형마트":100,
            "은행":100,
            "병원":100,
            "종합병원":100,
            "공원":100,
            "혐오시설":0,
            "인프라총점":68.0,
            "초등학군":83.04,
            "중학군":50.68,
            "학군총점":57.152,
            "인구수":53.57,
            "인구증감":25.08,
            "인구총점":45.023,
            "일자리":5.0,
            "소득수준":51.54,
            "일자리총점":18.962,
            "가치 총점":60.0728,
            "매매실거래년":20181108.0,
            "매매실거래가":39800.0,
            "전세실거래년":20200926.0,
            "전세실거래가":27000.0,
            "전세가율":153.41,
            "장기전세가율평균":74.41,
            "전세가율거품지수":-79.0,
            "검색코드":22282,
            "세대수":118.0,
            "준공년월":"2004-04-10",
            "준공년차":19.0,
            "가까운역이름":"화정",
            "가까운역거리":360.66,
            "역세권여부":"역세권",
            "30분이내주요거점역":1,
            "1시간이내주요거점역":8,
            "3km이내백화점수":0,
            "5km이내아울렛몰수":2,
            "1km이내대형먀트수":3,
            "500m이내은행수":6,
            "500m이내병원수":80,
            "5km이내대형병원수":2,
            "500m이내공원수":5,
            "3km이내혐오시설수":0,
            "초등학교학업성취도":83.04,
            "중학교학업성취도":82.6,
            "용적률":751,
            "건폐율":74,
            "Y":37.631419,
            "X":126.833499,
            "rank":4.0,
            "area_info":"25평(83.21), 26평(88.06), 30평(100.39), 31평(105.43), 38평(125.97), 48평(159.41), 48평(159.07)",
            "last_sales":"2018-11-08,39800.0,48평(159.07)"
        },
        {
            "index":388,
            "아파트명":"지축역센트럴푸르지오",
            "투자타입":"일반",
            "전용면적(m2)":"102.11",
            "전용면적(평)":"30평",
            "법정동주소":"경기도 고양시 덕양구 지축동 498-6",
            "도로명주소":"경기도 고양시 덕양구 지축로 55",
            "세대수":80,
            "입주년차":100,
            "용적률점수":"--",
            "건폐율점수":"--",
            "세대당주차수":30,
            "난방방식":100,
            "공급면적":"--",
            "전용률":"--",
            "욕실수":100,
            "현관타입":100,
            "주거총점":82.5,
            "지역구공급총점":0.0,
            "역세권":80,
            "30분내 이동가능 거점":40,
            "1시간내 이동가능 거점":100,
            "교통총점":72.0,
            "백화점":0,
            "아울렛몰":80,
            "대형마트":0,
            "은행":0,
            "병원":0,
            "종합병원":100,
            "공원":100,
            "혐오시설":0,
            "인프라총점":31.0,
            "초등학군":100.0,
            "중학군":49.72,
            "학군총점":59.776,
            "인구수":53.57,
            "인구증감":25.08,
            "인구총점":45.023,
            "일자리":5.0,
            "소득수준":51.54,
            "일자리총점":18.962,
            "가치 총점":59.9664,
            "매매실거래년":20210516.0,
            "매매실거래가":88000.0,
            "전세실거래년":20211210.0,
            "전세실거래가":38325.0,
            "전세가율":43.55,
            "장기전세가율평균":74.41,
            "전세가율거품지수":30.86,
            "검색코드":117705,
            "세대수":852.0,
            "준공년월":"2019-11-29",
            "준공년차":4.0,
            "가까운역이름":"지축",
            "가까운역거리":366.55,
            "역세권여부":"역세권",
            "30분이내주요거점역":2,
            "1시간이내주요거점역":14,
            "3km이내백화점수":0,
            "5km이내아울렛몰수":1,
            "1km이내대형먀트수":0,
            "500m이내은행수":0,
            "500m이내병원수":0,
            "5km이내대형병원수":2,
            "500m이내공원수":4,
            "3km이내혐오시설수":0,
            "초등학교학업성취도":100.0,
            "중학교학업성취도":80.4,
            "용적률":179,
            "건폐율":12,
            "Y":37.651,
            "X":126.915804,
            "rank":5.0,
            "area_info":"30평(102.11), 33평(109.72), 33평(109.57)",
            "last_sales":"2021-05-16,88000.0,30평(102.11)"
        },
        {
            "index":676,
            "아파트명":"한화꿈에그린",
            "투자타입":"일반",
            "전용면적(m2)":"120.98",
            "전용면적(평)":"36평",
            "법정동주소":"경기도 고양시 덕양구 화정동 965-1",
            "도로명주소":"경기도 고양시 덕양구 화정로 69",
            "세대수":0,
            "입주년차":20,
            "용적률점수":"--",
            "건폐율점수":"--",
            "세대당주차수":60,
            "난방방식":100,
            "공급면적":"--",
            "전용률":"--",
            "욕실수":100,
            "현관타입":100,
            "주거총점":43.0,
            "지역구공급총점":0.0,
            "역세권":80,
            "30분내 이동가능 거점":20,
            "1시간내 이동가능 거점":80,
            "교통총점":62.0,
            "백화점":0,
            "아울렛몰":100,
            "대형마트":100,
            "은행":100,
            "병원":100,
            "종합병원":100,
            "공원":100,
            "혐오시설":0,
            "인프라총점":68.0,
            "초등학군":83.04,
            "중학군":50.68,
            "학군총점":57.152,
            "인구수":53.57,
            "인구증감":25.08,
            "인구총점":45.023,
            "일자리":5.0,
            "소득수준":51.54,
            "일자리총점":18.962,
            "가치 총점":59.2728,
            "매매실거래년":20210825.0,
            "매매실거래가":84000.0,
            "전세실거래년":20220112.0,
            "전세실거래가":35700.0,
            "전세가율":59.5,
            "장기전세가율평균":74.41,
            "전세가율거품지수":14.91,
            "검색코드":9722,
            "세대수":122.0,
            "준공년월":"2003-09-30",
            "준공년차":20.0,
            "가까운역이름":"화정",
            "가까운역거리":110.73,
            "역세권여부":"역세권",
            "30분이내주요거점역":1,
            "1시간이내주요거점역":8,
            "3km이내백화점수":0,
            "5km이내아울렛몰수":2,
            "1km이내대형먀트수":2,
            "500m이내은행수":8,
            "500m이내병원수":74,
            "5km이내대형병원수":2,
            "500m이내공원수":5,
            "3km이내혐오시설수":0,
            "초등학교학업성취도":83.04,
            "중학교학업성취도":82.6,
            "용적률":675,
            "건폐율":51,
            "Y":37.63481,
            "X":126.833877,
            "rank":6.0,
            "area_info":"36평(120.98), 37평(122.82), 46평(153.35)",
            "last_sales":"2021-08-25,84000.0,46평(153.35)"
        },
        {
            "index":646,
            "아파트명":"옥빛12단지신덕가든",
            "투자타입":"일반",
            "전용면적(m2)":"77.89",
            "전용면적(평)":"23평",
            "법정동주소":"경기도 고양시 덕양구 화정동 988",
            "도로명주소":"경기도 고양시 덕양구 백양로 84",
            "세대수":50,
            "입주년차":0,
            "용적률점수":"--",
            "건폐율점수":"--",
            "세대당주차수":0,
            "난방방식":100,
            "공급면적":"--",
            "전용률":"--",
            "욕실수":50,
            "현관타입":100,
            "주거총점":42.5,
            "지역구공급총점":0.0,
            "역세권":80,
            "30분내 이동가능 거점":20,
            "1시간내 이동가능 거점":80,
            "교통총점":62.0,
            "백화점":0,
            "아울렛몰":100,
            "대형마트":100,
            "은행":100,
            "병원":100,
            "종합병원":100,
            "공원":100,
            "혐오시설":0,
            "인프라총점":68.0,
            "초등학군":83.04,
            "중학군":50.68,
            "학군총점":57.152,
            "인구수":53.57,
            "인구증감":25.08,
            "인구총점":45.023,
            "일자리":5.0,
            "소득수준":51.54,
            "일자리총점":18.962,
            "가치 총점":59.1728,
            "매매실거래년":20211231.0,
            "매매실거래가":65000.0,
            "전세실거래년":20220108.0,
            "전세실거래가":25000.0,
            "전세가율":38.46,
            "장기전세가율평균":74.41,
            "전세가율거품지수":35.95,
            "검색코드":1565,
            "세대수":570.0,
            "준공년월":"1995-11-01",
            "준공년차":28.0,
            "가까운역이름":"화정",
            "가까운역거리":254.42,
            "역세권여부":"역세권",
            "30분이내주요거점역":1,
            "1시간이내주요거점역":8,
            "3km이내백화점수":0,
            "5km이내아울렛몰수":2,
            "1km이내대형먀트수":3,
            "500m이내은행수":7,
            "500m이내병원수":81,
            "5km이내대형병원수":2,
            "500m이내공원수":5,
            "3km이내혐오시설수":0,
            "초등학교학업성취도":83.04,
            "중학교학업성취도":82.6,
            "용적률":190,
            "건폐율":17,
            "Y":37.633053,
            "X":126.834788,
            "rank":7.0,
            "area_info":"23평(77.89)",
            "last_sales":"2021-12-31,65000.0,23평(77.89)"
        },
        {
            "index":385,
            "아파트명":"지축역북한산유보라",
            "투자타입":"일반",
            "전용면적(m2)":"98.44",
            "전용면적(평)":"29평",
            "법정동주소":"경기도 고양시 덕양구 지축동 645-2",
            "도로명주소":"경기도 고양시 덕양구 오부자로 14",
            "세대수":50,
            "입주년차":100,
            "용적률점수":"--",
            "건폐율점수":"--",
            "세대당주차수":60,
            "난방방식":100,
            "공급면적":"--",
            "전용률":"--",
            "욕실수":100,
            "현관타입":100,
            "주거총점":76.5,
            "지역구공급총점":0.0,
            "역세권":80,
            "30분내 이동가능 거점":40,
            "1시간내 이동가능 거점":100,
            "교통총점":72.0,
            "백화점":0,
            "아울렛몰":80,
            "대형마트":0,
            "은행":0,
            "병원":0,
            "종합병원":100,
            "공원":80,
            "혐오시설":0,
            "인프라총점":30.4,
            "초등학군":100.0,
            "중학군":49.72,
            "학군총점":59.776,
            "인구수":53.57,
            "인구증감":25.08,
            "인구총점":45.023,
            "일자리":5.0,
            "소득수준":51.54,
            "일자리총점":18.962,
            "가치 총점":58.5864,
            "매매실거래년":20201024.0,
            "매매실거래가":87500.0,
            "전세실거래년":20211222.0,
            "전세실거래가":34500.0,
            "전세가율":57.5,
            "장기전세가율평균":74.41,
            "전세가율거품지수":16.91,
            "검색코드":118716,
            "세대수":549.0,
            "준공년월":"2019-10-31",
            "준공년차":4.0,
            "가까운역이름":"지축",
            "가까운역거리":451.82,
            "역세권여부":"역세권",
            "30분이내주요거점역":2,
            "1시간이내주요거점역":13,
            "3km이내백화점수":0,
            "5km이내아울렛몰수":1,
            "1km이내대형먀트수":0,
            "500m이내은행수":0,
            "500m이내병원수":0,
            "5km이내대형병원수":2,
            "500m이내공원수":1,
            "3km이내혐오시설수":0,
            "초등학교학업성취도":100.0,
            "중학교학업성취도":80.4,
            "용적률":179,
            "건폐율":11,
            "Y":37.651942,
            "X":126.912485,
            "rank":8.0,
            "area_info":"29평(98.44), 32평(108.27), 32평(108.11)",
            "last_sales":"2020-10-24,87500.0,32평(108.11)"
        },
        {
            "index":246,
            "아파트명":"신원당1단지동문",
            "투자타입":"재건축",
            "전용면적(m2)":"87.86",
            "전용면적(평)":"26평",
            "법정동주소":"경기도 고양시 덕양구 성사동 719",
            "도로명주소":"경기도 고양시 덕양구 고양대로1384번길 19-23",
            "세대수":30,
            "입주년차":"--",
            "용적률점수":100,
            "건폐율점수":100,
            "세대당주차수":"--",
            "난방방식":"--",
            "공급면적":70,
            "전용률":60,
            "욕실수":"--",
            "현관타입":"--",
            "주거총점":75.5,
            "지역구공급총점":0.0,
            "역세권":80,
            "30분내 이동가능 거점":20,
            "1시간내 이동가능 거점":80,
            "교통총점":62.0,
            "백화점":0,
            "아울렛몰":100,
            "대형마트":0,
            "은행":0,
            "병원":80,
            "종합병원":100,
            "공원":100,
            "혐오시설":0,
            "인프라총점":41.0,
            "초등학군":87.31,
            "중학군":52.94,
            "학군총점":59.814,
            "인구수":53.57,
            "인구증감":25.08,
            "인구총점":45.023,
            "일자리":5.0,
            "소득수준":51.54,
            "일자리총점":18.962,
            "가치 총점":58.0721,
            "매매실거래년":20211218.0,
            "매매실거래가":45000.0,
            "전세실거래년":20211214.0,
            "전세실거래가":23100.0,
            "전세가율":51.33,
            "장기전세가율평균":74.41,
            "전세가율거품지수":23.08,
            "검색코드":1487,
            "세대수":354.0,
            "준공년월":"1992-10-10",
            "준공년차":31.0,
            "가까운역이름":"원당",
            "가까운역거리":302.61,
            "역세권여부":"역세권",
            "30분이내주요거점역":1,
            "1시간이내주요거점역":8,
            "3km이내백화점수":0,
            "5km이내아울렛몰수":2,
            "1km이내대형먀트수":0,
            "500m이내은행수":0,
            "500m이내병원수":33,
            "5km이내대형병원수":3,
            "500m이내공원수":3,
            "3km이내혐오시설수":0,
            "초등학교학업성취도":87.31,
            "중학교학업성취도":86.3,
            "용적률":87,
            "건폐율":19,
            "Y":37.653203,
            "X":126.839607,
            "rank":9.0,
            "area_info":"26평(87.86), 31평(103.8)",
            "last_sales":"2021-12-18,45000.0,26평(87.86)"
        },
        {
            "index":408,
            "아파트명":"능곡현대홈타운1차",
            "투자타입":"일반",
            "전용면적(m2)":"111.65",
            "전용면적(평)":"33평",
            "법정동주소":"경기도 고양시 덕양구 토당동 352",
            "도로명주소":"경기도 고양시 덕양구 능곡로 30-12",
            "세대수":50,
            "입주년차":20,
            "용적률점수":"--",
            "건폐율점수":"--",
            "세대당주차수":30,
            "난방방식":100,
            "공급면적":"--",
            "전용률":"--",
            "욕실수":100,
            "현관타입":100,
            "주거총점":56.0,
            "지역구공급총점":0.0,
            "역세권":80,
            "30분내 이동가능 거점":60,
            "1시간내 이동가능 거점":100,
            "교통총점":78.0,
            "백화점":0,
            "아울렛몰":100,
            "대형마트":0,
            "은행":0,
            "병원":60,
            "종합병원":100,
            "공원":100,
            "혐오시설":0,
            "인프라총점":39.0,
            "초등학군":86.75,
            "중학군":39.76,
            "학군총점":49.158,
            "인구수":53.57,
            "인구증감":25.08,
            "인구총점":45.023,
            "일자리":5.0,
            "소득수준":51.54,
            "일자리총점":18.962,
            "가치 총점":57.5737,
            "매매실거래년":20211203.0,
            "매매실거래가":66500.0,
            "전세실거래년":20211218.0,
            "전세실거래가":44000.0,
            "전세가율":66.17,
            "장기전세가율평균":74.41,
            "전세가율거품지수":8.24,
            "검색코드":10560,
            "세대수":650.0,
            "준공년월":"2002-07-29",
            "준공년차":21.0,
            "가까운역이름":"능곡",
            "가까운역거리":488.5,
            "역세권여부":"역세권",
            "30분이내주요거점역":3,
            "1시간이내주요거점역":10,
            "3km이내백화점수":0,
            "5km이내아울렛몰수":3,
            "1km이내대형먀트수":0,
            "500m이내은행수":0,
            "500m이내병원수":14,
            "5km이내대형병원수":2,
            "500m이내공원수":5,
            "3km이내혐오시설수":0,
            "초등학교학업성취도":86.75,
            "중학교학업성취도":64.4,
            "용적률":293,
            "건폐율":19,
            "Y":37.622634,
            "X":126.823509,
            "rank":10.0,
            "area_info":"33평(111.65), 33평(111.75)",
            "last_sales":"2021-12-03,66500.0,33평(111.65)"
        },
        {
            "index":659,
            "아파트명":"은빛11단지부영",
            "투자타입":"일반",
            "전용면적(m2)":"68.4",
            "전용면적(평)":"20평",
            "법정동주소":"경기도 고양시 덕양구 화정동 961",
            "도로명주소":"경기도 고양시 덕양구 백양로 126",
            "세대수":90,
            "입주년차":0,
            "용적률점수":"--",
            "건폐율점수":"--",
            "세대당주차수":0,
            "난방방식":100,
            "공급면적":"--",
            "전용률":"--",
            "욕실수":50,
            "현관타입":10,
            "주거총점":47.5,
            "지역구공급총점":0.0,
            "역세권":80,
            "30분내 이동가능 거점":20,
            "1시간내 이동가능 거점":40,
            "교통총점":54.0,
            "백화점":0,
            "아울렛몰":100,
            "대형마트":100,
            "은행":100,
            "병원":100,
            "종합병원":100,
            "공원":100,
            "혐오시설":0,
            "인프라총점":68.0,
            "초등학군":83.04,
            "중학군":50.68,
            "학군총점":57.152,
            "인구수":53.57,
            "인구증감":25.08,
            "인구총점":45.023,
            "일자리":5.0,
            "소득수준":51.54,
            "일자리총점":18.962,
            "가치 총점":57.3728,
            "매매실거래년":20211113.0,
            "매매실거래가":59300.0,
            "전세실거래년":20211230.0,
            "전세실거래가":18900.0,
            "전세가율":37.8,
            "장기전세가율평균":74.41,
            "전세가율거품지수":36.61,
            "검색코드":1575,
            "세대수":1350.0,
            "준공년월":"1996-04-27",
            "준공년차":27.0,
            "가까운역이름":"화정",
            "가까운역거리":310.05,
            "역세권여부":"역세권",
            "30분이내주요거점역":1,
            "1시간이내주요거점역":4,
            "3km이내백화점수":0,
            "5km이내아울렛몰수":2,
            "1km이내대형먀트수":2,
            "500m이내은행수":8,
            "500m이내병원수":67,
            "5km이내대형병원수":2,
            "500m이내공원수":4,
            "3km이내혐오시설수":0,
            "초등학교학업성취도":83.04,
            "중학교학업성취도":82.6,
            "용적률":179,
            "건폐율":14,
            "Y":37.635614,
            "X":126.835926,
            "rank":11.0,
            "area_info":"20평(68.4), 24평(80.57)",
            "last_sales":"2021-11-13,59300.0,24평(80.57)"
        },
        {
            "index":354,
            "아파트명":"삼송원흥역동원로얄듀크비스타2차",
            "투자타입":"일반",
            "전용면적(m2)":"121.18",
            "전용면적(평)":"36평",
            "법정동주소":"경기도 고양시 덕양구 원흥동 635",
            "도로명주소":"경기도 고양시 덕양구 권율대로 690",
            "세대수":30,
            "입주년차":100,
            "용적률점수":"--",
            "건폐율점수":"--",
            "세대당주차수":30,
            "난방방식":100,
            "공급면적":"--",
            "전용률":"--",
            "욕실수":100,
            "현관타입":100,
            "주거총점":65.0,
            "지역구공급총점":0.0,
            "역세권":80,
            "30분내 이동가능 거점":20,
            "1시간내 이동가능 거점":100,
            "교통총점":66.0,
            "백화점":0,
            "아울렛몰":100,
            "대형마트":0,
            "은행":0,
            "병원":60,
            "종합병원":100,
            "공원":100,
            "혐오시설":0,
            "인프라총점":39.0,
            "초등학군":100.0,
            "중학군":49.72,
            "학군총점":59.776,
            "인구수":53.57,
            "인구증감":25.08,
            "인구총점":45.023,
            "일자리":5.0,
            "소득수준":51.54,
            "일자리총점":18.962,
            "가치 총점":56.7664,
            "매매실거래년":20211215.0,
            "매매실거래가":80000.0,
            "전세실거래년":20211204.0,
            "전세실거래가":60000.0,
            "전세가율":75.0,
            "장기전세가율평균":74.41,
            "전세가율거품지수":-0.59,
            "검색코드":116851,
            "세대수":312.0,
            "준공년월":"2020-04-27",
            "준공년차":3.0,
            "가까운역이름":"원흥",
            "가까운역거리":230.99,
            "역세권여부":"역세권",
            "30분이내주요거점역":1,
            "1시간이내주요거점역":10,
            "3km이내백화점수":0,
            "5km이내아울렛몰수":2,
            "1km이내대형먀트수":0,
            "500m이내은행수":0,
            "500m이내병원수":13,
            "5km이내대형병원수":2,
            "500m이내공원수":2,
            "3km이내혐오시설수":0,
            "초등학교학업성취도":100.0,
            "중학교학업성취도":80.4,
            "용적률":448,
            "건폐율":54,
            "Y":37.650817,
            "X":126.875258,
            "rank":12.0,
            "area_info":"36평(121.18), 36평(121.18)",
            "last_sales":"2021-12-15,80000.0,36평(121.18)"
        },
        {
            "index":356,
            "아파트명":"삼송원흥역센트럴푸르지오",
            "투자타입":"일반",
            "전용면적(m2)":"100.32",
            "전용면적(평)":"30평",
            "법정동주소":"경기도 고양시 덕양구 원흥동 630",
            "도로명주소":"경기도 고양시 덕양구 원흥5로 25",
            "세대수":50,
            "입주년차":80,
            "용적률점수":"--",
            "건폐율점수":"--",
            "세대당주차수":60,
            "난방방식":100,
            "공급면적":"--",
            "전용률":"--",
            "욕실수":100,
            "현관타입":100,
            "주거총점":72.5,
            "지역구공급총점":0.0,
            "역세권":80,
            "30분내 이동가능 거점":20,
            "1시간내 이동가능 거점":80,
            "교통총점":62.0,
            "백화점":0,
            "아울렛몰":100,
            "대형마트":0,
            "은행":0,
            "병원":60,
            "종합병원":100,
            "공원":80,
            "혐오시설":0,
            "인프라총점":38.4,
            "초등학군":100.0,
            "중학군":49.72,
            "학군총점":59.776,
            "인구수":53.57,
            "인구증감":25.08,
            "인구총점":45.023,
            "일자리":5.0,
            "소득수준":51.54,
            "일자리총점":18.962,
            "가치 총점":56.6864,
            "매매실거래년":20211125.0,
            "매매실거래가":102000.0,
            "전세실거래년":20200828.0,
            "전세실거래가":10000.0,
            "전세가율":11.36,
            "장기전세가율평균":74.41,
            "전세가율거품지수":63.05,
            "검색코드":113330,
            "세대수":450.0,
            "준공년월":"2018-07-30",
            "준공년차":5.0,
            "가까운역이름":"원흥",
            "가까운역거리":387.5,
            "역세권여부":"역세권",
            "30분이내주요거점역":1,
            "1시간이내주요거점역":8,
            "3km이내백화점수":0,
            "5km이내아울렛몰수":2,
            "1km이내대형먀트수":0,
            "500m이내은행수":0,
            "500m이내병원수":13,
            "5km이내대형병원수":3,
            "500m이내공원수":1,
            "3km이내혐오시설수":0,
            "초등학교학업성취도":100.0,
            "중학교학업성취도":80.4,
            "용적률":448,
            "건폐율":59,
            "Y":37.6491,
            "X":126.876579,
            "rank":13.0,
            "area_info":"30평(100.32), 30평(100.65), 34평(115.34), 34평(115.41), 37평(124.88), 37평(125.04)",
            "last_sales":"2021-11-25,102000.0,37평(125.04)"
        },
        {
            "index":410,
            "아파트명":"능곡현대홈타운2차",
            "투자타입":"일반",
            "전용면적(m2)":"113.11",
            "전용면적(평)":"34평",
            "법정동주소":"경기도 고양시 덕양구 토당동 53-44",
            "도로명주소":"경기도 고양시 덕양구 능곡로13번길 16",
            "세대수":50,
            "입주년차":20,
            "용적률점수":"--",
            "건폐율점수":"--",
            "세대당주차수":30,
            "난방방식":100,
            "공급면적":"--",
            "전용률":"--",
            "욕실수":100,
            "현관타입":100,
            "주거총점":56.0,
            "지역구공급총점":0.0,
            "역세권":80,
            "30분내 이동가능 거점":40,
            "1시간내 이동가능 거점":100,
            "교통총점":72.0,
            "백화점":0,
            "아울렛몰":100,
            "대형마트":0,
            "은행":0,
            "병원":60,
            "종합병원":100,
            "공원":100,
            "혐오시설":0,
            "인프라총점":39.0,
            "초등학군":86.82,
            "중학군":39.76,
            "학군총점":49.172,
            "인구수":53.57,
            "인구증감":25.08,
            "인구총점":45.023,
            "일자리":5.0,
            "소득수준":51.54,
            "일자리총점":18.962,
            "가치 총점":55.4758,
            "매매실거래년":20220115.0,
            "매매실거래가":68250.0,
            "전세실거래년":20211028.0,
            "전세실거래가":28350.0,
            "전세가율":41.54,
            "장기전세가율평균":74.41,
            "전세가율거품지수":32.87,
            "검색코드":8243,
            "세대수":556.0,
            "준공년월":"2002-10-25",
            "준공년차":21.0,
            "가까운역이름":"능곡",
            "가까운역거리":449.18,
            "역세권여부":"역세권",
            "30분이내주요거점역":2,
            "1시간이내주요거점역":10,
            "3km이내백화점수":0,
            "5km이내아울렛몰수":3,
            "1km이내대형먀트수":0,
            "500m이내은행수":0,
            "500m이내병원수":18,
            "5km이내대형병원수":2,
            "500m이내공원수":3,
            "3km이내혐오시설수":0,
            "초등학교학업성취도":86.82,
            "중학교학업성취도":64.4,
            "용적률":275,
            "건폐율":15,
            "Y":37.622843,
            "X":126.821025,
            "rank":14.0,
            "area_info":"34평(113.11), 46평(152.52)",
            "last_sales":"2022-01-15,68250.0,34평(113.11)"
        },
        {
            "index":449,
            "아파트명":"무원8단지신안",
            "투자타입":"일반",
            "전용면적(m2)":"119.81",
            "전용면적(평)":"36평",
            "법정동주소":"경기도 고양시 덕양구 행신동 700",
            "도로명주소":"경기도 고양시 덕양구 무원로 17",
            "세대수":30,
            "입주년차":0,
            "용적률점수":"--",
            "건폐율점수":"--",
            "세대당주차수":30,
            "난방방식":100,
            "공급면적":"--",
            "전용률":"--",
            "욕실수":100,
            "현관타입":100,
            "주거총점":45.0,
            "지역구공급총점":0.0,
            "역세권":80,
            "30분내 이동가능 거점":40,
            "1시간내 이동가능 거점":100,
            "교통총점":72.0,
            "백화점":0,
            "아울렛몰":100,
            "대형마트":0,
            "은행":20,
            "병원":60,
            "종합병원":100,
            "공원":100,
            "혐오시설":0,
            "인프라총점":41.0,
            "초등학군":85.02,
            "중학군":53.54,
            "학군총점":59.836,
            "인구수":53.57,
            "인구증감":25.08,
            "인구총점":45.023,
            "일자리":5.0,
            "소득수준":51.54,
            "일자리총점":18.962,
            "가치 총점":55.4754,
            "매매실거래년":20210928.0,
            "매매실거래가":68000.0,
            "전세실거래년":20211002.0,
            "전세실거래가":32550.0,
            "전세가율":45.85,
            "장기전세가율평균":74.41,
            "전세가율거품지수":28.56,
            "검색코드":1544,
            "세대수":328.0,
            "준공년월":"1994-12-10",
            "준공년차":29.0,
            "가까운역이름":"행신",
            "가까운역거리":384.81,
            "역세권여부":"역세권",
            "30분이내주요거점역":2,
            "1시간이내주요거점역":10,
            "3km이내백화점수":0,
            "5km이내아울렛몰수":3,
            "1km이내대형먀트수":0,
            "500m이내은행수":2,
            "500m이내병원수":19,
            "5km이내대형병원수":2,
            "500m이내공원수":7,
            "3km이내혐오시설수":0,
            "초등학교학업성취도":85.02,
            "중학교학업성취도":87.9,
            "용적률":266,
            "건폐율":25,
            "Y":37.6148,
            "X":126.83141,
            "rank":15.0,
            "area_info":"36평(119.81), 42평(138.93), 45평(149.71), 47평(158.6)",
            "last_sales":"2021-09-28,68000.0,42평(138.93)"
        },
        {
            "index":464,
            "아파트명":"샘터2단지",
            "투자타입":"일반",
            "전용면적(m2)":"54.52",
            "전용면적(평)":"16평",
            "법정동주소":"경기도 고양시 덕양구 행신동 983",
            "도로명주소":"경기도 고양시 덕양구 충장로 118-30",
            "세대수":100,
            "입주년차":0,
            "용적률점수":"--",
            "건폐율점수":"--",
            "세대당주차수":0,
            "난방방식":100,
            "공급면적":"--",
            "전용률":"--",
            "욕실수":50,
            "현관타입":10,
            "주거총점":51.0,
            "지역구공급총점":0.0,
            "역세권":50,
            "30분내 이동가능 거점":40,
            "1시간내 이동가능 거점":80,
            "교통총점":53.0,
            "백화점":0,
            "아울렛몰":100,
            "대형마트":80,
            "은행":70,
            "병원":80,
            "종합병원":100,
            "공원":100,
            "혐오시설":0,
            "인프라총점":60.0,
            "초등학군":86.92,
            "중학군":49.7,
            "학군총점":57.144,
            "인구수":53.57,
            "인구증감":25.08,
            "인구총점":45.023,
            "일자리":5.0,
            "소득수준":51.54,
            "일자리총점":18.962,
            "가치 총점":55.3216,
            "매매실거래년":20211226.0,
            "매매실거래가":42900.0,
            "전세실거래년":20211209.0,
            "전세실거래가":17300.0,
            "전세가율":58.25,
            "장기전세가율평균":74.41,
            "전세가율거품지수":16.16,
            "검색코드":1537,
            "세대수":2920.0,
            "준공년월":"1996-08-14",
            "준공년차":27.0,
            "가까운역이름":"행신",
            "가까운역거리":994.82,
            "역세권여부":"준역세권",
            "30분이내주요거점역":2,
            "1시간이내주요거점역":8,
            "3km이내백화점수":0,
            "5km이내아울렛몰수":2,
            "1km이내대형먀트수":1,
            "500m이내은행수":3,
            "500m이내병원수":43,
            "5km이내대형병원수":2,
            "500m이내공원수":8,
            "3km이내혐오시설수":0,
            "초등학교학업성취도":86.92,
            "중학교학업성취도":80.9,
            "용적률":222,
            "건폐율":16,
            "Y":37.620945,
            "X":126.83586,
            "rank":16.0,
            "area_info":"16평(54.52), 20평(67.52), 22평(73.4), 24평(79.62), 24평(80.55), 24평(81.43), 25평(82.86), 25평(83.38), 26평(87.14), 26평(89.17)",
            "last_sales":"2021-12-26,42900.0,26평(87.14)"
        },
        {
            "index":647,
            "아파트명":"옥빛13단지일신건영",
            "투자타입":"일반",
            "전용면적(m2)":"71.96",
            "전용면적(평)":"21평",
            "법정동주소":"경기도 고양시 덕양구 화정동 987",
            "도로명주소":"경기도 고양시 덕양구 백양로 64",
            "세대수":50,
            "입주년차":0,
            "용적률점수":"--",
            "건폐율점수":"--",
            "세대당주차수":0,
            "난방방식":100,
            "공급면적":"--",
            "전용률":"--",
            "욕실수":50,
            "현관타입":10,
            "주거총점":33.5,
            "지역구공급총점":0.0,
            "역세권":80,
            "30분내 이동가능 거점":20,
            "1시간내 이동가능 거점":60,
            "교통총점":58.0,
            "백화점":0,
            "아울렛몰":100,
            "대형마트":100,
            "은행":70,
            "병원":100,
            "종합병원":100,
            "공원":100,
            "혐오시설":0,
            "인프라총점":65.0,
            "초등학군":83.04,
            "중학군":50.68,
            "학군총점":57.152,
            "인구수":53.57,
            "인구증감":25.08,
            "인구총점":45.023,
            "일자리":5.0,
            "소득수준":51.54,
            "일자리총점":18.962,
            "가치 총점":55.0728,
            "매매실거래년":20210915.0,
            "매매실거래가":50000.0,
            "전세실거래년":20211229.0,
            "전세실거래가":30000.0,
            "전세가율":60.12,
            "장기전세가율평균":74.41,
            "전세가율거품지수":14.29,
            "검색코드":1566,
            "세대수":582.0,
            "준공년월":"1995-11-01",
            "준공년차":28.0,
            "가까운역이름":"화정",
            "가까운역거리":414.99,
            "역세권여부":"역세권",
            "30분이내주요거점역":1,
            "1시간이내주요거점역":6,
            "3km이내백화점수":0,
            "5km이내아울렛몰수":2,
            "1km이내대형먀트수":3,
            "500m이내은행수":4,
            "500m이내병원수":60,
            "5km이내대형병원수":2,
            "500m이내공원수":5,
            "3km이내혐오시설수":0,
            "초등학교학업성취도":83.04,
            "중학교학업성취도":82.6,
            "용적률":179,
            "건폐율":0,
            "Y":37.63113,
            "X":126.83441,
            "rank":17.0,
            "area_info":"21평(71.96), 23평(77.69)",
            "last_sales":"2021-09-15,50000.0,23평(77.69)"
        },
        {
            "index":578,
            "아파트명":"행신SKVIEW1차",
            "투자타입":"일반",
            "전용면적(m2)":"88.02",
            "전용면적(평)":"26평",
            "법정동주소":"경기도 고양시 덕양구 행신동 621",
            "도로명주소":"경기도 고양시 덕양구 충장로103번길 23",
            "세대수":80,
            "입주년차":40,
            "용적률점수":"--",
            "건폐율점수":"--",
            "세대당주차수":30,
            "난방방식":30,
            "공급면적":"--",
            "전용률":"--",
            "욕실수":100,
            "현관타입":100,
            "주거총점":63.5,
            "지역구공급총점":0.0,
            "역세권":50,
            "30분내 이동가능 거점":20,
            "1시간내 이동가능 거점":70,
            "교통총점":45.0,
            "백화점":0,
            "아울렛몰":100,
            "대형마트":80,
            "은행":70,
            "병원":80,
            "종합병원":100,
            "공원":100,
            "혐오시설":0,
            "인프라총점":60.0,
            "초등학군":86.92,
            "중학군":49.7,
            "학군총점":57.144,
            "인구수":53.57,
            "인구증감":25.08,
            "인구총점":45.023,
            "일자리":5.0,
            "소득수준":51.54,
            "일자리총점":18.962,
            "가치 총점":55.0216,
            "매매실거래년":20211228.0,
            "매매실거래가":67700.0,
            "전세실거래년":20220113.0,
            "전세실거래가":43000.0,
            "전세가율":63.52,
            "장기전세가율평균":74.41,
            "전세가율거품지수":10.89,
            "검색코드":11048,
            "세대수":812.0,
            "준공년월":"2005-04-28",
            "준공년차":18.0,
            "가까운역이름":"행신",
            "가까운역거리":972.44,
            "역세권여부":"준역세권",
            "30분이내주요거점역":1,
            "1시간이내주요거점역":7,
            "3km이내백화점수":0,
            "5km이내아울렛몰수":3,
            "1km이내대형먀트수":1,
            "500m이내은행수":3,
            "500m이내병원수":43,
            "5km이내대형병원수":2,
            "500m이내공원수":7,
            "3km이내혐오시설수":0,
            "초등학교학업성취도":86.92,
            "중학교학업성취도":80.9,
            "용적률":299,
            "건폐율":17,
            "Y":37.62079,
            "X":126.832884,
            "rank":18.0,
            "area_info":"26평(88.02), 32평(107.29), 38평(126.5), 45평(151.22)",
            "last_sales":"2021-12-28,67700.0,26평(88.02)"
        },
        {
            "index":638,
            "아파트명":"별빛10단지건영",
            "투자타입":"일반",
            "전용면적(m2)":"93.62",
            "전용면적(평)":"28평",
            "법정동주소":"경기도 고양시 덕양구 화정동 951",
            "도로명주소":"경기도 고양시 덕양구 화신로 291",
            "세대수":90,
            "입주년차":0,
            "용적률점수":"--",
            "건폐율점수":"--",
            "세대당주차수":30,
            "난방방식":100,
            "공급면적":"--",
            "전용률":"--",
            "욕실수":50,
            "현관타입":100,
            "주거총점":61.0,
            "지역구공급총점":0.0,
            "역세권":50,
            "30분내 이동가능 거점":20,
            "1시간내 이동가능 거점":70,
            "교통총점":45.0,
            "백화점":0,
            "아울렛몰":100,
            "대형마트":100,
            "은행":20,
            "병원":80,
            "종합병원":100,
            "공원":100,
            "혐오시설":0,
            "인프라총점":58.0,
            "초등학군":89.84,
            "중학군":56.68,
            "학군총점":63.312,
            "인구수":53.57,
            "인구증감":25.08,
            "인구총점":45.023,
            "일자리":5.0,
            "소득수준":51.54,
            "일자리총점":18.962,
            "가치 총점":54.8468,
            "매매실거래년":20211204.0,
            "매매실거래가":72500.0,
            "전세실거래년":20220115.0,
            "전세실거래가":30450.0,
            "전세가율":44.85,
            "장기전세가율평균":74.41,
            "전세가율거품지수":29.56,
            "검색코드":1558,
            "세대수":1080.0,
            "준공년월":"1996-05-30",
            "준공년차":27.0,
            "가까운역이름":"화정",
            "가까운역거리":598.42,
            "역세권여부":"준역세권",
            "30분이내주요거점역":1,
            "1시간이내주요거점역":7,
            "3km이내백화점수":0,
            "5km이내아울렛몰수":2,
            "1km이내대형먀트수":3,
            "500m이내은행수":2,
            "500m이내병원수":50,
            "5km이내대형병원수":2,
            "500m이내공원수":6,
            "3km이내혐오시설수":0,
            "초등학교학업성취도":89.84,
            "중학교학업성취도":91.0,
            "용적률":179,
            "건폐율":16,
            "Y":37.63036,
            "X":126.828452,
            "rank":19.0,
            "area_info":"28평(93.62), 31평(103.48)",
            "last_sales":"2021-12-04,72500.0,31평(103.48)"
        },
        {
            "index":458,
            "아파트명":"샘터1단지",
            "투자타입":"일반",
            "전용면적(m2)":"127.9",
            "전용면적(평)":"38평",
            "법정동주소":"경기도 고양시 덕양구 행신동 973",
            "도로명주소":"경기도 고양시 덕양구 화신로 76",
            "세대수":80,
            "입주년차":0,
            "용적률점수":"--",
            "건폐율점수":"--",
            "세대당주차수":80,
            "난방방식":100,
            "공급면적":"--",
            "전용률":"--",
            "욕실수":100,
            "현관타입":100,
            "주거총점":70.0,
            "지역구공급총점":0.0,
            "역세권":50,
            "30분내 이동가능 거점":40,
            "1시간내 이동가능 거점":80,
            "교통총점":53.0,
            "백화점":0,
            "아울렛몰":80,
            "대형마트":80,
            "은행":0,
            "병원":60,
            "종합병원":80,
            "공원":100,
            "혐오시설":0,
            "인프라총점":45.0,
            "초등학군":88.42,
            "중학군":49.7,
            "학군총점":57.444,
            "인구수":53.57,
            "인구증감":25.08,
            "인구총점":45.023,
            "일자리":5.0,
            "소득수준":51.54,
            "일자리총점":18.962,
            "가치 총점":54.6666,
            "매매실거래년":20211228.0,
            "매매실거래가":75000.0,
            "전세실거래년":20211124.0,
            "전세실거래가":55000.0,
            "전세가율":91.97,
            "장기전세가율평균":74.41,
            "전세가율거품지수":-17.56,
            "검색코드":25492,
            "세대수":822.0,
            "준공년월":"1997-09-20",
            "준공년차":26.0,
            "가까운역이름":"강매",
            "가까운역거리":879.69,
            "역세권여부":"준역세권",
            "30분이내주요거점역":2,
            "1시간이내주요거점역":8,
            "3km이내백화점수":0,
            "5km이내아울렛몰수":1,
            "1km이내대형먀트수":1,
            "500m이내은행수":1,
            "500m이내병원수":19,
            "5km이내대형병원수":1,
            "500m이내공원수":9,
            "3km이내혐오시설수":0,
            "초등학교학업성취도":88.42,
            "중학교학업성취도":80.9,
            "용적률":229,
            "건폐율":16,
            "Y":37.619768,
            "X":126.839877,
            "rank":20.0,
            "area_info":"38평(127.9), 38평(127.9), 38평(127.9), 49평(164.02), 49평(164.02), 49평(164.02)",
            "last_sales":"2021-12-28,75000.0,49평(164.02)"
        },
        {
            "index":588,
            "아파트명":"행신SKVIEW3차",
            "투자타입":"일반",
            "전용면적(m2)":"84.99",
            "전용면적(평)":"25평",
            "법정동주소":"경기도 고양시 덕양구 행신동 650",
            "도로명주소":"경기도 고양시 덕양구 행신로 131-11",
            "세대수":50,
            "입주년차":60,
            "용적률점수":"--",
            "건폐율점수":"--",
            "세대당주차수":60,
            "난방방식":30,
            "공급면적":"--",
            "전용률":"--",
            "욕실수":50,
            "현관타입":100,
            "주거총점":56.5,
            "지역구공급총점":0.0,
            "역세권":50,
            "30분내 이동가능 거점":40,
            "1시간내 이동가능 거점":80,
            "교통총점":53.0,
            "백화점":0,
            "아울렛몰":100,
            "대형마트":80,
            "은행":0,
            "병원":60,
            "종합병원":100,
            "공원":100,
            "혐오시설":0,
            "인프라총점":51.0,
            "초등학군":85.02,
            "중학군":53.54,
            "학군총점":59.836,
            "인구수":53.57,
            "인구증감":25.08,
            "인구총점":45.023,
            "일자리":5.0,
            "소득수준":51.54,
            "일자리총점":18.962,
            "가치 총점":54.1254,
            "매매실거래년":20211202.0,
            "매매실거래가":82800.0,
            "전세실거래년":20211224.0,
            "전세실거래가":42000.0,
            "전세가율":59.57,
            "장기전세가율평균":74.41,
            "전세가율거품지수":14.84,
            "검색코드":25597,
            "세대수":574.0,
            "준공년월":"2009-02-02",
            "준공년차":14.0,
            "가까운역이름":"능곡",
            "가까운역거리":832.16,
            "역세권여부":"준역세권",
            "30분이내주요거점역":2,
            "1시간이내주요거점역":8,
            "3km이내백화점수":0,
            "5km이내아울렛몰수":3,
            "1km이내대형먀트수":1,
            "500m이내은행수":1,
            "500m이내병원수":14,
            "5km이내대형병원수":2,
            "500m이내공원수":9,
            "3km이내혐오시설수":0,
            "초등학교학업성취도":85.02,
            "중학교학업성취도":87.9,
            "용적률":269,
            "건폐율":19,
            "Y":37.61984,
            "X":126.830141,
            "rank":21.0,
            "area_info":"25평(84.99), 34평(112.84), 40평(133.35), 45평(151.78)",
            "last_sales":"2021-12-02,82800.0,40평(133.35)"
        },
        {
            "index":440,
            "아파트명":"무원3단지동신",
            "투자타입":"일반",
            "전용면적(m2)":"121.94",
            "전용면적(평)":"36평",
            "법정동주소":"경기도 고양시 덕양구 행신동 769",
            "도로명주소":"경기도 고양시 덕양구 용현로 20",
            "세대수":30,
            "입주년차":0,
            "용적률점수":"--",
            "건폐율점수":"--",
            "세대당주차수":30,
            "난방방식":100,
            "공급면적":"--",
            "전용률":"--",
            "욕실수":100,
            "현관타입":100,
            "주거총점":45.0,
            "지역구공급총점":0.0,
            "역세권":80,
            "30분내 이동가능 거점":40,
            "1시간내 이동가능 거점":100,
            "교통총점":72.0,
            "백화점":0,
            "아울렛몰":100,
            "대형마트":0,
            "은행":0,
            "병원":60,
            "종합병원":80,
            "공원":100,
            "혐오시설":0,
            "인프라총점":35.0,
            "초등학군":85.51,
            "중학군":52.82,
            "학군총점":59.358,
            "인구수":53.57,
            "인구증감":25.08,
            "인구총점":45.023,
            "일자리":5.0,
            "소득수준":51.54,
            "일자리총점":18.962,
            "가치 총점":53.6037,
            "매매실거래년":20211111.0,
            "매매실거래가":78000.0,
            "전세실거래년":20211218.0,
            "전세실거래가":35500.0,
            "전세가율":48.63,
            "장기전세가율평균":74.41,
            "전세가율거품지수":25.78,
            "검색코드":1533,
            "세대수":330.0,
            "준공년월":"1994-05-27",
            "준공년차":29.0,
            "가까운역이름":"행신",
            "가까운역거리":409.9,
            "역세권여부":"역세권",
            "30분이내주요거점역":2,
            "1시간이내주요거점역":10,
            "3km이내백화점수":0,
            "5km이내아울렛몰수":2,
            "1km이내대형먀트수":0,
            "500m이내은행수":1,
            "500m이내병원수":18,
            "5km이내대형병원수":1,
            "500m이내공원수":8,
            "3km이내혐오시설수":0,
            "초등학교학업성취도":85.51,
            "중학교학업성취도":85.9,
            "용적률":232,
            "건폐율":22,
            "Y":37.61501,
            "X":126.837006,
            "rank":22.0,
            "area_info":"36평(121.94), 47평(158.51)",
            "last_sales":"2021-11-11,78000.0,47평(158.51)"
        },
        {
            "index":442,
            "아파트명":"무원5단지쌍용한진",
            "투자타입":"일반",
            "전용면적(m2)":"122.43",
            "전용면적(평)":"37평",
            "법정동주소":"경기도 고양시 덕양구 행신동 767",
            "도로명주소":"경기도 고양시 덕양구 용현로 10",
            "세대수":50,
            "입주년차":0,
            "용적률점수":"--",
            "건폐율점수":"--",
            "세대당주차수":30,
            "난방방식":100,
            "공급면적":"--",
            "전용률":"--",
            "욕실수":100,
            "현관타입":100,
            "주거총점":52.0,
            "지역구공급총점":0.0,
            "역세권":80,
            "30분내 이동가능 거점":40,
            "1시간내 이동가능 거점":80,
            "교통총점":68.0,
            "백화점":0,
            "아울렛몰":100,
            "대형마트":0,
            "은행":0,
            "병원":60,
            "종합병원":80,
            "공원":100,
            "혐오시설":0,
            "인프라총점":35.0,
            "초등학군":85.51,
            "중학군":52.82,
            "학군총점":59.358,
            "인구수":53.57,
            "인구증감":25.08,
            "인구총점":45.023,
            "일자리":5.0,
            "소득수준":51.54,
            "일자리총점":18.962,
            "가치 총점":53.6037,
            "매매실거래년":20211014.0,
            "매매실거래가":75000.0,
            "전세실거래년":null,
            "전세실거래가":null,
            "전세가율":null,
            "장기전세가율평균":74.41,
            "전세가율거품지수":null,
            "검색코드":1534,
            "세대수":636.0,
            "준공년월":"1995-04-29",
            "준공년차":28.0,
            "가까운역이름":"행신",
            "가까운역거리":308.04,
            "역세권여부":"역세권",
            "30분이내주요거점역":2,
            "1시간이내주요거점역":8,
            "3km이내백화점수":0,
            "5km이내아울렛몰수":2,
            "1km이내대형먀트수":0,
            "500m이내은행수":1,
            "500m이내병원수":17,
            "5km이내대형병원수":1,
            "500m이내공원수":5,
            "3km이내혐오시설수":0,
            "초등학교학업성취도":85.51,
            "중학교학업성취도":85.9,
            "용적률":224,
            "건폐율":22,
            "Y":37.613685,
            "X":126.837016,
            "rank":23.0,
            "area_info":"37평(122.43), 37평(122.42), 47평(157.22)",
            "last_sales":"2021-10-14,75000.0,47평(157.22)"
        },
        {
            "index":445,
            "아파트명":"무원6단지두산",
            "투자타입":"일반",
            "전용면적(m2)":"89.76",
            "전용면적(평)":"27평",
            "법정동주소":"경기도 고양시 덕양구 행신동 702",
            "도로명주소":"경기도 고양시 덕양구 소원로 47",
            "세대수":50,
            "입주년차":0,
            "용적률점수":"--",
            "건폐율점수":"--",
            "세대당주차수":0,
            "난방방식":100,
            "공급면적":"--",
            "전용률":"--",
            "욕실수":50,
            "현관타입":100,
            "주거총점":42.5,
            "지역구공급총점":0.0,
            "역세권":80,
            "30분내 이동가능 거점":40,
            "1시간내 이동가능 거점":80,
            "교통총점":68.0,
            "백화점":0,
            "아울렛몰":100,
            "대형마트":0,
            "은행":20,
            "병원":60,
            "종합병원":100,
            "공원":100,
            "혐오시설":0,
            "인프라총점":41.0,
            "초등학군":85.02,
            "중학군":53.54,
            "학군총점":59.836,
            "인구수":53.57,
            "인구증감":25.08,
            "인구총점":45.023,
            "일자리":5.0,
            "소득수준":51.54,
            "일자리총점":18.962,
            "가치 총점":53.5754,
            "매매실거래년":20220104.0,
            "매매실거래가":67000.0,
            "전세실거래년":20211129.0,
            "전세실거래가":29500.0,
            "전세가율":47.66,
            "장기전세가율평균":74.41,
            "전세가율거품지수":26.75,
            "검색코드":1529,
            "세대수":688.0,
            "준공년월":"1994-11-25",
            "준공년차":29.0,
            "가까운역이름":"행신",
            "가까운역거리":289.25,
            "역세권여부":"역세권",
            "30분이내주요거점역":2,
            "1시간이내주요거점역":8,
            "3km이내백화점수":0,
            "5km이내아울렛몰수":3,
            "1km이내대형먀트수":0,
            "500m이내은행수":2,
            "500m이내병원수":14,
            "5km이내대형병원수":2,
            "500m이내공원수":7,
            "3km이내혐오시설수":0,
            "초등학교학업성취도":85.02,
            "중학교학업성취도":87.9,
            "용적률":209,
            "건폐율":21,
            "Y":37.613767,
            "X":126.831623,
            "rank":24.0,
            "area_info":"27평(89.76), 31평(104.24)",
            "last_sales":"2022-01-04,67000.0,31평(104.24)"
        },
        {
            "index":493,
            "아파트명":"서정마을7단지파크하임휴먼시아",
            "투자타입":"일반",
            "전용면적(m2)":"149.1",
            "전용면적(평)":"45평",
            "법정동주소":"경기도 고양시 덕양구 행신동 1090",
            "도로명주소":"경기도 고양시 덕양구 소원로181번길 20",
            "세대수":30,
            "입주년차":60,
            "용적률점수":"--",
            "건폐율점수":"--",
            "세대당주차수":80,
            "난방방식":100,
            "공급면적":"--",
            "전용률":"--",
            "욕실수":100,
            "현관타입":100,
            "주거총점":64.5,
            "지역구공급총점":0.0,
            "역세권":80,
            "30분내 이동가능 거점":20,
            "1시간내 이동가능 거점":80,
            "교통총점":62.0,
            "백화점":0,
            "아울렛몰":80,
            "대형마트":0,
            "은행":0,
            "병원":60,
            "종합병원":80,
            "공원":100,
            "혐오시설":0,
            "인프라총점":33.0,
            "초등학군":88.21,
            "중학군":52.82,
            "학군총점":59.898,
            "인구수":53.57,
            "인구증감":25.08,
            "인구총점":45.023,
            "일자리":5.0,
            "소득수준":51.54,
            "일자리총점":18.962,
            "가치 총점":53.4847,
            "매매실거래년":20211020.0,
            "매매실거래가":119990.0,
            "전세실거래년":20210904.0,
            "전세실거래가":49350.0,
            "전세가율":47.45,
            "장기전세가율평균":74.41,
            "전세가율거품지수":26.96,
            "검색코드":27796,
            "세대수":394.0,
            "준공년월":"2009-12-03",
            "준공년차":14.0,
            "가까운역이름":"강매",
            "가까운역거리":224.47,
            "역세권여부":"역세권",
            "30분이내주요거점역":1,
            "1시간이내주요거점역":8,
            "3km이내백화점수":0,
            "5km이내아울렛몰수":1,
            "1km이내대형먀트수":0,
            "500m이내은행수":1,
            "500m이내병원수":10,
            "5km이내대형병원수":1,
            "500m이내공원수":8,
            "3km이내혐오시설수":0,
            "초등학교학업성취도":88.21,
            "중학교학업성취도":85.9,
            "용적률":174,
            "건폐율":21,
            "Y":37.613995,
            "X":126.844634,
            "rank":25.0,
            "area_info":"45평(149.1), 48평(161.57), 49평(164.21), 50평(166.1)",
            "last_sales":"2021-10-20,119990.0,49평(164.21)"
        },
        {
            "index":346,
            "아파트명":"삼송3차아이파크",
            "투자타입":"일반",
            "전용면적(m2)":"111.73",
            "전용면적(평)":"33평",
            "법정동주소":"경기도 고양시 덕양구 원흥동 619",
            "도로명주소":"경기도 고양시 덕양구 원흥1로 46-12",
            "세대수":0,
            "입주년차":100,
            "용적률점수":"--",
            "건폐율점수":"--",
            "세대당주차수":60,
            "난방방식":100,
            "공급면적":"--",
            "전용률":"--",
            "욕실수":100,
            "현관타입":100,
            "주거총점":59.0,
            "지역구공급총점":0.0,
            "역세권":80,
            "30분내 이동가능 거점":20,
            "1시간내 이동가능 거점":80,
            "교통총점":62.0,
            "백화점":0,
            "아울렛몰":100,
            "대형마트":0,
            "은행":0,
            "병원":30,
            "종합병원":100,
            "공원":100,
            "혐오시설":0,
            "인프라총점":36.0,
            "초등학군":100.0,
            "중학군":49.72,
            "학군총점":59.776,
            "인구수":53.57,
            "인구증감":25.08,
            "인구총점":45.023,
            "일자리":5.0,
            "소득수준":51.54,
            "일자리총점":18.962,
            "가치 총점":53.2664,
            "매매실거래년":20211021.0,
            "매매실거래가":104000.0,
            "전세실거래년":20211113.0,
            "전세실거래가":55000.0,
            "전세가율":52.88,
            "장기전세가율평균":74.41,
            "전세가율거품지수":21.53,
            "검색코드":116004,
            "세대수":162.0,
            "준공년월":"2019-07-25",
            "준공년차":4.0,
            "가까운역이름":"원흥",
            "가까운역거리":288.61,
            "역세권여부":"역세권",
            "30분이내주요거점역":1,
            "1시간이내주요거점역":8,
            "3km이내백화점수":0,
            "5km이내아울렛몰수":2,
            "1km이내대형먀트수":0,
            "500m이내은행수":0,
            "500m이내병원수":8,
            "5km이내대형병원수":2,
            "500m이내공원수":2,
            "3km이내혐오시설수":0,
            "초등학교학업성취도":100.0,
            "중학교학업성취도":80.4,
            "용적률":379,
            "건폐율":45,
            "Y":37.650689,
            "X":126.869364,
            "rank":26.0,
            "area_info":"33평(111.73), 34평(112.62)",
            "last_sales":"2021-10-21,104000.0,33평(111.73)"
        },
        {
            "index":191,
            "아파트명":"삼송아이파크2차",
            "투자타입":"일반",
            "전용면적(m2)":"98.95",
            "전용면적(평)":"29평",
            "법정동주소":"경기도 고양시 덕양구 삼송동 311",
            "도로명주소":"경기도 고양시 덕양구 세솔로 73",
            "세대수":90,
            "입주년차":80,
            "용적률점수":"--",
            "건폐율점수":"--",
            "세대당주차수":30,
            "난방방식":100,
            "공급면적":"--",
            "전용률":"--",
            "욕실수":100,
            "현관타입":100,
            "주거총점":82.0,
            "지역구공급총점":0.0,
            "역세권":50,
            "30분내 이동가능 거점":0,
            "1시간내 이동가능 거점":60,
            "교통총점":37.0,
            "백화점":0,
            "아울렛몰":100,
            "대형마트":80,
            "은행":0,
            "병원":60,
            "종합병원":100,
            "공원":100,
            "혐오시설":0,
            "인프라총점":51.0,
            "초등학군":85.23,
            "중학군":49.72,
            "학군총점":56.822,
            "인구수":53.57,
            "인구증감":25.08,
            "인구총점":45.023,
            "일자리":5.0,
            "소득수준":51.54,
            "일자리총점":18.962,
            "가치 총점":53.1733,
            "매매실거래년":20211025.0,
            "매매실거래가":104500.0,
            "전세실거래년":20211028.0,
            "전세실거래가":55000.0,
            "전세가율":64.71,
            "장기전세가율평균":74.41,
            "전세가율거품지수":9.7,
            "검색코드":106995,
            "세대수":1066.0,
            "준공년월":"2015-08-27",
            "준공년차":8.0,
            "가까운역이름":"삼송",
            "가까운역거리":768.02,
            "역세권여부":"준역세권",
            "30분이내주요거점역":0,
            "1시간이내주요거점역":6,
            "3km이내백화점수":0,
            "5km이내아울렛몰수":2,
            "1km이내대형먀트수":1,
            "500m이내은행수":0,
            "500m이내병원수":12,
            "5km이내대형병원수":3,
            "500m이내공원수":3,
            "3km이내혐오시설수":0,
            "초등학교학업성취도":85.23,
            "중학교학업성취도":80.4,
            "용적률":183,
            "건폐율":16,
            "Y":37.650636,
            "X":126.8874,
            "rank":27.0,
            "area_info":"29평(98.95), 29평(98.89), 30평(100.49), 33평(111.1), 33평(112.22), 33평(112.38)",
            "last_sales":"2021-10-25,104500.0,33평(111.1)"
        },
        {
            "index":649,
            "아파트명":"옥빛14단지부영",
            "투자타입":"일반",
            "전용면적(m2)":"68.43",
            "전용면적(평)":"20평",
            "법정동주소":"경기도 고양시 덕양구 화정동 1004",
            "도로명주소":"경기도 고양시 덕양구 백양로 27",
            "세대수":80,
            "입주년차":0,
            "용적률점수":"--",
            "건폐율점수":"--",
            "세대당주차수":0,
            "난방방식":100,
            "공급면적":"--",
            "전용률":"--",
            "욕실수":50,
            "현관타입":10,
            "주거총점":44.0,
            "지역구공급총점":0.0,
            "역세권":50,
            "30분내 이동가능 거점":20,
            "1시간내 이동가능 거점":80,
            "교통총점":47.0,
            "백화점":0,
            "아울렛몰":100,
            "대형마트":100,
            "은행":70,
            "병원":80,
            "종합병원":100,
            "공원":100,
            "혐오시설":0,
            "인프라총점":63.0,
            "초등학군":86.83,
            "중학군":52.74,
            "학군총점":59.558,
            "인구수":53.57,
            "인구증감":25.08,
            "인구총점":45.023,
            "일자리":5.0,
            "소득수준":51.54,
            "일자리총점":18.962,
            "가치 총점":53.0837,
            "매매실거래년":20211111.0,
            "매매실거래가":49000.0,
            "전세실거래년":20220108.0,
            "전세실거래가":29000.0,
            "전세가율":59.18,
            "장기전세가율평균":74.41,
            "전세가율거품지수":15.23,
            "검색코드":3096,
            "세대수":720.0,
            "준공년월":"1995-11-08",
            "준공년차":28.0,
            "가까운역이름":"화정",
            "가까운역거리":579.05,
            "역세권여부":"준역세권",
            "30분이내주요거점역":1,
            "1시간이내주요거점역":8,
            "3km이내백화점수":0,
            "5km이내아울렛몰수":2,
            "1km이내대형먀트수":3,
            "500m이내은행수":4,
            "500m이내병원수":54,
            "5km이내대형병원수":2,
            "500m이내공원수":8,
            "3km이내혐오시설수":0,
            "초등학교학업성취도":86.83,
            "중학교학업성취도":87.3,
            "용적률":178,
            "건폐율":0,
            "Y":37.629389,
            "X":126.832375,
            "rank":28.0,
            "area_info":"20평(68.43), 24평(81.22)",
            "last_sales":"2021-11-11,49000.0,20평(68.43)"
        },
        {
            "index":436,
            "아파트명":"무원10단지서광라이프",
            "투자타입":"일반",
            "전용면적(m2)":"104.18",
            "전용면적(평)":"31평",
            "법정동주소":"경기도 고양시 덕양구 행신동 692",
            "도로명주소":"경기도 고양시 덕양구 무원로 63",
            "세대수":80,
            "입주년차":0,
            "용적률점수":"--",
            "건폐율점수":"--",
            "세대당주차수":0,
            "난방방식":100,
            "공급면적":"--",
            "전용률":"--",
            "욕실수":100,
            "현관타입":100,
            "주거총점":58.0,
            "지역구공급총점":0.0,
            "역세권":50,
            "30분내 이동가능 거점":20,
            "1시간내 이동가능 거점":90,
            "교통총점":49.0,
            "백화점":0,
            "아울렛몰":100,
            "대형마트":80,
            "은행":0,
            "병원":60,
            "종합병원":100,
            "공원":100,
            "혐오시설":0,
            "인프라총점":51.0,
            "초등학군":85.02,
            "중학군":53.54,
            "학군총점":59.836,
            "인구수":53.57,
            "인구증감":25.08,
            "인구총점":45.023,
            "일자리":5.0,
            "소득수준":51.54,
            "일자리총점":18.962,
            "가치 총점":53.0254,
            "매매실거래년":20211112.0,
            "매매실거래가":61250.0,
            "전세실거래년":20220115.0,
            "전세실거래가":47000.0,
            "전세가율":76.73,
            "장기전세가율평균":74.41,
            "전세가율거품지수":-2.32,
            "검색코드":1531,
            "세대수":792.0,
            "준공년월":"1994-10-31",
            "준공년차":29.0,
            "가까운역이름":"행신",
            "가까운역거리":779.49,
            "역세권여부":"준역세권",
            "30분이내주요거점역":1,
            "1시간이내주요거점역":9,
            "3km이내백화점수":0,
            "5km이내아울렛몰수":3,
            "1km이내대형먀트수":1,
            "500m이내은행수":1,
            "500m이내병원수":13,
            "5km이내대형병원수":2,
            "500m이내공원수":9,
            "3km이내혐오시설수":0,
            "초등학교학업성취도":85.02,
            "중학교학업성취도":87.9,
            "용적률":212,
            "건폐율":22,
            "Y":37.618496,
            "X":126.830518,
            "rank":29.0,
            "area_info":"31평(104.18)",
            "last_sales":"2021-11-12,61250.0,31평(104.18)"
        },
        {
            "index":642,
            "아파트명":"별빛8단지부영",
            "투자타입":"일반",
            "전용면적(m2)":"68.27",
            "전용면적(평)":"20평",
            "법정동주소":"경기도 고양시 덕양구 화정동 952",
            "도로명주소":"경기도 고양시 덕양구 화신로 298",
            "세대수":90,
            "입주년차":0,
            "용적률점수":"--",
            "건폐율점수":"--",
            "세대당주차수":0,
            "난방방식":100,
            "공급면적":"--",
            "전용률":"--",
            "욕실수":50,
            "현관타입":10,
            "주거총점":47.5,
            "지역구공급총점":0.0,
            "역세권":50,
            "30분내 이동가능 거점":20,
            "1시간내 이동가능 거점":60,
            "교통총점":43.0,
            "백화점":0,
            "아울렛몰":100,
            "대형마트":100,
            "은행":70,
            "병원":80,
            "종합병원":100,
            "공원":100,
            "혐오시설":0,
            "인프라총점":63.0,
            "초등학군":89.84,
            "중학군":56.68,
            "학군총점":63.312,
            "인구수":53.57,
            "인구증감":25.08,
            "인구총점":45.023,
            "일자리":5.0,
            "소득수준":51.54,
            "일자리총점":18.962,
            "가치 총점":52.9468,
            "매매실거래년":20211112.0,
            "매매실거래가":49700.0,
            "전세실거래년":20220114.0,
            "전세실거래가":19425.0,
            "전세가율":39.08,
            "장기전세가율평균":74.41,
            "전세가율거품지수":35.33,
            "검색코드":1561,
            "세대수":1232.0,
            "준공년월":"1995-11-13",
            "준공년차":28.0,
            "가까운역이름":"화정",
            "가까운역거리":525.79,
            "역세권여부":"준역세권",
            "30분이내주요거점역":1,
            "1시간이내주요거점역":6,
            "3km이내백화점수":0,
            "5km이내아울렛몰수":2,
            "1km이내대형먀트수":2,
            "500m이내은행수":4,
            "500m이내병원수":53,
            "5km이내대형병원수":2,
            "500m이내공원수":6,
            "3km이내혐오시설수":0,
            "초등학교학업성취도":89.84,
            "중학교학업성취도":91.0,
            "용적률":179,
            "건폐율":13,
            "Y":37.632305,
            "X":126.827424,
            "rank":30.0,
            "area_info":"20평(68.27), 24평(81.92)",
            "last_sales":"2021-11-12,49700.0,20평(68.27)"
        },
        {
            "index":658,
            "아파트명":"옥빛17단지주공",
            "투자타입":"일반",
            "전용면적(m2)":"109.79",
            "전용면적(평)":"33평",
            "법정동주소":"경기도 고양시 덕양구 화정동 1135",
            "도로명주소":"경기도 고양시 덕양구 백양로 8",
            "세대수":90,
            "입주년차":0,
            "용적률점수":"--",
            "건폐율점수":"--",
            "세대당주차수":30,
            "난방방식":100,
            "공급면적":"--",
            "전용률":"--",
            "욕실수":100,
            "현관타입":100,
            "주거총점":66.0,
            "지역구공급총점":0.0,
            "역세권":50,
            "30분내 이동가능 거점":0,
            "1시간내 이동가능 거점":60,
            "교통총점":37.0,
            "백화점":0,
            "아울렛몰":100,
            "대형마트":100,
            "은행":20,
            "병원":80,
            "종합병원":100,
            "공원":100,
            "혐오시설":0,
            "인프라총점":58.0,
            "초등학군":86.83,
            "중학군":52.74,
            "학군총점":59.558,
            "인구수":53.57,
            "인구증감":25.08,
            "인구총점":45.023,
            "일자리":5.0,
            "소득수준":51.54,
            "일자리총점":18.962,
            "가치 총점":52.4837,
            "매매실거래년":20211112.0,
            "매매실거래가":68000.0,
            "전세실거래년":20220118.0,
            "전세실거래가":43000.0,
            "전세가율":63.24,
            "장기전세가율평균":74.41,
            "전세가율거품지수":11.17,
            "검색코드":1569,
            "세대수":1120.0,
            "준공년월":"1997-05-24",
            "준공년차":26.0,
            "가까운역이름":"화정",
            "가까운역거리":950.47,
            "역세권여부":"준역세권",
            "30분이내주요거점역":0,
            "1시간이내주요거점역":6,
            "3km이내백화점수":0,
            "5km이내아울렛몰수":2,
            "1km이내대형먀트수":3,
            "500m이내은행수":2,
            "500m이내병원수":45,
            "5km이내대형병원수":2,
            "500m이내공원수":6,
            "3km이내혐오시설수":0,
            "초등학교학업성취도":86.83,
            "중학교학업성취도":87.3,
            "용적률":226,
            "건폐율":15,
            "Y":37.626127,
            "X":126.834148,
            "rank":31.0,
            "area_info":"33평(109.79)",
            "last_sales":"2021-11-12,68000.0,33평(109.79)"
        },
        {
            "index":172,
            "아파트명":"동산마을호반베르디움22단지",
            "투자타입":"일반",
            "전용면적(m2)":"112.45",
            "전용면적(평)":"34평",
            "법정동주소":"경기도 고양시 덕양구 동산동 365",
            "도로명주소":"경기도 고양시 덕양구 세솔로 25",
            "세대수":90,
            "입주년차":60,
            "용적률점수":"--",
            "건폐율점수":"--",
            "세대당주차수":60,
            "난방방식":100,
            "공급면적":"--",
            "전용률":"--",
            "욕실수":100,
            "현관타입":100,
            "주거총점":82.5,
            "지역구공급총점":0.0,
            "역세권":50,
            "30분내 이동가능 거점":0,
            "1시간내 이동가능 거점":50,
            "교통총점":35.0,
            "백화점":0,
            "아울렛몰":100,
            "대형마트":100,
            "은행":0,
            "병원":10,
            "종합병원":100,
            "공원":100,
            "혐오시설":0,
            "인프라총점":49.0,
            "초등학군":85.23,
            "중학군":49.72,
            "학군총점":56.822,
            "인구수":53.57,
            "인구증감":25.08,
            "인구총점":45.023,
            "일자리":5.0,
            "소득수준":51.54,
            "일자리총점":18.962,
            "가치 총점":51.9733,
            "매매실거래년":20211004.0,
            "매매실거래가":70000.0,
            "전세실거래년":20220111.0,
            "전세실거래가":37800.0,
            "전세가율":54.0,
            "장기전세가율평균":74.41,
            "전세가율거품지수":20.41,
            "검색코드":104324,
            "세대수":1426.0,
            "준공년월":"2012-10-02",
            "준공년차":11.0,
            "가까운역이름":"삼송",
            "가까운역거리":903.74,
            "역세권여부":"준역세권",
            "30분이내주요거점역":0,
            "1시간이내주요거점역":5,
            "3km이내백화점수":0,
            "5km이내아울렛몰수":2,
            "1km이내대형먀트수":3,
            "500m이내은행수":0,
            "500m이내병원수":4,
            "5km이내대형병원수":2,
            "500m이내공원수":2,
            "3km이내혐오시설수":0,
            "초등학교학업성취도":85.23,
            "중학교학업성취도":80.4,
            "용적률":173,
            "건폐율":17,
            "Y":37.646289,
            "X":126.889924,
            "rank":32.0,
            "area_info":"34평(112.45), 33평(112.34), 34평(113.51), 34평(114.0)",
            "last_sales":"2021-10-04,70000.0,34평(112.45)"
        },
        {
            "index":281,
            "아파트명":"종건그린",
            "투자타입":"재건축",
            "전용면적(m2)":"65.04",
            "전용면적(평)":"19평",
            "법정동주소":"경기도 고양시 덕양구 성사동 488-40",
            "도로명주소":"경기도 고양시 덕양구 고양대로1407번길 69",
            "세대수":0,
            "입주년차":"--",
            "용적률점수":100,
            "건폐율점수":40,
            "세대당주차수":"--",
            "난방방식":"--",
            "공급면적":50,
            "전용률":40,
            "욕실수":"--",
            "현관타입":"--",
            "주거총점":52.5,
            "지역구공급총점":0.0,
            "역세권":80,
            "30분내 이동가능 거점":20,
            "1시간내 이동가능 거점":80,
            "교통총점":62.0,
            "백화점":0,
            "아울렛몰":100,
            "대형마트":0,
            "은행":0,
            "병원":80,
            "종합병원":100,
            "공원":100,
            "혐오시설":0,
            "인프라총점":41.0,
            "초등학군":82.16,
            "중학군":40.78,
            "학군총점":49.056,
            "인구수":53.57,
            "인구증감":25.08,
            "인구총점":45.023,
            "일자리":5.0,
            "소득수준":51.54,
            "일자리총점":18.962,
            "가치 총점":51.8584,
            "매매실거래년":"18000101",
            "매매실거래가":null,
            "전세실거래년":null,
            "전세실거래가":null,
            "전세가율":null,
            "장기전세가율평균":74.41,
            "전세가율거품지수":null,
            "검색코드":106356,
            "세대수":104.0,
            "준공년월":"1986-01-15",
            "준공년차":37.0,
            "가까운역이름":"원당",
            "가까운역거리":399.3,
            "역세권여부":"역세권",
            "30분이내주요거점역":1,
            "1시간이내주요거점역":8,
            "3km이내백화점수":0,
            "5km이내아울렛몰수":2,
            "1km이내대형먀트수":0,
            "500m이내은행수":1,
            "500m이내병원수":32,
            "5km이내대형병원수":3,
            "500m이내공원수":5,
            "3km이내혐오시설수":0,
            "초등학교학업성취도":82.16,
            "중학교학업성취도":66.9,
            "용적률":110,
            "건폐율":36,
            "Y":37.656831,
            "X":126.842066,
            "rank":33.0,
            "area_info":"19평(65.04), 20평(68.51), 21평(71.72)",
            "last_sales":"1800-01-01,nan,19평(65.04)"
        },
        {
            "index":497,
            "아파트명":"소만10단지동성",
            "투자타입":"일반",
            "전용면적(m2)":"74.58",
            "전용면적(평)":"22평",
            "법정동주소":"경기도 고양시 덕양구 행신동 791",
            "도로명주소":"경기도 고양시 덕양구 충경로 135",
            "세대수":30,
            "입주년차":0,
            "용적률점수":"--",
            "건폐율점수":"--",
            "세대당주차수":0,
            "난방방식":100,
            "공급면적":"--",
            "전용률":"--",
            "욕실수":50,
            "현관타입":10,
            "주거총점":26.5,
            "지역구공급총점":0.0,
            "역세권":80,
            "30분내 이동가능 거점":60,
            "1시간내 이동가능 거점":100,
            "교통총점":78.0,
            "백화점":0,
            "아울렛몰":80,
            "대형마트":0,
            "은행":0,
            "병원":60,
            "종합병원":80,
            "공원":100,
            "혐오시설":0,
            "인프라총점":33.0,
            "초등학군":88.21,
            "중학군":52.82,
            "학군총점":59.898,
            "인구수":53.57,
            "인구증감":25.08,
            "인구총점":45.023,
            "일자리":5.0,
            "소득수준":51.54,
            "일자리총점":18.962,
            "가치 총점":51.4847,
            "매매실거래년":20211201.0,
            "매매실거래가":59500.0,
            "전세실거래년":20211229.0,
            "전세실거래가":22050.0,
            "전세가율":45.94,
            "장기전세가율평균":74.41,
            "전세가율거품지수":28.47,
            "검색코드":1539,
            "세대수":377.0,
            "준공년월":"1994-10-31",
            "준공년차":29.0,
            "가까운역이름":"강매",
            "가까운역거리":442.81,
            "역세권여부":"역세권",
            "30분이내주요거점역":3,
            "1시간이내주요거점역":10,
            "3km이내백화점수":0,
            "5km이내아울렛몰수":1,
            "1km이내대형먀트수":0,
            "500m이내은행수":1,
            "500m이내병원수":28,
            "5km이내대형병원수":1,
            "500m이내공원수":10,
            "3km이내혐오시설수":0,
            "초등학교학업성취도":88.21,
            "중학교학업성취도":85.9,
            "용적률":223,
            "건폐율":22,
            "Y":37.61625,
            "X":126.843987,
            "rank":34.0,
            "area_info":"22평(74.58), 32평(106.71)",
            "last_sales":"2021-12-01,59500.0,32평(106.71)"
        },
        {
            "index":447,
            "아파트명":"무원7단지신우",
            "투자타입":"일반",
            "전용면적(m2)":"91.73",
            "전용면적(평)":"27평",
            "법정동주소":"경기도 고양시 덕양구 행신동 699",
            "도로명주소":"경기도 고양시 덕양구 소원로 41",
            "세대수":0,
            "입주년차":0,
            "용적률점수":"--",
            "건폐율점수":"--",
            "세대당주차수":0,
            "난방방식":100,
            "공급면적":"--",
            "전용률":"--",
            "욕실수":50,
            "현관타입":100,
            "주거총점":25.0,
            "지역구공급총점":0.0,
            "역세권":80,
            "30분내 이동가능 거점":40,
            "1시간내 이동가능 거점":100,
            "교통총점":72.0,
            "백화점":0,
            "아울렛몰":100,
            "대형마트":0,
            "은행":20,
            "병원":60,
            "종합병원":100,
            "공원":100,
            "혐오시설":0,
            "인프라총점":41.0,
            "초등학군":85.02,
            "중학군":53.54,
            "학군총점":59.836,
            "인구수":53.57,
            "인구증감":25.08,
            "인구총점":45.023,
            "일자리":5.0,
            "소득수준":51.54,
            "일자리총점":18.962,
            "가치 총점":51.4754,
            "매매실거래년":20211002.0,
            "매매실거래가":33000.0,
            "전세실거래년":20211002.0,
            "전세실거래가":40000.0,
            "전세가율":70.18,
            "장기전세가율평균":74.41,
            "전세가율거품지수":4.23,
            "검색코드":13951,
            "세대수":276.0,
            "준공년월":"1994-12-14",
            "준공년차":29.0,
            "가까운역이름":"행신",
            "가까운역거리":453.61,
            "역세권여부":"역세권",
            "30분이내주요거점역":2,
            "1시간이내주요거점역":10,
            "3km이내백화점수":0,
            "5km이내아울렛몰수":3,
            "1km이내대형먀트수":0,
            "500m이내은행수":2,
            "500m이내병원수":18,
            "5km이내대형병원수":2,
            "500m이내공원수":6,
            "3km이내혐오시설수":0,
            "초등학교학업성취도":85.02,
            "중학교학업성취도":87.9,
            "용적률":207,
            "건폐율":0,
            "Y":37.614726,
            "X":126.830203,
            "rank":35.0,
            "area_info":"27평(91.73), 31평(104.7)",
            "last_sales":"2021-10-02,33000.0,31평(104.7)"
        },
        {
            "index":507,
            "아파트명":"소만6단지성원",
            "투자타입":"일반",
            "전용면적(m2)":"68.33",
            "전용면적(평)":"20평",
            "법정동주소":"경기도 고양시 덕양구 행신동 785",
            "도로명주소":"경기도 고양시 덕양구 소만로 19",
            "세대수":100,
            "입주년차":0,
            "용적률점수":"--",
            "건폐율점수":"--",
            "세대당주차수":0,
            "난방방식":100,
            "공급면적":"--",
            "전용률":"--",
            "욕실수":50,
            "현관타입":10,
            "주거총점":51.0,
            "지역구공급총점":0.0,
            "역세권":80,
            "30분내 이동가능 거점":20,
            "1시간내 이동가능 거점":100,
            "교통총점":66.0,
            "백화점":0,
            "아울렛몰":80,
            "대형마트":0,
            "은행":0,
            "병원":30,
            "종합병원":80,
            "공원":100,
            "혐오시설":0,
            "인프라총점":30.0,
            "초등학군":88.21,
            "중학군":52.82,
            "학군총점":59.898,
            "인구수":53.57,
            "인구증감":25.08,
            "인구총점":45.023,
            "일자리":5.0,
            "소득수준":51.54,
            "일자리총점":18.962,
            "가치 총점":51.2847,
            "매매실거래년":20211220.0,
            "매매실거래가":45000.0,
            "전세실거래년":20220118.0,
            "전세실거래가":19000.0,
            "전세가율":42.22,
            "장기전세가율평균":74.41,
            "전세가율거품지수":32.19,
            "검색코드":1541,
            "세대수":1602.0,
            "준공년월":"1995-04-08",
            "준공년차":28.0,
            "가까운역이름":"강매",
            "가까운역거리":316.06,
            "역세권여부":"역세권",
            "30분이내주요거점역":1,
            "1시간이내주요거점역":10,
            "3km이내백화점수":0,
            "5km이내아울렛몰수":1,
            "1km이내대형먀트수":0,
            "500m이내은행수":0,
            "500m이내병원수":7,
            "5km이내대형병원수":1,
            "500m이내공원수":6,
            "3km이내혐오시설수":0,
            "초등학교학업성취도":88.21,
            "중학교학업성취도":85.9,
            "용적률":225,
            "건폐율":23,
            "Y":37.614152,
            "X":126.840486,
            "rank":36.0,
            "area_info":"20평(68.33), 24평(80.04)",
            "last_sales":"2021-12-20,45000.0,20평(68.33)"
        },
        {
            "index":539,
            "아파트명":"햇빛18-1단지뜨란채",
            "투자타입":"일반",
            "전용면적(m2)":"87.45",
            "전용면적(평)":"26평",
            "법정동주소":"경기도 고양시 덕양구 행신동 895",
            "도로명주소":"경기도 고양시 덕양구 성신로 77",
            "세대수":90,
            "입주년차":0,
            "용적률점수":"--",
            "건폐율점수":"--",
            "세대당주차수":0,
            "난방방식":100,
            "공급면적":"--",
            "전용률":"--",
            "욕실수":50,
            "현관타입":100,
            "주거총점":56.5,
            "지역구공급총점":0.0,
            "역세권":50,
            "30분내 이동가능 거점":20,
            "1시간내 이동가능 거점":50,
            "교통총점":41.0,
            "백화점":0,
            "아울렛몰":100,
            "대형마트":100,
            "은행":0,
            "병원":60,
            "종합병원":100,
            "공원":100,
            "혐오시설":0,
            "인프라총점":54.0,
            "초등학군":86.69,
            "중학군":52.74,
            "학군총점":59.53,
            "인구수":53.57,
            "인구증감":25.08,
            "인구총점":45.023,
            "일자리":5.0,
            "소득수준":51.54,
            "일자리총점":18.962,
            "가치 총점":50.7795,
            "매매실거래년":20211204.0,
            "매매실거래가":51000.0,
            "전세실거래년":20220108.0,
            "전세실거래가":35000.0,
            "전세가율":68.63,
            "장기전세가율평균":74.41,
            "전세가율거품지수":5.78,
            "검색코드":14463,
            "세대수":1132.0,
            "준공년월":"1998-07-20",
            "준공년차":25.0,
            "가까운역이름":"화정",
            "가까운역거리":813.05,
            "역세권여부":"준역세권",
            "30분이내주요거점역":1,
            "1시간이내주요거점역":5,
            "3km이내백화점수":0,
            "5km이내아울렛몰수":2,
            "1km이내대형먀트수":3,
            "500m이내은행수":0,
            "500m이내병원수":11,
            "5km이내대형병원수":2,
            "500m이내공원수":6,
            "3km이내혐오시설수":0,
            "초등학교학업성취도":86.69,
            "중학교학업성취도":87.3,
            "용적률":243,
            "건폐율":18,
            "Y":37.628478,
            "X":126.837714,
            "rank":37.0,
            "area_info":"26평(87.45), 31평(104.24), 33평(109.79)",
            "last_sales":"2021-12-04,51000.0,26평(87.45)"
        },
        {
            "index":216,
            "아파트명":"미도5차(1,2동)",
            "투자타입":"재건축",
            "전용면적(m2)":"56.98",
            "전용면적(평)":"17평",
            "법정동주소":"경기도 고양시 덕양구 성사동 404-8",
            "도로명주소":"경기도 고양시 덕양구 충장로475번길 14-17",
            "세대수":0,
            "입주년차":"--",
            "용적률점수":80,
            "건폐율점수":60,
            "세대당주차수":"--",
            "난방방식":"--",
            "공급면적":50,
            "전용률":60,
            "욕실수":"--",
            "현관타입":"--",
            "주거총점":49.5,
            "지역구공급총점":0.0,
            "역세권":80,
            "30분내 이동가능 거점":20,
            "1시간내 이동가능 거점":80,
            "교통총점":62.0,
            "백화점":0,
            "아울렛몰":100,
            "대형마트":0,
            "은행":0,
            "병원":60,
            "종합병원":100,
            "공원":100,
            "혐오시설":0,
            "인프라총점":39.0,
            "초등학군":82.16,
            "중학군":40.78,
            "학군총점":49.056,
            "인구수":53.57,
            "인구증감":25.08,
            "인구총점":45.023,
            "일자리":5.0,
            "소득수준":51.54,
            "일자리총점":18.962,
            "가치 총점":50.6584,
            "매매실거래년":20211224.0,
            "매매실거래가":34800.0,
            "전세실거래년":20211221.0,
            "전세실거래가":8925.0,
            "전세가율":25.65,
            "장기전세가율평균":74.41,
            "전세가율거품지수":48.76,
            "검색코드":101264,
            "세대수":115.0,
            "준공년월":"1986-11-29",
            "준공년차":37.0,
            "가까운역이름":"원당",
            "가까운역거리":231.18,
            "역세권여부":"역세권",
            "30분이내주요거점역":1,
            "1시간이내주요거점역":8,
            "3km이내백화점수":0,
            "5km이내아울렛몰수":2,
            "1km이내대형먀트수":0,
            "500m이내은행수":1,
            "500m이내병원수":18,
            "5km이내대형병원수":3,
            "500m이내공원수":3,
            "3km이내혐오시설수":0,
            "초등학교학업성취도":82.16,
            "중학교학업성취도":66.9,
            "용적률":152,
            "건폐율":30,
            "Y":37.655367,
            "X":126.842554,
            "rank":38.0,
            "area_info":"17평(56.98), 17평(58.86), 19평(64.08), 20평(67.07)",
            "last_sales":"2021-12-24,34800.0,17평(56.98)"
        },
        {
            "index":220,
            "아파트명":"미도5차(3,5동)",
            "투자타입":"재건축",
            "전용면적(m2)":"58.82",
            "전용면적(평)":"17평",
            "법정동주소":"경기도 고양시 덕양구 성사동 404-7",
            "도로명주소":"경기도 고양시 덕양구 마상로 200-18",
            "세대수":0,
            "입주년차":"--",
            "용적률점수":80,
            "건폐율점수":60,
            "세대당주차수":"--",
            "난방방식":"--",
            "공급면적":50,
            "전용률":60,
            "욕실수":"--",
            "현관타입":"--",
            "주거총점":49.5,
            "지역구공급총점":0.0,
            "역세권":80,
            "30분내 이동가능 거점":20,
            "1시간내 이동가능 거점":80,
            "교통총점":62.0,
            "백화점":0,
            "아울렛몰":100,
            "대형마트":0,
            "은행":0,
            "병원":60,
            "종합병원":100,
            "공원":100,
            "혐오시설":0,
            "인프라총점":39.0,
            "초등학군":82.16,
            "중학군":40.78,
            "학군총점":49.056,
            "인구수":53.57,
            "인구증감":25.08,
            "인구총점":45.023,
            "일자리":5.0,
            "소득수준":51.54,
            "일자리총점":18.962,
            "가치 총점":50.6584,
            "매매실거래년":20201229.0,
            "매매실거래가":23800.0,
            "전세실거래년":20200918.0,
            "전세실거래가":9000.0,
            "전세가율":37.82,
            "장기전세가율평균":74.41,
            "전세가율거품지수":36.59,
            "검색코드":101265,
            "세대수":125.0,
            "준공년월":"1986-11-29",
            "준공년차":37.0,
            "가까운역이름":"원당",
            "가까운역거리":295.37,
            "역세권여부":"역세권",
            "30분이내주요거점역":1,
            "1시간이내주요거점역":8,
            "3km이내백화점수":0,
            "5km이내아울렛몰수":2,
            "1km이내대형먀트수":0,
            "500m이내은행수":1,
            "500m이내병원수":17,
            "5km이내대형병원수":3,
            "500m이내공원수":3,
            "3km이내혐오시설수":0,
            "초등학교학업성취도":82.16,
            "중학교학업성취도":66.9,
            "용적률":166,
            "건폐율":34,
            "Y":37.655963,
            "X":126.842658,
            "rank":38.0,
            "area_info":"17평(58.82), 20평(67.07)",
            "last_sales":"2020-12-29,23800.0,17평(58.82)"
        },
        {
            "index":250,
            "아파트명":"신원당3단지동신",
            "투자타입":"재건축",
            "전용면적(m2)":"74.95",
            "전용면적(평)":"22평",
            "법정동주소":"경기도 고양시 덕양구 성사동 724",
            "도로명주소":"경기도 고양시 덕양구 고양대로1384번길 53",
            "세대수":50,
            "입주년차":"--",
            "용적률점수":0,
            "건폐율점수":100,
            "세대당주차수":"--",
            "난방방식":"--",
            "공급면적":50,
            "전용률":60,
            "욕실수":"--",
            "현관타입":"--",
            "주거총점":40.5,
            "지역구공급총점":0.0,
            "역세권":80,
            "30분내 이동가능 거점":20,
            "1시간내 이동가능 거점":80,
            "교통총점":62.0,
            "백화점":0,
            "아울렛몰":100,
            "대형마트":0,
            "은행":0,
            "병원":60,
            "종합병원":100,
            "공원":100,
            "혐오시설":0,
            "인프라총점":39.0,
            "초등학군":87.31,
            "중학군":52.94,
            "학군총점":59.814,
            "인구수":53.57,
            "인구증감":25.08,
            "인구총점":45.023,
            "일자리":5.0,
            "소득수준":51.54,
            "일자리총점":18.962,
            "가치 총점":50.4721,
            "매매실거래년":20211201.0,
            "매매실거래가":34300.0,
            "전세실거래년":20211217.0,
            "전세실거래가":23500.0,
            "전세가율":68.51,
            "장기전세가율평균":74.41,
            "전세가율거품지수":5.9,
            "검색코드":100177,
            "세대수":495.0,
            "준공년월":"1992-11-28",
            "준공년차":31.0,
            "가까운역이름":"원당",
            "가까운역거리":481.21,
            "역세권여부":"역세권",
            "30분이내주요거점역":1,
            "1시간이내주요거점역":8,
            "3km이내백화점수":0,
            "5km이내아울렛몰수":2,
            "1km이내대형먀트수":0,
            "500m이내은행수":0,
            "500m이내병원수":18,
            "5km이내대형병원수":4,
            "500m이내공원수":4,
            "3km이내혐오시설수":0,
            "초등학교학업성취도":87.31,
            "중학교학업성취도":86.3,
            "용적률":229,
            "건폐율":19,
            "Y":37.65161,
            "X":126.838022,
            "rank":39.0,
            "area_info":"22평(74.95), 26평(88.52), 29평(97.44)",
            "last_sales":"2021-12-01,34300.0,22평(74.95)"
        },
        {
            "index":644,
            "아파트명":"별빛9단지벽산,코오롱,한일,기산",
            "투자타입":"일반",
            "전용면적(m2)":"90.1",
            "전용면적(평)":"27평",
            "법정동주소":"경기도 고양시 덕양구 화정동 948",
            "도로명주소":"경기도 고양시 덕양구 화신로 311",
            "세대수":100,
            "입주년차":0,
            "용적률점수":"--",
            "건폐율점수":"--",
            "세대당주차수":0,
            "난방방식":100,
            "공급면적":"--",
            "전용률":"--",
            "욕실수":50,
            "현관타입":100,
            "주거총점":60.0,
            "지역구공급총점":0.0,
            "역세권":50,
            "30분내 이동가능 거점":20,
            "1시간내 이동가능 거점":40,
            "교통총점":39.0,
            "백화점":0,
            "아울렛몰":100,
            "대형마트":100,
            "은행":0,
            "병원":30,
            "종합병원":100,
            "공원":100,
            "혐오시설":0,
            "인프라총점":51.0,
            "초등학군":89.84,
            "중학군":56.68,
            "학군총점":63.312,
            "인구수":53.57,
            "인구증감":25.08,
            "인구총점":45.023,
            "일자리":5.0,
            "소득수준":51.54,
            "일자리총점":18.962,
            "가치 총점":50.4468,
            "매매실거래년":20220104.0,
            "매매실거래가":64500.0,
            "전세실거래년":20211209.0,
            "전세실거래가":31395.0,
            "전세가율":51.47,
            "장기전세가율평균":74.41,
            "전세가율거품지수":22.94,
            "검색코드":1559,
            "세대수":2008.0,
            "준공년월":"1995-11-10",
            "준공년차":28.0,
            "가까운역이름":"화정",
            "가까운역거리":818.17,
            "역세권여부":"준역세권",
            "30분이내주요거점역":1,
            "1시간이내주요거점역":4,
            "3km이내백화점수":0,
            "5km이내아울렛몰수":2,
            "1km이내대형먀트수":2,
            "500m이내은행수":0,
            "500m이내병원수":8,
            "5km이내대형병원수":2,
            "500m이내공원수":7,
            "3km이내혐오시설수":0,
            "초등학교학업성취도":89.84,
            "중학교학업성취도":91.0,
            "용적률":189,
            "건폐율":16,
            "Y":37.630317,
            "X":126.825088,
            "rank":40.0,
            "area_info":"27평(90.1), 32평(105.88)",
            "last_sales":"2022-01-04,64500.0,32평(105.88)"
        },
        {
            "index":182,
            "아파트명":"삼송마을동원로얄듀크",
            "투자타입":"일반",
            "전용면적(m2)":"108.59",
            "전용면적(평)":"32평",
            "법정동주소":"경기도 고양시 덕양구 삼송동 306",
            "도로명주소":"경기도 고양시 덕양구 세솔로 105",
            "세대수":50,
            "입주년차":60,
            "용적률점수":"--",
            "건폐율점수":"--",
            "세대당주차수":60,
            "난방방식":100,
            "공급면적":"--",
            "전용률":"--",
            "욕실수":100,
            "현관타입":100,
            "주거총점":68.5,
            "지역구공급총점":0.0,
            "역세권":50,
            "30분내 이동가능 거점":0,
            "1시간내 이동가능 거점":60,
            "교통총점":37.0,
            "백화점":0,
            "아울렛몰":100,
            "대형마트":80,
            "은행":0,
            "병원":60,
            "종합병원":100,
            "공원":100,
            "혐오시설":0,
            "인프라총점":51.0,
            "초등학군":79.62,
            "중학군":49.72,
            "학군총점":55.7,
            "인구수":53.57,
            "인구증감":25.08,
            "인구총점":45.023,
            "일자리":5.0,
            "소득수준":51.54,
            "일자리총점":18.962,
            "가치 총점":50.305,
            "매매실거래년":20210913.0,
            "매매실거래가":99000.0,
            "전세실거래년":20211217.0,
            "전세실거래가":37800.0,
            "전세가율":43.55,
            "장기전세가율평균":74.41,
            "전세가율거품지수":30.86,
            "검색코드":101506,
            "세대수":598.0,
            "준공년월":"2012-09-01",
            "준공년차":11.0,
            "가까운역이름":"삼송",
            "가까운역거리":846.05,
            "역세권여부":"준역세권",
            "30분이내주요거점역":0,
            "1시간이내주요거점역":6,
            "3km이내백화점수":0,
            "5km이내아울렛몰수":2,
            "1km이내대형먀트수":1,
            "500m이내은행수":0,
            "500m이내병원수":11,
            "5km이내대형병원수":3,
            "500m이내공원수":3,
            "3km이내혐오시설수":0,
            "초등학교학업성취도":79.62,
            "중학교학업성취도":80.4,
            "용적률":169,
            "건폐율":13,
            "Y":37.653019,
            "X":126.885948,
            "rank":41.0,
            "area_info":"32평(108.59), 32평(108.14), 40평(132.69), 41평(138.25)",
            "last_sales":"2021-09-13,99000.0,41평(138.25)"
        },
        {
            "index":453,
            "아파트명":"무원9단지기산",
            "투자타입":"일반",
            "전용면적(m2)":"123.45",
            "전용면적(평)":"37평",
            "법정동주소":"경기도 고양시 덕양구 행신동 697",
            "도로명주소":"경기도 고양시 덕양구 무원로 41",
            "세대수":30,
            "입주년차":0,
            "용적률점수":"--",
            "건폐율점수":"--",
            "세대당주차수":30,
            "난방방식":100,
            "공급면적":"--",
            "전용률":"--",
            "욕실수":100,
            "현관타입":100,
            "주거총점":45.0,
            "지역구공급총점":0.0,
            "역세권":50,
            "30분내 이동가능 거점":40,
            "1시간내 이동가능 거점":100,
            "교통총점":57.0,
            "백화점":0,
            "아울렛몰":100,
            "대형마트":0,
            "은행":20,
            "병원":60,
            "종합병원":100,
            "공원":100,
            "혐오시설":0,
            "인프라총점":41.0,
            "초등학군":85.02,
            "중학군":53.54,
            "학군총점":59.836,
            "인구수":53.57,
            "인구증감":25.08,
            "인구총점":45.023,
            "일자리":5.0,
            "소득수준":51.54,
            "일자리총점":18.962,
            "가치 총점":50.2254,
            "매매실거래년":20211122.0,
            "매매실거래가":62500.0,
            "전세실거래년":20211011.0,
            "전세실거래가":52000.0,
            "전세가율":83.2,
            "장기전세가율평균":74.41,
            "전세가율거품지수":-8.79,
            "검색코드":1530,
            "세대수":396.0,
            "준공년월":"1994-11-26",
            "준공년차":29.0,
            "가까운역이름":"행신",
            "가까운역거리":537.49,
            "역세권여부":"준역세권",
            "30분이내주요거점역":2,
            "1시간이내주요거점역":10,
            "3km이내백화점수":0,
            "5km이내아울렛몰수":3,
            "1km이내대형먀트수":0,
            "500m이내은행수":2,
            "500m이내병원수":24,
            "5km이내대형병원수":2,
            "500m이내공원수":8,
            "3km이내혐오시설수":0,
            "초등학교학업성취도":85.02,
            "중학교학업성취도":87.9,
            "용적률":259,
            "건폐율":25,
            "Y":37.616396,
            "X":126.831344,
            "rank":42.0,
            "area_info":"37평(123.45), 47평(158.38)",
            "last_sales":"2021-11-22,62500.0,37평(123.45)"
        },
        {
            "index":628,
            "아파트명":"달빛4단지현대",
            "투자타입":"일반",
            "전용면적(m2)":"120.49",
            "전용면적(평)":"36평",
            "법정동주소":"경기도 고양시 덕양구 화정동 868",
            "도로명주소":"경기도 고양시 덕양구 화중로 171",
            "세대수":30,
            "입주년차":0,
            "용적률점수":"--",
            "건폐율점수":"--",
            "세대당주차수":80,
            "난방방식":100,
            "공급면적":"--",
            "전용률":"--",
            "욕실수":100,
            "현관타입":100,
            "주거총점":52.5,
            "지역구공급총점":0.0,
            "역세권":50,
            "30분내 이동가능 거점":20,
            "1시간내 이동가능 거점":60,
            "교통총점":43.0,
            "백화점":0,
            "아울렛몰":100,
            "대형마트":100,
            "은행":0,
            "병원":30,
            "종합병원":100,
            "공원":100,
            "혐오시설":0,
            "인프라총점":51.0,
            "초등학군":89.44,
            "중학군":52.94,
            "학군총점":60.24,
            "인구수":53.57,
            "인구증감":25.08,
            "인구총점":45.023,
            "일자리":5.0,
            "소득수준":51.54,
            "일자리총점":18.962,
            "가치 총점":49.886,
            "매매실거래년":20210814.0,
            "매매실거래가":84000.0,
            "전세실거래년":20211116.0,
            "전세실거래가":33600.0,
            "전세가율":48.0,
            "장기전세가율평균":74.41,
            "전세가율거품지수":26.41,
            "검색코드":1557,
            "세대수":300.0,
            "준공년월":"1995-08-24",
            "준공년차":28.0,
            "가까운역이름":"화정",
            "가까운역거리":778.31,
            "역세권여부":"준역세권",
            "30분이내주요거점역":1,
            "1시간이내주요거점역":6,
            "3km이내백화점수":0,
            "5km이내아울렛몰수":2,
            "1km이내대형먀트수":2,
            "500m이내은행수":1,
            "500m이내병원수":5,
            "5km이내대형병원수":4,
            "500m이내공원수":7,
            "3km이내혐오시설수":0,
            "초등학교학업성취도":89.44,
            "중학교학업성취도":86.3,
            "용적률":194,
            "건폐율":16,
            "Y":37.641591,
            "X":126.832547,
            "rank":43.0,
            "area_info":"36평(120.49), 47평(158.21), 60평(201.62)",
            "last_sales":"2021-08-14,84000.0,60평(201.62)"
        },
        {
            "index":394,
            "아파트명":"지축역한림풀에버",
            "투자타입":"일반",
            "전용면적(m2)":"95.79",
            "전용면적(평)":"28평",
            "법정동주소":"경기도 고양시 덕양구 지축동 고양지축공공주택지구B2블록",
            "도로명주소":"경기도 고양시 덕양구 오부자로 15",
            "세대수":90,
            "입주년차":100,
            "용적률점수":"--",
            "건폐율점수":"--",
            "세대당주차수":60,
            "난방방식":100,
            "공급면적":"--",
            "전용률":"--",
            "욕실수":100,
            "현관타입":100,
            "주거총점":90.5,
            "지역구공급총점":0.0,
            "역세권":50,
            "30분내 이동가능 거점":0,
            "1시간내 이동가능 거점":70,
            "교통총점":39.0,
            "백화점":0,
            "아울렛몰":80,
            "대형마트":0,
            "은행":0,
            "병원":0,
            "종합병원":100,
            "공원":80,
            "혐오시설":0,
            "인프라총점":30.4,
            "초등학군":100.0,
            "중학군":49.72,
            "학군총점":59.776,
            "인구수":53.57,
            "인구증감":25.08,
            "인구총점":45.023,
            "일자리":5.0,
            "소득수준":51.54,
            "일자리총점":18.962,
            "가치 총점":49.8364,
            "매매실거래년":20190820.0,
            "매매실거래가":51567.0,
            "전세실거래년":null,
            "전세실거래가":null,
            "전세가율":null,
            "장기전세가율평균":74.41,
            "전세가율거품지수":null,
            "검색코드":119168,
            "세대수":1102.0,
            "준공년월":"2020-01-01",
            "준공년차":3.0,
            "가까운역이름":"지축",
            "가까운역거리":647.74,
            "역세권여부":"준역세권",
            "30분이내주요거점역":0,
            "1시간이내주요거점역":7,
            "3km이내백화점수":0,
            "5km이내아울렛몰수":1,
            "1km이내대형먀트수":0,
            "500m이내은행수":0,
            "500m이내병원수":0,
            "5km이내대형병원수":2,
            "500m이내공원수":1,
            "3km이내혐오시설수":0,
            "초등학교학업성취도":100.0,
            "중학교학업성취도":80.4,
            "용적률":0,
            "건폐율":0,
            "Y":37.653236,
            "X":126.910605,
            "rank":44.0,
            "area_info":"28평(95.79), 28평(95.5), 33평(110.54), 33평(110.68)",
            "last_sales":"2019-08-20,51567.0,28평(95.5)"
        },
        {
            "index":205,
            "아파트명":"래미안휴레스트",
            "투자타입":"일반",
            "전용면적(m2)":"81.63",
            "전용면적(평)":"24평",
            "법정동주소":"경기도 고양시 덕양구 성사동 860",
            "도로명주소":"경기도 고양시 덕양구 호국로 860",
            "세대수":100,
            "입주년차":60,
            "용적률점수":"--",
            "건폐율점수":"--",
            "세대당주차수":60,
            "난방방식":100,
            "공급면적":"--",
            "전용률":"--",
            "욕실수":100,
            "현관타입":100,
            "주거총점":86.0,
            "지역구공급총점":0.0,
            "역세권":50,
            "30분내 이동가능 거점":20,
            "1시간내 이동가능 거점":60,
            "교통총점":43.0,
            "백화점":0,
            "아울렛몰":80,
            "대형마트":0,
            "은행":0,
            "병원":30,
            "종합병원":100,
            "공원":100,
            "혐오시설":0,
            "인프라총점":34.0,
            "초등학군":82.16,
            "중학군":40.78,
            "학군총점":49.056,
            "인구수":53.57,
            "인구증감":25.08,
            "인구총점":45.023,
            "일자리":5.0,
            "소득수준":51.54,
            "일자리총점":18.962,
            "가치 총점":49.8084,
            "매매실거래년":20211011.0,
            "매매실거래가":91000.0,
            "전세실거래년":20211124.0,
            "전세실거래가":43000.0,
            "전세가율":76.79,
            "장기전세가율평균":74.41,
            "전세가율거품지수":-2.38,
            "검색코드":26784,
            "세대수":1651.0,
            "준공년월":"2009-10-30",
            "준공년차":14.0,
            "가까운역이름":"원당",
            "가까운역거리":672.55,
            "역세권여부":"준역세권",
            "30분이내주요거점역":1,
            "1시간이내주요거점역":6,
            "3km이내백화점수":0,
            "5km이내아울렛몰수":1,
            "1km이내대형먀트수":0,
            "500m이내은행수":1,
            "500m이내병원수":6,
            "5km이내대형병원수":3,
            "500m이내공원수":4,
            "3km이내혐오시설수":0,
            "초등학교학업성취도":82.16,
            "중학교학업성취도":66.9,
            "용적률":266,
            "건폐율":19,
            "Y":37.659371,
            "X":126.842877,
            "rank":45.0,
            "area_info":"24평(81.63), 24평(81.9), 24평(81.9), 33평(111.68), 33평(111.72), 34평(112.47), 45평(149.57), 45평(150.96), 45평(150.43), 51평(168.63), 57평(189.54)",
            "last_sales":"2021-10-11,91000.0,51평(168.63)"
        },
        {
            "index":479,
            "아파트명":"서정5단지휴먼시아",
            "투자타입":"일반",
            "전용면적(m2)":"108.64",
            "전용면적(평)":"32평",
            "법정동주소":"경기도 고양시 덕양구 행신동 1088",
            "도로명주소":"경기도 고양시 덕양구 충경로 156",
            "세대수":50,
            "입주년차":40,
            "용적률점수":"--",
            "건폐율점수":"--",
            "세대당주차수":30,
            "난방방식":100,
            "공급면적":"--",
            "전용률":"--",
            "욕실수":100,
            "현관타입":100,
            "주거총점":60.0,
            "지역구공급총점":0.0,
            "역세권":50,
            "30분내 이동가능 거점":40,
            "1시간내 이동가능 거점":90,
            "교통총점":55.0,
            "백화점":0,
            "아울렛몰":80,
            "대형마트":0,
            "은행":0,
            "병원":60,
            "종합병원":80,
            "공원":100,
            "혐오시설":0,
            "인프라총점":33.0,
            "초등학군":85.33,
            "중학군":50.32,
            "학군총점":57.322,
            "인구수":53.57,
            "인구증감":25.08,
            "인구총점":45.023,
            "일자리":5.0,
            "소득수준":51.54,
            "일자리총점":18.962,
            "가치 총점":49.7483,
            "매매실거래년":20211208.0,
            "매매실거래가":83500.0,
            "전세실거래년":20200220.0,
            "전세실거래가":43000.0,
            "전세가율":51.5,
            "장기전세가율평균":74.41,
            "전세가율거품지수":22.91,
            "검색코드":24394,
            "세대수":423.0,
            "준공년월":"2008-08-14",
            "준공년차":15.0,
            "가까운역이름":"강매",
            "가까운역거리":556.4,
            "역세권여부":"준역세권",
            "30분이내주요거점역":2,
            "1시간이내주요거점역":9,
            "3km이내백화점수":0,
            "5km이내아울렛몰수":1,
            "1km이내대형먀트수":0,
            "500m이내은행수":1,
            "500m이내병원수":25,
            "5km이내대형병원수":1,
            "500m이내공원수":10,
            "3km이내혐오시설수":0,
            "초등학교학업성취도":85.33,
            "중학교학업성취도":81.4,
            "용적률":168,
            "건폐율":17,
            "Y":37.616298,
            "X":126.847045,
            "rank":46.0,
            "area_info":"32평(108.64), 32평(108.85), 32평(108.37), 32평(108.5), 32평(108.41)",
            "last_sales":"2021-12-08,83500.0,32평(108.64)"
        },
        {
            "index":512,
            "아파트명":"소만9단지부영",
            "투자타입":"일반",
            "전용면적(m2)":"61.37",
            "전용면적(평)":"18평",
            "법정동주소":"경기도 고양시 덕양구 행신동 793",
            "도로명주소":"경기도 고양시 덕양구 소만로 48",
            "세대수":90,
            "입주년차":0,
            "용적률점수":"--",
            "건폐율점수":"--",
            "세대당주차수":0,
            "난방방식":100,
            "공급면적":"--",
            "전용률":"--",
            "욕실수":50,
            "현관타입":10,
            "주거총점":47.5,
            "지역구공급총점":0.0,
            "역세권":50,
            "30분내 이동가능 거점":60,
            "1시간내 이동가능 거점":90,
            "교통총점":61.0,
            "백화점":0,
            "아울렛몰":80,
            "대형마트":0,
            "은행":0,
            "병원":60,
            "종합병원":80,
            "공원":100,
            "혐오시설":0,
            "인프라총점":33.0,
            "초등학군":88.21,
            "중학군":52.82,
            "학군총점":59.898,
            "인구수":53.57,
            "인구증감":25.08,
            "인구총점":45.023,
            "일자리":5.0,
            "소득수준":51.54,
            "일자리총점":18.962,
            "가치 총점":49.7347,
            "매매실거래년":20220103.0,
            "매매실거래가":34500.0,
            "전세실거래년":20220115.0,
            "전세실거래가":16800.0,
            "전세가율":48.7,
            "장기전세가율평균":74.41,
            "전세가율거품지수":25.71,
            "검색코드":8621,
            "세대수":960.0,
            "준공년월":"1995-05-13",
            "준공년차":28.0,
            "가까운역이름":"강매",
            "가까운역거리":590.11,
            "역세권여부":"준역세권",
            "30분이내주요거점역":3,
            "1시간이내주요거점역":9,
            "3km이내백화점수":0,
            "5km이내아울렛몰수":1,
            "1km이내대형먀트수":0,
            "500m이내은행수":1,
            "500m이내병원수":27,
            "5km이내대형병원수":1,
            "500m이내공원수":7,
            "3km이내혐오시설수":0,
            "초등학교학업성취도":88.21,
            "중학교학업성취도":85.9,
            "용적률":237,
            "건폐율":21,
            "Y":37.61762,
            "X":126.843094,
            "rank":47.0,
            "area_info":"18평(61.37)",
            "last_sales":"2022-01-03,34500.0,18평(61.37)"
        },
        {
            "index":651,
            "아파트명":"옥빛15단지주공",
            "투자타입":"일반",
            "전용면적(m2)":"82.86",
            "전용면적(평)":"25평",
            "법정동주소":"경기도 고양시 덕양구 화정동 1127",
            "도로명주소":"경기도 고양시 덕양구 화신로 233",
            "세대수":90,
            "입주년차":0,
            "용적률점수":"--",
            "건폐율점수":"--",
            "세대당주차수":0,
            "난방방식":100,
            "공급면적":"--",
            "전용률":"--",
            "욕실수":50,
            "현관타입":10,
            "주거총점":47.5,
            "지역구공급총점":0.0,
            "역세권":50,
            "30분내 이동가능 거점":20,
            "1시간내 이동가능 거점":60,
            "교통총점":43.0,
            "백화점":0,
            "아울렛몰":100,
            "대형마트":100,
            "은행":0,
            "병원":60,
            "종합병원":100,
            "공원":100,
            "혐오시설":0,
            "인프라총점":54.0,
            "초등학군":86.83,
            "중학군":52.74,
            "학군총점":59.558,
            "인구수":53.57,
            "인구증감":25.08,
            "인구총점":45.023,
            "일자리":5.0,
            "소득수준":51.54,
            "일자리총점":18.962,
            "가치 총점":49.6837,
            "매매실거래년":20211223.0,
            "매매실거래가":51000.0,
            "전세실거래년":20220115.0,
            "전세실거래가":24000.0,
            "전세가율":50.0,
            "장기전세가율평균":74.41,
            "전세가율거품지수":24.41,
            "검색코드":1567,
            "세대수":1391.0,
            "준공년월":"1997-05-03",
            "준공년차":26.0,
            "가까운역이름":"화정",
            "가까운역거리":639.61,
            "역세권여부":"준역세권",
            "30분이내주요거점역":1,
            "1시간이내주요거점역":6,
            "3km이내백화점수":0,
            "5km이내아울렛몰수":2,
            "1km이내대형먀트수":3,
            "500m이내은행수":0,
            "500m이내병원수":20,
            "5km이내대형병원수":2,
            "500m이내공원수":6,
            "3km이내혐오시설수":0,
            "초등학교학업성취도":86.83,
            "중학교학업성취도":87.3,
            "용적률":249,
            "건폐율":14,
            "Y":37.629138,
            "X":126.834958,
            "rank":48.0,
            "area_info":"25평(82.86), 25평(83.37), 26평(87.14), 26평(87.4), 26평(89.16)",
            "last_sales":"2021-12-23,51000.0,26평(89.16)"
        },
        {
            "index":199,
            "아파트명":"개나리",
            "투자타입":"재건축",
            "전용면적(m2)":"55.19",
            "전용면적(평)":"16평",
            "법정동주소":"경기도 고양시 덕양구 성사동 415",
            "도로명주소":"경기도 고양시 덕양구 충장로475번길 14-4",
            "세대수":0,
            "입주년차":"--",
            "용적률점수":80,
            "건폐율점수":60,
            "세대당주차수":"--",
            "난방방식":"--",
            "공급면적":50,
            "전용률":60,
            "욕실수":"--",
            "현관타입":"--",
            "주거총점":49.5,
            "지역구공급총점":0.0,
            "역세권":80,
            "30분내 이동가능 거점":20,
            "1시간내 이동가능 거점":80,
            "교통총점":62.0,
            "백화점":0,
            "아울렛몰":100,
            "대형마트":0,
            "은행":0,
            "병원":10,
            "종합병원":100,
            "공원":100,
            "혐오시설":0,
            "인프라총점":34.0,
            "초등학군":82.16,
            "중학군":40.78,
            "학군총점":49.056,
            "인구수":53.57,
            "인구증감":25.08,
            "인구총점":45.023,
            "일자리":5.0,
            "소득수준":51.54,
            "일자리총점":18.962,
            "가치 총점":49.1584,
            "매매실거래년":20210311.0,
            "매매실거래가":30700.0,
            "전세실거래년":20211022.0,
            "전세실거래가":9450.0,
            "전세가율":38.57,
            "장기전세가율평균":74.41,
            "전세가율거품지수":35.84,
            "검색코드":1485,
            "세대수":175.0,
            "준공년월":"1987-04-22",
            "준공년차":36.0,
            "가까운역이름":"원당",
            "가까운역거리":163.17,
            "역세권여부":"역세권",
            "30분이내주요거점역":1,
            "1시간이내주요거점역":8,
            "3km이내백화점수":0,
            "5km이내아울렛몰수":2,
            "1km이내대형먀트수":0,
            "500m이내은행수":0,
            "500m이내병원수":4,
            "5km이내대형병원수":3,
            "500m이내공원수":3,
            "3km이내혐오시설수":0,
            "초등학교학업성취도":82.16,
            "중학교학업성취도":66.9,
            "용적률":153,
            "건폐율":31,
            "Y":37.65479,
            "X":126.84296,
            "rank":49.0,
            "area_info":"16평(55.19), 17평(58.29), 18평(61.43), 19평(64.9), 19평(64.54), 20평(68.14)",
            "last_sales":"2021-03-11,30700.0,20평(68.14)"
        },
        {
            "index":391,
            "아파트명":"지축역중흥S-클래스북한산파크뷰",
            "투자타입":"일반",
            "전용면적(m2)":"94.02",
            "전용면적(평)":"28평",
            "법정동주소":"경기도 고양시 덕양구 지축동 지축공공주택지구 B-6블록",
            "도로명주소":"경기도 고양시 덕양구 오부자로 77",
            "세대수":80,
            "입주년차":100,
            "용적률점수":"--",
            "건폐율점수":"--",
            "세대당주차수":60,
            "난방방식":100,
            "공급면적":"--",
            "전용률":"--",
            "욕실수":100,
            "현관타입":100,
            "주거총점":87.0,
            "지역구공급총점":0.0,
            "역세권":50,
            "30분내 이동가능 거점":0,
            "1시간내 이동가능 거점":70,
            "교통총점":39.0,
            "백화점":0,
            "아울렛몰":80,
            "대형마트":0,
            "은행":0,
            "병원":0,
            "종합병원":100,
            "공원":80,
            "혐오시설":0,
            "인프라총점":30.4,
            "초등학군":100.0,
            "중학군":49.72,
            "학군총점":59.776,
            "인구수":53.57,
            "인구증감":25.08,
            "인구총점":45.023,
            "일자리":5.0,
            "소득수준":51.54,
            "일자리총점":18.962,
            "가치 총점":49.1364,
            "매매실거래년":"18000101",
            "매매실거래가":null,
            "전세실거래년":null,
            "전세실거래가":null,
            "전세가율":null,
            "장기전세가율평균":74.41,
            "전세가율거품지수":null,
            "검색코드":121983,
            "세대수":732.0,
            "준공년월":"2020-11-30",
            "준공년차":3.0,
            "가까운역이름":"지축",
            "가까운역거리":862.5,
            "역세권여부":"준역세권",
            "30분이내주요거점역":0,
            "1시간이내주요거점역":7,
            "3km이내백화점수":0,
            "5km이내아울렛몰수":1,
            "1km이내대형먀트수":0,
            "500m이내은행수":0,
            "500m이내병원수":0,
            "5km이내대형병원수":2,
            "500m이내공원수":1,
            "3km이내혐오시설수":0,
            "초등학교학업성취도":100.0,
            "중학교학업성취도":80.4,
            "용적률":179,
            "건폐율":10,
            "Y":37.654312,
            "X":126.919729,
            "rank":50.0,
            "area_info":"28평(94.02), 32평(106.98), 33평(110.25)",
            "last_sales":"1800-01-01,nan,28평(94.02)"
        },
        {
            "index":656,
            "아파트명":"옥빛16단지주공",
            "투자타입":"일반",
            "전용면적(m2)":"87.41",
            "전용면적(평)":"26평",
            "법정동주소":"경기도 고양시 덕양구 화정동 1141",
            "도로명주소":"경기도 고양시 덕양구 백양로 15",
            "세대수":50,
            "입주년차":0,
            "용적률점수":"--",
            "건폐율점수":"--",
            "세대당주차수":0,
            "난방방식":100,
            "공급면적":"--",
            "전용률":"--",
            "욕실수":50,
            "현관타입":10,
            "주거총점":33.5,
            "지역구공급총점":0.0,
            "역세권":50,
            "30분내 이동가능 거점":20,
            "1시간내 이동가능 거점":80,
            "교통총점":47.0,
            "백화점":0,
            "아울렛몰":100,
            "대형마트":100,
            "은행":0,
            "병원":80,
            "종합병원":100,
            "공원":100,
            "혐오시설":0,
            "인프라총점":56.0,
            "초등학군":86.83,
            "중학군":52.74,
            "학군총점":59.558,
            "인구수":53.57,
            "인구증감":25.08,
            "인구총점":45.023,
            "일자리":5.0,
            "소득수준":51.54,
            "일자리총점":18.962,
            "가치 총점":48.8837,
            "매매실거래년":20211223.0,
            "매매실거래가":51000.0,
            "전세실거래년":null,
            "전세실거래가":null,
            "전세가율":null,
            "장기전세가율평균":74.41,
            "전세가율거품지수":null,
            "검색코드":1568,
            "세대수":514.0,
            "준공년월":"1996-10-22",
            "준공년차":27.0,
            "가까운역이름":"화정",
            "가까운역거리":831.5,
            "역세권여부":"준역세권",
            "30분이내주요거점역":1,
            "1시간이내주요거점역":8,
            "3km이내백화점수":0,
            "5km이내아울렛몰수":2,
            "1km이내대형먀트수":3,
            "500m이내은행수":1,
            "500m이내병원수":30,
            "5km이내대형병원수":2,
            "500m이내공원수":7,
            "3km이내혐오시설수":0,
            "초등학교학업성취도":86.83,
            "중학교학업성취도":87.3,
            "용적률":224,
            "건폐율":12,
            "Y":37.627133,
            "X":126.83198,
            "rank":51.0,
            "area_info":"26평(87.41), 26평(89.17)",
            "last_sales":"2021-12-23,51000.0,26평(89.17)"
        },
        {
            "index":499,
            "아파트명":"소만1단지부영",
            "투자타입":"일반",
            "전용면적(m2)":"62.4",
            "전용면적(평)":"18평",
            "법정동주소":"경기도 고양시 덕양구 행신동 796",
            "도로명주소":"경기도 고양시 덕양구 충경로 149",
            "세대수":80,
            "입주년차":0,
            "용적률점수":"--",
            "건폐율점수":"--",
            "세대당주차수":0,
            "난방방식":100,
            "공급면적":"--",
            "전용률":"--",
            "욕실수":50,
            "현관타입":10,
            "주거총점":44.0,
            "지역구공급총점":0.0,
            "역세권":50,
            "30분내 이동가능 거점":60,
            "1시간내 이동가능 거점":90,
            "교통총점":61.0,
            "백화점":0,
            "아울렛몰":80,
            "대형마트":0,
            "은행":0,
            "병원":60,
            "종합병원":80,
            "공원":100,
            "혐오시설":0,
            "인프라총점":33.0,
            "초등학군":88.21,
            "중학군":50.32,
            "학군총점":57.898,
            "인구수":53.57,
            "인구증감":25.08,
            "인구총점":45.023,
            "일자리":5.0,
            "소득수준":51.54,
            "일자리총점":18.962,
            "가치 총점":48.7347,
            "매매실거래년":20211119.0,
            "매매실거래가":31000.0,
            "전세실거래년":20220118.0,
            "전세실거래가":14700.0,
            "전세가율":47.42,
            "장기전세가율평균":74.41,
            "전세가율거품지수":26.99,
            "검색코드":1540,
            "세대수":835.0,
            "준공년월":"1995-12-19",
            "준공년차":28.0,
            "가까운역이름":"강매",
            "가까운역거리":600.48,
            "역세권여부":"준역세권",
            "30분이내주요거점역":3,
            "1시간이내주요거점역":9,
            "3km이내백화점수":0,
            "5km이내아울렛몰수":1,
            "1km이내대형먀트수":0,
            "500m이내은행수":1,
            "500m이내병원수":25,
            "5km이내대형병원수":1,
            "500m이내공원수":10,
            "3km이내혐오시설수":0,
            "초등학교학업성취도":88.21,
            "중학교학업성취도":81.4,
            "용적률":240,
            "건폐율":18,
            "Y":37.61746,
            "X":126.84529,
            "rank":52.0,
            "area_info":"18평(62.4)",
            "last_sales":"2021-11-19,31000.0,18평(62.4)"
        },
        {
            "index":542,
            "아파트명":"햇빛18-2단지주공",
            "투자타입":"일반",
            "전용면적(m2)":"87.45",
            "전용면적(평)":"26평",
            "법정동주소":"경기도 고양시 덕양구 행신동 938",
            "도로명주소":"경기도 고양시 덕양구 중앙로558번길 57",
            "세대수":50,
            "입주년차":0,
            "용적률점수":"--",
            "건폐율점수":"--",
            "세대당주차수":30,
            "난방방식":100,
            "공급면적":"--",
            "전용률":"--",
            "욕실수":50,
            "현관타입":100,
            "주거총점":47.0,
            "지역구공급총점":0.0,
            "역세권":50,
            "30분내 이동가능 거점":0,
            "1시간내 이동가능 거점":60,
            "교통총점":37.0,
            "백화점":0,
            "아울렛몰":100,
            "대형마트":100,
            "은행":20,
            "병원":80,
            "종합병원":100,
            "공원":100,
            "혐오시설":0,
            "인프라총점":58.0,
            "초등학군":86.69,
            "중학군":52.74,
            "학군총점":59.53,
            "인구수":53.57,
            "인구증감":25.08,
            "인구총점":45.023,
            "일자리":5.0,
            "소득수준":51.54,
            "일자리총점":18.962,
            "가치 총점":48.6795,
            "매매실거래년":20211011.0,
            "매매실거래가":55500.0,
            "전세실거래년":20220110.0,
            "전세실거래가":38100.0,
            "전세가율":68.65,
            "장기전세가율평균":74.41,
            "전세가율거품지수":5.76,
            "검색코드":1548,
            "세대수":696.0,
            "준공년월":"1998-07-30",
            "준공년차":25.0,
            "가까운역이름":"화정",
            "가까운역거리":990.53,
            "역세권여부":"준역세권",
            "30분이내주요거점역":0,
            "1시간이내주요거점역":6,
            "3km이내백화점수":0,
            "5km이내아울렛몰수":2,
            "1km이내대형먀트수":3,
            "500m이내은행수":2,
            "500m이내병원수":35,
            "5km이내대형병원수":2,
            "500m이내공원수":7,
            "3km이내혐오시설수":0,
            "초등학교학업성취도":86.69,
            "중학교학업성취도":87.3,
            "용적률":235,
            "건폐율":17,
            "Y":37.626474,
            "X":126.837281,
            "rank":53.0,
            "area_info":"26평(87.45), 33평(109.79)",
            "last_sales":"2021-10-11,55500.0,26평(87.45)"
        },
        {
            "index":348,
            "아파트명":"삼송리슈빌센트럴파크",
            "투자타입":"일반",
            "전용면적(m2)":"99.17",
            "전용면적(평)":"29평",
            "법정동주소":"경기도 고양시 덕양구 원흥동 670",
            "도로명주소":"경기도 고양시 덕양구 동세로 125",
            "세대수":90,
            "입주년차":60,
            "용적률점수":"--",
            "건폐율점수":"--",
            "세대당주차수":60,
            "난방방식":100,
            "공급면적":"--",
            "전용률":"--",
            "욕실수":100,
            "현관타입":100,
            "주거총점":82.5,
            "지역구공급총점":0.0,
            "역세권":50,
            "30분내 이동가능 거점":0,
            "1시간내 이동가능 거점":60,
            "교통총점":37.0,
            "백화점":0,
            "아울렛몰":100,
            "대형마트":0,
            "은행":0,
            "병원":30,
            "종합병원":100,
            "공원":80,
            "혐오시설":0,
            "인프라총점":35.4,
            "초등학군":79.62,
            "중학군":49.72,
            "학군총점":55.7,
            "인구수":53.57,
            "인구증감":25.08,
            "인구총점":45.023,
            "일자리":5.0,
            "소득수준":51.54,
            "일자리총점":18.962,
            "가치 총점":48.425,
            "매매실거래년":20210808.0,
            "매매실거래가":85000.0,
            "전세실거래년":20210927.0,
            "전세실거래가":53000.0,
            "전세가율":64.63,
            "장기전세가율평균":74.41,
            "전세가율거품지수":9.78,
            "검색코드":102606,
            "세대수":1024.0,
            "준공년월":"2012-12-10",
            "준공년차":11.0,
            "가까운역이름":"원흥",
            "가까운역거리":722.11,
            "역세권여부":"준역세권",
            "30분이내주요거점역":0,
            "1시간이내주요거점역":6,
            "3km이내백화점수":0,
            "5km이내아울렛몰수":2,
            "1km이내대형먀트수":0,
            "500m이내은행수":0,
            "500m이내병원수":9,
            "5km이내대형병원수":3,
            "500m이내공원수":1,
            "3km이내혐오시설수":0,
            "초등학교학업성취도":79.62,
            "중학교학업성취도":80.4,
            "용적률":179,
            "건폐율":14,
            "Y":37.652112,
            "X":126.880636,
            "rank":54.0,
            "area_info":"29평(99.17), 29평(99.01), 34평(112.87), 34평(113.98), 34평(114.12), 34평(115.68)",
            "last_sales":"2021-08-08,85000.0,34평(115.68)"
        },
        {
            "index":248,
            "아파트명":"신원당2단지태영",
            "투자타입":"일반",
            "전용면적(m2)":"54.94",
            "전용면적(평)":"16평",
            "법정동주소":"경기도 고양시 덕양구 성사동 723",
            "도로명주소":"경기도 고양시 덕양구 고양대로1384번길 29",
            "세대수":50,
            "입주년차":0,
            "용적률점수":"--",
            "건폐율점수":"--",
            "세대당주차수":0,
            "난방방식":30,
            "공급면적":"--",
            "전용률":"--",
            "욕실수":50,
            "현관타입":10,
            "주거총점":26.5,
            "지역구공급총점":0.0,
            "역세권":80,
            "30분내 이동가능 거점":20,
            "1시간내 이동가능 거점":80,
            "교통총점":62.0,
            "백화점":0,
            "아울렛몰":100,
            "대형마트":0,
            "은행":0,
            "병원":80,
            "종합병원":100,
            "공원":100,
            "혐오시설":0,
            "인프라총점":41.0,
            "초등학군":87.31,
            "중학군":52.94,
            "학군총점":59.814,
            "인구수":53.57,
            "인구증감":25.08,
            "인구총점":45.023,
            "일자리":5.0,
            "소득수준":51.54,
            "일자리총점":18.962,
            "가치 총점":48.2721,
            "매매실거래년":20220102.0,
            "매매실거래가":41700.0,
            "전세실거래년":20210208.0,
            "전세실거래가":13650.0,
            "전세가율":74.59,
            "장기전세가율평균":74.41,
            "전세가율거품지수":-0.18,
            "검색코드":1494,
            "세대수":500.0,
            "준공년월":"1993-10-20",
            "준공년차":30.0,
            "가까운역이름":"원당",
            "가까운역거리":406.4,
            "역세권여부":"역세권",
            "30분이내주요거점역":1,
            "1시간이내주요거점역":8,
            "3km이내백화점수":0,
            "5km이내아울렛몰수":2,
            "1km이내대형먀트수":0,
            "500m이내은행수":0,
            "500m이내병원수":30,
            "5km이내대형병원수":4,
            "500m이내공원수":4,
            "3km이내혐오시설수":0,
            "초등학교학업성취도":87.31,
            "중학교학업성취도":86.3,
            "용적률":222,
            "건폐율":0,
            "Y":37.652597,
            "X":126.838517,
            "rank":55.0,
            "area_info":"16평(54.94), 24평(81.27)",
            "last_sales":"2022-01-02,41700.0,24평(81.27)"
        },
        {
            "index":437,
            "아파트명":"무원1단지부영",
            "투자타입":"일반",
            "전용면적(m2)":"92.68",
            "전용면적(평)":"28평",
            "법정동주소":"경기도 고양시 덕양구 행신동 773",
            "도로명주소":"경기도 고양시 덕양구 화신로 47",
            "세대수":50,
            "입주년차":0,
            "용적률점수":"--",
            "건폐율점수":"--",
            "세대당주차수":30,
            "난방방식":100,
            "공급면적":"--",
            "전용률":"--",
            "욕실수":100,
            "현관타입":10,
            "주거총점":43.0,
            "지역구공급총점":0.0,
            "역세권":50,
            "30분내 이동가능 거점":20,
            "1시간내 이동가능 거점":90,
            "교통총점":49.0,
            "백화점":0,
            "아울렛몰":80,
            "대형마트":80,
            "은행":0,
            "병원":60,
            "종합병원":80,
            "공원":100,
            "혐오시설":0,
            "인프라총점":45.0,
            "초등학군":88.42,
            "중학군":52.82,
            "학군총점":59.94,
            "인구수":53.57,
            "인구증감":25.08,
            "인구총점":45.023,
            "일자리":5.0,
            "소득수준":51.54,
            "일자리총점":18.962,
            "가치 총점":48.241,
            "매매실거래년":20211223.0,
            "매매실거래가":49500.0,
            "전세실거래년":20220117.0,
            "전세실거래가":26200.0,
            "전세가율":52.93,
            "장기전세가율평균":74.41,
            "전세가율거품지수":21.48,
            "검색코드":14464,
            "세대수":662.0,
            "준공년월":"1995-05-13",
            "준공년차":28.0,
            "가까운역이름":"행신",
            "가까운역거리":686.34,
            "역세권여부":"준역세권",
            "30분이내주요거점역":1,
            "1시간이내주요거점역":9,
            "3km이내백화점수":0,
            "5km이내아울렛몰수":1,
            "1km이내대형먀트수":1,
            "500m이내은행수":1,
            "500m이내병원수":13,
            "5km이내대형병원수":1,
            "500m이내공원수":10,
            "3km이내혐오시설수":0,
            "초등학교학업성취도":88.42,
            "중학교학업성취도":85.9,
            "용적률":218,
            "건폐율":21,
            "Y":37.61748,
            "X":126.83797,
            "rank":56.0,
            "area_info":"28평(92.68)",
            "last_sales":"2021-12-23,49500.0,28평(92.68)"
        },
        {
            "index":574,
            "아파트명":"햇빛마을19단지",
            "투자타입":"일반",
            "전용면적(m2)":"100.63",
            "전용면적(평)":"30평",
            "법정동주소":"경기도 고양시 덕양구 행신동 903",
            "도로명주소":"경기도 고양시 덕양구 성신로 99",
            "세대수":80,
            "입주년차":0,
            "용적률점수":"--",
            "건폐율점수":"--",
            "세대당주차수":30,
            "난방방식":100,
            "공급면적":"--",
            "전용률":"--",
            "욕실수":100,
            "현관타입":100,
            "주거총점":62.5,
            "지역구공급총점":0.0,
            "역세권":50,
            "30분내 이동가능 거점":0,
            "1시간내 이동가능 거점":50,
            "교통총점":35.0,
            "백화점":0,
            "아울렛몰":100,
            "대형마트":100,
            "은행":0,
            "병원":10,
            "종합병원":100,
            "공원":100,
            "혐오시설":0,
            "인프라총점":49.0,
            "초등학군":86.69,
            "중학군":51.06,
            "학군총점":58.186,
            "인구수":53.57,
            "인구증감":25.08,
            "인구총점":45.023,
            "일자리":5.0,
            "소득수준":51.54,
            "일자리총점":18.962,
            "가치 총점":48.1779,
            "매매실거래년":20211208.0,
            "매매실거래가":58500.0,
            "전세실거래년":20210705.0,
            "전세실거래가":29900.0,
            "전세가율":55.37,
            "장기전세가율평균":74.41,
            "전세가율거품지수":19.04,
            "검색코드":1552,
            "세대수":840.0,
            "준공년월":"1998-08-12",
            "준공년차":25.0,
            "가까운역이름":"화정",
            "가까운역거리":976.74,
            "역세권여부":"준역세권",
            "30분이내주요거점역":0,
            "1시간이내주요거점역":5,
            "3km이내백화점수":0,
            "5km이내아울렛몰수":2,
            "1km이내대형먀트수":3,
            "500m이내은행수":0,
            "500m이내병원수":3,
            "5km이내대형병원수":2,
            "500m이내공원수":7,
            "3km이내혐오시설수":0,
            "초등학교학업성취도":86.69,
            "중학교학업성취도":82.1,
            "용적률":228,
            "건폐율":17,
            "Y":37.628133,
            "X":126.840167,
            "rank":57.0,
            "area_info":"30평(100.63), 31평(105.77), 31평(105.77), 31평(105.76)",
            "last_sales":"2021-12-08,58500.0,31평(105.77)"
        },
        {
            "index":236,
            "아파트명":"성사루체하임(도시형)",
            "투자타입":"일반",
            "전용면적(m2)":"31.74",
            "전용면적(평)":"9평",
            "법정동주소":"경기도 고양시 덕양구 성사동 704-5",
            "도로명주소":"경기도 고양시 덕양구 고양대로 1391",
            "세대수":0,
            "입주년차":80,
            "용적률점수":"--",
            "건폐율점수":"--",
            "세대당주차수":0,
            "난방방식":30,
            "공급면적":"--",
            "전용률":"--",
            "욕실수":50,
            "현관타입":10,
            "주거총점":25.0,
            "지역구공급총점":0.0,
            "역세권":80,
            "30분내 이동가능 거점":20,
            "1시간내 이동가능 거점":80,
            "교통총점":62.0,
            "백화점":0,
            "아울렛몰":100,
            "대형마트":0,
            "은행":0,
            "병원":80,
            "종합병원":100,
            "공원":100,
            "혐오시설":0,
            "인프라총점":41.0,
            "초등학군":87.31,
            "중학군":52.94,
            "학군총점":59.814,
            "인구수":53.57,
            "인구증감":25.08,
            "인구총점":45.023,
            "일자리":5.0,
            "소득수준":51.54,
            "일자리총점":18.962,
            "가치 총점":47.9721,
            "매매실거래년":20211210.0,
            "매매실거래가":13000.0,
            "전세실거래년":20220112.0,
            "전세실거래가":14000.0,
            "전세가율":107.69,
            "장기전세가율평균":74.41,
            "전세가율거품지수":-33.28,
            "검색코드":121412,
            "세대수":145.0,
            "준공년월":"2018-12-05",
            "준공년차":5.0,
            "가까운역이름":"원당",
            "가까운역거리":404.18,
            "역세권여부":"역세권",
            "30분이내주요거점역":1,
            "1시간이내주요거점역":8,
            "3km이내백화점수":0,
            "5km이내아울렛몰수":2,
            "1km이내대형먀트수":0,
            "500m이내은행수":1,
            "500m이내병원수":44,
            "5km이내대형병원수":4,
            "500m이내공원수":6,
            "3km이내혐오시설수":0,
            "초등학교학업성취도":87.31,
            "중학교학업성취도":86.3,
            "용적률":417,
            "건폐율":59,
            "Y":37.654411,
            "X":126.83866,
            "rank":58.0,
            "area_info":"9평(31.74), 11평(37.11), 11평(37.06), 20평(67.21)",
            "last_sales":"2021-12-10,13000.0,9평(31.74)"
        },
        {
            "index":424,
            "아파트명":"한라비발디리버",
            "투자타입":"일반",
            "전용면적(m2)":"107.37",
            "전용면적(평)":"32평",
            "법정동주소":"경기도 고양시 덕양구 토당동 298",
            "도로명주소":"경기도 고양시 덕양구 토당로 93",
            "세대수":50,
            "입주년차":40,
            "용적률점수":"--",
            "건폐율점수":"--",
            "세대당주차수":30,
            "난방방식":30,
            "공급면적":"--",
            "전용률":"--",
            "욕실수":100,
            "현관타입":100,
            "주거총점":53.0,
            "지역구공급총점":0.0,
            "역세권":50,
            "30분내 이동가능 거점":40,
            "1시간내 이동가능 거점":100,
            "교통총점":57.0,
            "백화점":0,
            "아울렛몰":100,
            "대형마트":0,
            "은행":0,
            "병원":30,
            "종합병원":100,
            "공원":0,
            "혐오시설":0,
            "인프라총점":33.0,
            "초등학군":86.82,
            "중학군":39.76,
            "학군총점":49.172,
            "인구수":53.57,
            "인구증감":25.08,
            "인구총점":45.023,
            "일자리":5.0,
            "소득수준":51.54,
            "일자리총점":18.962,
            "가치 총점":47.8258,
            "매매실거래년":20210928.0,
            "매매실거래가":70000.0,
            "전세실거래년":20220113.0,
            "전세실거래가":33500.0,
            "전세가율":47.86,
            "장기전세가율평균":74.41,
            "전세가율거품지수":26.55,
            "검색코드":9816,
            "세대수":482.0,
            "준공년월":"2004-11-23",
            "준공년차":19.0,
            "가까운역이름":"능곡",
            "가까운역거리":575.17,
            "역세권여부":"준역세권",
            "30분이내주요거점역":2,
            "1시간이내주요거점역":10,
            "3km이내백화점수":0,
            "5km이내아울렛몰수":3,
            "1km이내대형먀트수":0,
            "500m이내은행수":0,
            "500m이내병원수":8,
            "5km이내대형병원수":2,
            "500m이내공원수":0,
            "3km이내혐오시설수":0,
            "초등학교학업성취도":86.82,
            "중학교학업성취도":64.4,
            "용적률":289,
            "건폐율":16,
            "Y":37.623093,
            "X":126.817125,
            "rank":59.0,
            "area_info":"32평(107.37), 32평(108.02)",
            "last_sales":"2021-09-28,70000.0,32평(107.37)"
        },
        {
            "index":438,
            "아파트명":"무원2단지삼보",
            "투자타입":"일반",
            "전용면적(m2)":"103.64",
            "전용면적(평)":"31평",
            "법정동주소":"경기도 고양시 덕양구 행신동 771",
            "도로명주소":"경기도 고양시 덕양구 화신로 33",
            "세대수":30,
            "입주년차":0,
            "용적률점수":"--",
            "건폐율점수":"--",
            "세대당주차수":30,
            "난방방식":100,
            "공급면적":"--",
            "전용률":"--",
            "욕실수":100,
            "현관타입":100,
            "주거총점":45.0,
            "지역구공급총점":0.0,
            "역세권":50,
            "30분내 이동가능 거점":40,
            "1시간내 이동가능 거점":100,
            "교통총점":57.0,
            "백화점":0,
            "아울렛몰":80,
            "대형마트":0,
            "은행":0,
            "병원":60,
            "종합병원":80,
            "공원":100,
            "혐오시설":0,
            "인프라총점":33.0,
            "초등학군":85.51,
            "중학군":52.82,
            "학군총점":59.358,
            "인구수":53.57,
            "인구증감":25.08,
            "인구총점":45.023,
            "일자리":5.0,
            "소득수준":51.54,
            "일자리총점":18.962,
            "가치 총점":47.7537,
            "매매실거래년":20210826.0,
            "매매실거래가":73000.0,
            "전세실거래년":20210811.0,
            "전세실거래가":30400.0,
            "전세가율":46.77,
            "장기전세가율평균":74.41,
            "전세가율거품지수":27.64,
            "검색코드":1532,
            "세대수":330.0,
            "준공년월":"1994-11-05",
            "준공년차":29.0,
            "가까운역이름":"행신",
            "가까운역거리":556.44,
            "역세권여부":"준역세권",
            "30분이내주요거점역":2,
            "1시간이내주요거점역":10,
            "3km이내백화점수":0,
            "5km이내아울렛몰수":1,
            "1km이내대형먀트수":0,
            "500m이내은행수":1,
            "500m이내병원수":18,
            "5km이내대형병원수":1,
            "500m이내공원수":10,
            "3km이내혐오시설수":0,
            "초등학교학업성취도":85.51,
            "중학교학업성취도":85.9,
            "용적률":248,
            "건폐율":22,
            "Y":37.61615,
            "X":126.83786,
            "rank":60.0,
            "area_info":"31평(103.64), 39평(130.33)",
            "last_sales":"2021-08-26,73000.0,39평(130.33)"
        },
        {
            "index":509,
            "아파트명":"소만7단지대명",
            "투자타입":"일반",
            "전용면적(m2)":"79.85",
            "전용면적(평)":"24평",
            "법정동주소":"경기도 고양시 덕양구 행신동 783",
            "도로명주소":"경기도 고양시 덕양구 화신로 36",
            "세대수":80,
            "입주년차":0,
            "용적률점수":"--",
            "건폐율점수":"--",
            "세대당주차수":0,
            "난방방식":100,
            "공급면적":"--",
            "전용률":"--",
            "욕실수":50,
            "현관타입":10,
            "주거총점":44.0,
            "지역구공급총점":0.0,
            "역세권":50,
            "30분내 이동가능 거점":40,
            "1시간내 이동가능 거점":100,
            "교통총점":57.0,
            "백화점":0,
            "아울렛몰":80,
            "대형마트":0,
            "은행":0,
            "병원":60,
            "종합병원":80,
            "공원":100,
            "혐오시설":0,
            "인프라총점":33.0,
            "초등학군":88.42,
            "중학군":52.82,
            "학군총점":59.94,
            "인구수":53.57,
            "인구증감":25.08,
            "인구총점":45.023,
            "일자리":5.0,
            "소득수준":51.54,
            "일자리총점":18.962,
            "가치 총점":47.641,
            "매매실거래년":20220114.0,
            "매매실거래가":48500.0,
            "전세실거래년":20220104.0,
            "전세실거래가":30000.0,
            "전세가율":61.86,
            "장기전세가율평균":74.41,
            "전세가율거품지수":12.55,
            "검색코드":1538,
            "세대수":713.0,
            "준공년월":"1995-04-29",
            "준공년차":28.0,
            "가까운역이름":"강매",
            "가까운역거리":512.4,
            "역세권여부":"준역세권",
            "30분이내주요거점역":2,
            "1시간이내주요거점역":10,
            "3km이내백화점수":0,
            "5km이내아울렛몰수":1,
            "1km이내대형먀트수":0,
            "500m이내은행수":0,
            "500m이내병원수":19,
            "5km이내대형병원수":1,
            "500m이내공원수":9,
            "3km이내혐오시설수":0,
            "초등학교학업성취도":88.42,
            "중학교학업성취도":85.9,
            "용적률":0,
            "건폐율":0,
            "Y":37.616341,
            "X":126.840395,
            "rank":61.0,
            "area_info":"24평(79.85)",
            "last_sales":"2022-01-14,48500.0,24평(79.85)"
        },
        {
            "index":536,
            "아파트명":"장미7차",
            "투자타입":"재건축",
            "전용면적(m2)":"87.73",
            "전용면적(평)":"26평",
            "법정동주소":"경기도 고양시 덕양구 행신동 644-43",
            "도로명주소":"경기도 고양시 덕양구 행신로143번길 115",
            "세대수":30,
            "입주년차":"--",
            "용적률점수":0,
            "건폐율점수":80,
            "세대당주차수":"--",
            "난방방식":"--",
            "공급면적":70,
            "전용률":80,
            "욕실수":"--",
            "현관타입":"--",
            "주거총점":32.5,
            "지역구공급총점":0.0,
            "역세권":50,
            "30분내 이동가능 거점":40,
            "1시간내 이동가능 거점":80,
            "교통총점":53.0,
            "백화점":0,
            "아울렛몰":100,
            "대형마트":80,
            "은행":0,
            "병원":60,
            "종합병원":100,
            "공원":100,
            "혐오시설":0,
            "인프라총점":51.0,
            "초등학군":83.98,
            "중학군":39.76,
            "학군총점":48.604,
            "인구수":53.57,
            "인구증감":25.08,
            "인구총점":45.023,
            "일자리":5.0,
            "소득수준":51.54,
            "일자리총점":18.962,
            "가치 총점":47.6406,
            "매매실거래년":20211211.0,
            "매매실거래가":37400.0,
            "전세실거래년":20190517.0,
            "전세실거래가":17000.0,
            "전세가율":81.73,
            "장기전세가율평균":74.41,
            "전세가율거품지수":-7.32,
            "검색코드":9135,
            "세대수":375.0,
            "준공년월":"1991-12-05",
            "준공년차":32.0,
            "가까운역이름":"능곡",
            "가까운역거리":891.05,
            "역세권여부":"준역세권",
            "30분이내주요거점역":2,
            "1시간이내주요거점역":8,
            "3km이내백화점수":0,
            "5km이내아울렛몰수":3,
            "1km이내대형먀트수":1,
            "500m이내은행수":0,
            "500m이내병원수":12,
            "5km이내대형병원수":2,
            "500m이내공원수":7,
            "3km이내혐오시설수":0,
            "초등학교학업성취도":83.98,
            "중학교학업성취도":64.4,
            "용적률":283,
            "건폐율":21,
            "Y":37.623749,
            "X":126.828748,
            "rank":62.0,
            "area_info":"26평(87.73), 27평(91.35), 28평(95.65)",
            "last_sales":"2021-12-11,37400.0,28평(95.65)"
        },
        {
            "index":502,
            "아파트명":"소만3단지늘푸른",
            "투자타입":"일반",
            "전용면적(m2)":"55.88",
            "전용면적(평)":"16평",
            "법정동주소":"경기도 고양시 덕양구 행신동 799",
            "도로명주소":"경기도 고양시 덕양구 충경로 138",
            "세대수":30,
            "입주년차":0,
            "용적률점수":"--",
            "건폐율점수":"--",
            "세대당주차수":0,
            "난방방식":100,
            "공급면적":"--",
            "전용률":"--",
            "욕실수":50,
            "현관타입":10,
            "주거총점":26.5,
            "지역구공급총점":0.0,
            "역세권":80,
            "30분내 이동가능 거점":20,
            "1시간내 이동가능 거점":100,
            "교통총점":66.0,
            "백화점":0,
            "아울렛몰":80,
            "대형마트":0,
            "은행":0,
            "병원":60,
            "종합병원":80,
            "공원":100,
            "혐오시설":0,
            "인프라총점":33.0,
            "초등학군":88.21,
            "중학군":52.82,
            "학군총점":59.898,
            "인구수":53.57,
            "인구증감":25.08,
            "인구총점":45.023,
            "일자리":5.0,
            "소득수준":51.54,
            "일자리총점":18.962,
            "가치 총점":47.2847,
            "매매실거래년":20220106.0,
            "매매실거래가":43000.0,
            "전세실거래년":20210821.0,
            "전세실거래가":17000.0,
            "전세가율":62.96,
            "장기전세가율평균":74.41,
            "전세가율거품지수":11.45,
            "검색코드":14465,
            "세대수":345.0,
            "준공년월":"1996-09-12",
            "준공년차":27.0,
            "가까운역이름":"강매",
            "가까운역거리":395.26,
            "역세권여부":"역세권",
            "30분이내주요거점역":1,
            "1시간이내주요거점역":10,
            "3km이내백화점수":0,
            "5km이내아울렛몰수":1,
            "1km이내대형먀트수":0,
            "500m이내은행수":1,
            "500m이내병원수":28,
            "5km이내대형병원수":1,
            "500m이내공원수":9,
            "3km이내혐오시설수":0,
            "초등학교학업성취도":88.21,
            "중학교학업성취도":85.9,
            "용적률":203,
            "건폐율":13,
            "Y":37.61555,
            "X":126.84508,
            "rank":63.0,
            "area_info":"16평(55.88), 21평(71.36)",
            "last_sales":"2022-01-06,43000.0,21평(71.36)"
        },
        {
            "index":504,
            "아파트명":"소만5단지삼신",
            "투자타입":"일반",
            "전용면적(m2)":"68.9",
            "전용면적(평)":"20평",
            "법정동주소":"경기도 고양시 덕양구 행신동 788",
            "도로명주소":"경기도 고양시 덕양구 소원로181번길 15",
            "세대수":50,
            "입주년차":0,
            "용적률점수":"--",
            "건폐율점수":"--",
            "세대당주차수":0,
            "난방방식":100,
            "공급면적":"--",
            "전용률":"--",
            "욕실수":50,
            "현관타입":10,
            "주거총점":33.5,
            "지역구공급총점":0.0,
            "역세권":80,
            "30분내 이동가능 거점":20,
            "1시간내 이동가능 거점":100,
            "교통총점":66.0,
            "백화점":0,
            "아울렛몰":80,
            "대형마트":0,
            "은행":0,
            "병원":10,
            "종합병원":80,
            "공원":100,
            "혐오시설":0,
            "인프라총점":28.0,
            "초등학군":88.21,
            "중학군":52.82,
            "학군총점":59.898,
            "인구수":53.57,
            "인구증감":25.08,
            "인구총점":45.023,
            "일자리":5.0,
            "소득수준":51.54,
            "일자리총점":18.962,
            "가치 총점":47.1847,
            "매매실거래년":20211206.0,
            "매매실거래가":58000.0,
            "전세실거래년":20211216.0,
            "전세실거래가":18900.0,
            "전세가율":46.1,
            "장기전세가율평균":74.41,
            "전세가율거품지수":28.31,
            "검색코드":1536,
            "세대수":423.0,
            "준공년월":"1994-10-31",
            "준공년차":29.0,
            "가까운역이름":"강매",
            "가까운역거리":162.42,
            "역세권여부":"역세권",
            "30분이내주요거점역":1,
            "1시간이내주요거점역":10,
            "3km이내백화점수":0,
            "5km이내아울렛몰수":1,
            "1km이내대형먀트수":0,
            "500m이내은행수":0,
            "500m이내병원수":4,
            "5km이내대형병원수":1,
            "500m이내공원수":7,
            "3km이내혐오시설수":0,
            "초등학교학업성취도":88.21,
            "중학교학업성취도":85.9,
            "용적률":227,
            "건폐율":22,
            "Y":37.61368,
            "X":126.84257,
            "rank":64.0,
            "area_info":"20평(68.9), 23평(76.68), 29평(98.27)",
            "last_sales":"2021-12-06,58000.0,29평(98.27)"
        },
        {
            "index":510,
            "아파트명":"소만8단지풍림",
            "투자타입":"일반",
            "전용면적(m2)":"63.5",
            "전용면적(평)":"19평",
            "법정동주소":"경기도 고양시 덕양구 행신동 781",
            "도로명주소":"경기도 고양시 덕양구 소만로 49",
            "세대수":50,
            "입주년차":0,
            "용적률점수":"--",
            "건폐율점수":"--",
            "세대당주차수":0,
            "난방방식":100,
            "공급면적":"--",
            "전용률":"--",
            "욕실수":50,
            "현관타입":10,
            "주거총점":33.5,
            "지역구공급총점":0.0,
            "역세권":50,
            "30분내 이동가능 거점":20,
            "1시간내 이동가능 거점":100,
            "교통총점":51.0,
            "백화점":0,
            "아울렛몰":80,
            "대형마트":80,
            "은행":0,
            "병원":60,
            "종합병원":80,
            "공원":100,
            "혐오시설":0,
            "인프라총점":45.0,
            "초등학군":88.42,
            "중학군":52.82,
            "학군총점":59.94,
            "인구수":53.57,
            "인구증감":25.08,
            "인구총점":45.023,
            "일자리":5.0,
            "소득수준":51.54,
            "일자리총점":18.962,
            "가치 총점":47.041,
            "매매실거래년":20211216.0,
            "매매실거래가":38900.0,
            "전세실거래년":20220114.0,
            "전세실거래가":18375.0,
            "전세가율":47.24,
            "장기전세가율평균":74.41,
            "전세가율거품지수":27.17,
            "검색코드":1543,
            "세대수":639.0,
            "준공년월":"1994-12-10",
            "준공년차":29.0,
            "가까운역이름":"강매",
            "가까운역거리":601.37,
            "역세권여부":"준역세권",
            "30분이내주요거점역":1,
            "1시간이내주요거점역":10,
            "3km이내백화점수":0,
            "5km이내아울렛몰수":1,
            "1km이내대형먀트수":1,
            "500m이내은행수":1,
            "500m이내병원수":23,
            "5km이내대형병원수":1,
            "500m이내공원수":10,
            "3km이내혐오시설수":0,
            "초등학교학업성취도":88.42,
            "중학교학업성취도":85.9,
            "용적률":225,
            "건폐율":21,
            "Y":37.617409,
            "X":126.840933,
            "rank":65.0,
            "area_info":"19평(63.5), 27평(91.32)",
            "last_sales":"2021-12-16,38900.0,19평(63.5)"
        },
        {
            "index":267,
            "아파트명":"원당e-편한세상",
            "투자타입":"일반",
            "전용면적(m2)":"84.42",
            "전용면적(평)":"25평",
            "법정동주소":"경기도 고양시 덕양구 성사동 869",
            "도로명주소":"경기도 고양시 덕양구 호국로 859",
            "세대수":90,
            "입주년차":60,
            "용적률점수":"--",
            "건폐율점수":"--",
            "세대당주차수":60,
            "난방방식":100,
            "공급면적":"--",
            "전용률":"--",
            "욕실수":100,
            "현관타입":50,
            "주거총점":77.5,
            "지역구공급총점":0.0,
            "역세권":50,
            "30분내 이동가능 거점":0,
            "1시간내 이동가능 거점":50,
            "교통총점":35.0,
            "백화점":0,
            "아울렛몰":100,
            "대형마트":0,
            "은행":0,
            "병원":60,
            "종합병원":100,
            "공원":100,
            "혐오시설":0,
            "인프라총점":39.0,
            "초등학군":87.42,
            "중학군":40.78,
            "학군총점":50.108,
            "인구수":53.57,
            "인구증감":25.08,
            "인구총점":45.023,
            "일자리":5.0,
            "소득수준":51.54,
            "일자리총점":18.962,
            "가치 총점":46.9662,
            "매매실거래년":20211210.0,
            "매매실거래가":60000.0,
            "전세실거래년":20211203.0,
            "전세실거래가":33000.0,
            "전세가율":51.16,
            "장기전세가율평균":74.41,
            "전세가율거품지수":23.25,
            "검색코드":25927,
            "세대수":1486.0,
            "준공년월":"2009-12-02",
            "준공년차":14.0,
            "가까운역이름":"원당",
            "가까운역거리":932.1,
            "역세권여부":"준역세권",
            "30분이내주요거점역":0,
            "1시간이내주요거점역":5,
            "3km이내백화점수":0,
            "5km이내아울렛몰수":2,
            "1km이내대형먀트수":0,
            "500m이내은행수":1,
            "500m이내병원수":11,
            "5km이내대형병원수":4,
            "500m이내공원수":5,
            "3km이내혐오시설수":0,
            "초등학교학업성취도":87.42,
            "중학교학업성취도":66.9,
            "용적률":277,
            "건폐율":18,
            "Y":37.661295,
            "X":126.839764,
            "rank":66.0,
            "area_info":"25평(84.42), 25평(85.74), 33평(110.34), 33평(112.12), 43평(145.24), 48평(161.96), 53평(178.12)",
            "last_sales":"2021-12-10,60000.0,48평(161.96)"
        },
        {
            "index":661,
            "아파트명":"은빛5단지",
            "투자타입":"일반",
            "전용면적(m2)":"122.41",
            "전용면적(평)":"37평",
            "법정동주소":"경기도 고양시 덕양구 화정동 870",
            "도로명주소":"경기도 고양시 덕양구 화중로 164",
            "세대수":100,
            "입주년차":0,
            "용적률점수":"--",
            "건폐율점수":"--",
            "세대당주차수":60,
            "난방방식":100,
            "공급면적":"--",
            "전용률":"--",
            "욕실수":100,
            "현관타입":100,
            "주거총점":74.0,
            "지역구공급총점":0.0,
            "역세권":50,
            "30분내 이동가능 거점":0,
            "1시간내 이동가능 거점":60,
            "교통총점":37.0,
            "백화점":0,
            "아울렛몰":100,
            "대형마트":0,
            "은행":0,
            "병원":10,
            "종합병원":100,
            "공원":100,
            "혐오시설":0,
            "인프라총점":34.0,
            "초등학군":88.35,
            "중학군":52.94,
            "학군총점":60.022,
            "인구수":53.57,
            "인구증감":25.08,
            "인구총점":45.023,
            "일자리":5.0,
            "소득수준":51.54,
            "일자리총점":18.962,
            "가치 총점":46.9533,
            "매매실거래년":20211125.0,
            "매매실거래가":69700.0,
            "전세실거래년":20211117.0,
            "전세실거래가":48000.0,
            "전세가율":64.86,
            "장기전세가율평균":74.41,
            "전세가율거품지수":9.55,
            "검색코드":1571,
            "세대수":2032.0,
            "준공년월":"1995-11-13",
            "준공년차":28.0,
            "가까운역이름":"화정",
            "가까운역거리":878.42,
            "역세권여부":"준역세권",
            "30분이내주요거점역":0,
            "1시간이내주요거점역":6,
            "3km이내백화점수":0,
            "5km이내아울렛몰수":2,
            "1km이내대형먀트수":0,
            "500m이내은행수":0,
            "500m이내병원수":3,
            "5km이내대형병원수":3,
            "500m이내공원수":5,
            "3km이내혐오시설수":0,
            "초등학교학업성취도":88.35,
            "중학교학업성취도":86.3,
            "용적률":198,
            "건폐율":25,
            "Y":37.641978,
            "X":126.836189,
            "rank":67.0,
            "area_info":"37평(122.41), 37평(122.34), 37평(122.38), 37평(122.39), 37평(123.77), 48평(158.79), 47평(158.63), 48평(158.76), 58평(192.25), 58평(192.14), 58평(192.21), 58평(192.26)",
            "last_sales":"2021-11-25,69700.0,48평(158.79)"
        },
        {
            "index":399,
            "아파트명":"능곡대림1차",
            "투자타입":"일반",
            "전용면적(m2)":"82.39",
            "전용면적(평)":"24평",
            "법정동주소":"경기도 고양시 덕양구 토당동 860",
            "도로명주소":"경기도 고양시 덕양구 토당로32번길 11",
            "세대수":0,
            "입주년차":0,
            "용적률점수":"--",
            "건폐율점수":"--",
            "세대당주차수":30,
            "난방방식":30,
            "공급면적":"--",
            "전용률":"--",
            "욕실수":50,
            "현관타입":10,
            "주거총점":13.5,
            "지역구공급총점":0.0,
            "역세권":80,
            "30분내 이동가능 거점":40,
            "1시간내 이동가능 거점":90,
            "교통총점":70.0,
            "백화점":0,
            "아울렛몰":100,
            "대형마트":0,
            "은행":0,
            "병원":60,
            "종합병원":100,
            "공원":100,
            "혐오시설":0,
            "인프라총점":39.0,
            "초등학군":86.75,
            "중학군":39.76,
            "학군총점":49.158,
            "인구수":53.57,
            "인구증감":25.08,
            "인구총점":45.023,
            "일자리":5.0,
            "소득수준":51.54,
            "일자리총점":18.962,
            "가치 총점":46.2737,
            "매매실거래년":20211018.0,
            "매매실거래가":51500.0,
            "전세실거래년":20211228.0,
            "전세실거래가":19950.0,
            "전세가율":38.74,
            "장기전세가율평균":74.41,
            "전세가율거품지수":35.67,
            "검색코드":8624,
            "세대수":204.0,
            "준공년월":"1996-02-24",
            "준공년차":27.0,
            "가까운역이름":"능곡",
            "가까운역거리":131.4,
            "역세권여부":"역세권",
            "30분이내주요거점역":2,
            "1시간이내주요거점역":9,
            "3km이내백화점수":0,
            "5km이내아울렛몰수":3,
            "1km이내대형먀트수":0,
            "500m이내은행수":0,
            "500m이내병원수":10,
            "5km이내대형병원수":2,
            "500m이내공원수":3,
            "3km이내혐오시설수":0,
            "초등학교학업성취도":86.75,
            "중학교학업성취도":64.4,
            "용적률":212,
            "건폐율":20,
            "Y":37.619608,
            "X":126.821881,
            "rank":68.0,
            "area_info":"24평(82.39), 31평(104.96)",
            "last_sales":"2021-10-18,51500.0,24평(82.39)"
        },
        {
            "index":186,
            "아파트명":"삼송스타클래스",
            "투자타입":"일반",
            "전용면적(m2)":"112.4",
            "전용면적(평)":"34평",
            "법정동주소":"경기도 고양시 덕양구 삼송동 331",
            "도로명주소":"경기도 고양시 덕양구 덕수천1로 59",
            "세대수":50,
            "입주년차":80,
            "용적률점수":"--",
            "건폐율점수":"--",
            "세대당주차수":60,
            "난방방식":100,
            "공급면적":"--",
            "전용률":"--",
            "욕실수":100,
            "현관타입":100,
            "주거총점":72.5,
            "지역구공급총점":0.0,
            "역세권":50,
            "30분내 이동가능 거점":0,
            "1시간내 이동가능 거점":40,
            "교통총점":33.0,
            "백화점":0,
            "아울렛몰":100,
            "대형마트":0,
            "은행":0,
            "병원":60,
            "종합병원":100,
            "공원":80,
            "혐오시설":0,
            "인프라총점":38.4,
            "초등학군":85.23,
            "중학군":49.72,
            "학군총점":56.822,
            "인구수":53.57,
            "인구증감":25.08,
            "인구총점":45.023,
            "일자리":5.0,
            "소득수준":51.54,
            "일자리총점":18.962,
            "가치 총점":46.0933,
            "매매실거래년":20211029.0,
            "매매실거래가":103500.0,
            "전세실거래년":20220108.0,
            "전세실거래가":55000.0,
            "전세가율":59.46,
            "장기전세가율평균":74.41,
            "전세가율거품지수":14.95,
            "검색코드":109126,
            "세대수":627.0,
            "준공년월":"2014-12-09",
            "준공년차":9.0,
            "가까운역이름":"원흥",
            "가까운역거리":878.47,
            "역세권여부":"준역세권",
            "30분이내주요거점역":0,
            "1시간이내주요거점역":4,
            "3km이내백화점수":0,
            "5km이내아울렛몰수":2,
            "1km이내대형먀트수":0,
            "500m이내은행수":0,
            "500m이내병원수":10,
            "5km이내대형병원수":3,
            "500m이내공원수":1,
            "3km이내혐오시설수":0,
            "초등학교학업성취도":85.23,
            "중학교학업성취도":80.4,
            "용적률":169,
            "건폐율":14,
            "Y":37.649436,
            "X":126.8825,
            "rank":69.0,
            "area_info":"34평(112.4), 34평(112.4), 33평(112.39), 39평(132.03), 41평(135.74)",
            "last_sales":"2021-10-29,103500.0,41평(135.74)"
        },
        {
            "index":406,
            "아파트명":"능곡풍림아이원2단지",
            "투자타입":"일반",
            "전용면적(m2)":"116.6",
            "전용면적(평)":"35평",
            "법정동주소":"경기도 고양시 덕양구 토당동 60",
            "도로명주소":"경기도 고양시 덕양구 지도로103번길 61",
            "세대수":0,
            "입주년차":20,
            "용적률점수":"--",
            "건폐율점수":"--",
            "세대당주차수":60,
            "난방방식":100,
            "공급면적":"--",
            "전용률":"--",
            "욕실수":100,
            "현관타입":100,
            "주거총점":43.0,
            "지역구공급총점":0.0,
            "역세권":50,
            "30분내 이동가능 거점":40,
            "1시간내 이동가능 거점":80,
            "교통총점":53.0,
            "백화점":0,
            "아울렛몰":100,
            "대형마트":0,
            "은행":0,
            "병원":30,
            "종합병원":100,
            "공원":100,
            "혐오시설":0,
            "인프라총점":36.0,
            "초등학군":86.82,
            "중학군":39.76,
            "학군총점":49.172,
            "인구수":53.57,
            "인구증감":25.08,
            "인구총점":45.023,
            "일자리":5.0,
            "소득수준":51.54,
            "일자리총점":18.962,
            "가치 총점":45.3258,
            "매매실거래년":20201230.0,
            "매매실거래가":60000.0,
            "전세실거래년":20201202.0,
            "전세실거래가":37000.0,
            "전세가율":61.67,
            "장기전세가율평균":74.41,
            "전세가율거품지수":12.74,
            "검색코드":100410,
            "세대수":201.0,
            "준공년월":"2002-08-31",
            "준공년차":21.0,
            "가까운역이름":"능곡",
            "가까운역거리":753.56,
            "역세권여부":"준역세권",
            "30분이내주요거점역":2,
            "1시간이내주요거점역":8,
            "3km이내백화점수":0,
            "5km이내아울렛몰수":3,
            "1km이내대형먀트수":0,
            "500m이내은행수":0,
            "500m이내병원수":9,
            "5km이내대형병원수":2,
            "500m이내공원수":2,
            "3km이내혐오시설수":0,
            "초등학교학업성취도":86.82,
            "중학교학업성취도":64.4,
            "용적률":262,
            "건폐율":18,
            "Y":37.62556,
            "X":126.82005,
            "rank":70.0,
            "area_info":"35평(116.6), 46평(152.66)",
            "last_sales":"2020-12-30,60000.0,35평(116.6)"
        },
        {
            "index":401,
            "아파트명":"능곡풍림아이원",
            "투자타입":"일반",
            "전용면적(m2)":"114.97",
            "전용면적(평)":"34평",
            "법정동주소":"경기도 고양시 덕양구 토당동 70",
            "도로명주소":"경기도 고양시 덕양구 지도로103번길 48",
            "세대수":0,
            "입주년차":20,
            "용적률점수":"--",
            "건폐율점수":"--",
            "세대당주차수":60,
            "난방방식":100,
            "공급면적":"--",
            "전용률":"--",
            "욕실수":100,
            "현관타입":100,
            "주거총점":43.0,
            "지역구공급총점":0.0,
            "역세권":50,
            "30분내 이동가능 거점":40,
            "1시간내 이동가능 거점":80,
            "교통총점":53.0,
            "백화점":0,
            "아울렛몰":100,
            "대형마트":0,
            "은행":0,
            "병원":30,
            "종합병원":100,
            "공원":100,
            "혐오시설":0,
            "인프라총점":36.0,
            "초등학군":86.82,
            "중학군":39.76,
            "학군총점":49.172,
            "인구수":53.57,
            "인구증감":25.08,
            "인구총점":45.023,
            "일자리":5.0,
            "소득수준":51.54,
            "일자리총점":18.962,
            "가치 총점":45.3258,
            "매매실거래년":20201030.0,
            "매매실거래가":56500.0,
            "전세실거래년":20200629.0,
            "전세실거래가":22000.0,
            "전세가율":63.58,
            "장기전세가율평균":74.41,
            "전세가율거품지수":10.83,
            "검색코드":8244,
            "세대수":244.0,
            "준공년월":"2002-08-31",
            "준공년차":21.0,
            "가까운역이름":"능곡",
            "가까운역거리":846.37,
            "역세권여부":"준역세권",
            "30분이내주요거점역":2,
            "1시간이내주요거점역":8,
            "3km이내백화점수":0,
            "5km이내아울렛몰수":3,
            "1km이내대형먀트수":0,
            "500m이내은행수":0,
            "500m이내병원수":8,
            "5km이내대형병원수":3,
            "500m이내공원수":2,
            "3km이내혐오시설수":0,
            "초등학교학업성취도":86.82,
            "중학교학업성취도":64.4,
            "용적률":268,
            "건폐율":19,
            "Y":37.626402,
            "X":126.820131,
            "rank":70.0,
            "area_info":"34평(114.97), 34평(115.2), 46평(152.18), 53평(175.74), 53평(178.48)",
            "last_sales":"2020-10-30,56500.0,53평(175.74)"
        },
        {
            "index":558,
            "아파트명":"햇빛23단지주공",
            "투자타입":"일반",
            "전용면적(m2)":"54.52",
            "전용면적(평)":"16평",
            "법정동주소":"경기도 고양시 덕양구 행신동 953",
            "도로명주소":"경기도 고양시 덕양구 화신로 105",
            "세대수":100,
            "입주년차":0,
            "용적률점수":"--",
            "건폐율점수":"--",
            "세대당주차수":0,
            "난방방식":100,
            "공급면적":"--",
            "전용률":"--",
            "욕실수":50,
            "현관타입":10,
            "주거총점":51.0,
            "지역구공급총점":0.0,
            "역세권":0,
            "30분내 이동가능 거점":40,
            "1시간내 이동가능 거점":80,
            "교통총점":28.0,
            "백화점":0,
            "아울렛몰":100,
            "대형마트":80,
            "은행":20,
            "병원":80,
            "종합병원":100,
            "공원":100,
            "혐오시설":0,
            "인프라총점":55.0,
            "초등학군":86.92,
            "중학군":51.06,
            "학군총점":58.232,
            "인구수":53.57,
            "인구증감":25.08,
            "인구총점":45.023,
            "일자리":5.0,
            "소득수준":51.54,
            "일자리총점":18.962,
            "가치 총점":45.2348,
            "매매실거래년":20220105.0,
            "매매실거래가":45000.0,
            "전세실거래년":20211022.0,
            "전세실거래가":20000.0,
            "전세가율":70.92,
            "장기전세가율평균":74.41,
            "전세가율거품지수":3.49,
            "검색코드":1551,
            "세대수":1813.0,
            "준공년월":"1996-11-22",
            "준공년차":27.0,
            "가까운역이름":"강매",
            "가까운역거리":1213.84,
            "역세권여부":"비역세권",
            "30분이내주요거점역":2,
            "1시간이내주요거점역":8,
            "3km이내백화점수":0,
            "5km이내아울렛몰수":2,
            "1km이내대형먀트수":1,
            "500m이내은행수":2,
            "500m이내병원수":36,
            "5km이내대형병원수":2,
            "500m이내공원수":7,
            "3km이내혐오시설수":0,
            "초등학교학업성취도":86.92,
            "중학교학업성취도":82.1,
            "용적률":0,
            "건폐율":0,
            "Y":37.62275,
            "X":126.83918,
            "rank":71.0,
            "area_info":"16평(54.52), 16평(54.54), 22평(73.4), 23평(79.24), 25평(82.86), 25평(83.38), 26평(87.96), 26평(87.14), 26평(87.41), 26평(89.17)",
            "last_sales":"2022-01-05,45000.0,26평(87.96)"
        },
        {
            "index":274,
            "아파트명":"장미",
            "투자타입":"재건축",
            "전용면적(m2)":"50.11",
            "전용면적(평)":"15평",
            "법정동주소":"경기도 고양시 덕양구 성사동 496-5",
            "도로명주소":"경기도 고양시 덕양구 마상로153번길 28",
            "세대수":0,
            "입주년차":"--",
            "용적률점수":100,
            "건폐율점수":80,
            "세대당주차수":"--",
            "난방방식":"--",
            "공급면적":50,
            "전용률":60,
            "욕실수":"--",
            "현관타입":"--",
            "주거총점":61.5,
            "지역구공급총점":0.0,
            "역세권":50,
            "30분내 이동가능 거점":0,
            "1시간내 이동가능 거점":60,
            "교통총점":37.0,
            "백화점":0,
            "아울렛몰":100,
            "대형마트":0,
            "은행":0,
            "병원":80,
            "종합병원":100,
            "공원":100,
            "혐오시설":0,
            "인프라총점":41.0,
            "초등학군":82.16,
            "중학군":40.78,
            "학군총점":49.056,
            "인구수":53.57,
            "인구증감":25.08,
            "인구총점":45.023,
            "일자리":5.0,
            "소득수준":51.54,
            "일자리총점":18.962,
            "가치 총점":44.9084,
            "매매실거래년":20201217.0,
            "매매실거래가":15300.0,
            "전세실거래년":20201214.0,
            "전세실거래가":10000.0,
            "전세가율":65.36,
            "장기전세가율평균":74.41,
            "전세가율거품지수":9.05,
            "검색코드":9023,
            "세대수":250.0,
            "준공년월":"1985-05-30",
            "준공년차":38.0,
            "가까운역이름":"원당",
            "가까운역거리":714.76,
            "역세권여부":"준역세권",
            "30분이내주요거점역":0,
            "1시간이내주요거점역":6,
            "3km이내백화점수":0,
            "5km이내아울렛몰수":2,
            "1km이내대형먀트수":0,
            "500m이내은행수":1,
            "500m이내병원수":31,
            "5km이내대형병원수":3,
            "500m이내공원수":5,
            "3km이내혐오시설수":0,
            "초등학교학업성취도":82.16,
            "중학교학업성취도":66.9,
            "용적률":141,
            "건폐율":27,
            "Y":37.6595,
            "X":126.84079,
            "rank":72.0,
            "area_info":"15평(50.11), 17평(57.76), 18평(59.79), 20평(68.81), 21평(72.6), 24평(79.54), 25평(84.2)",
            "last_sales":"2020-12-17,15300.0,15평(50.11)"
        },
        {
            "index":224,
            "아파트명":"삼화그린",
            "투자타입":"재건축",
            "전용면적(m2)":"48.38",
            "전용면적(평)":"14평",
            "법정동주소":"경기도 고양시 덕양구 성사동 494-29",
            "도로명주소":"경기도 고양시 덕양구 마상로 164",
            "세대수":0,
            "입주년차":"--",
            "용적률점수":80,
            "건폐율점수":60,
            "세대당주차수":"--",
            "난방방식":"--",
            "공급면적":50,
            "전용률":60,
            "욕실수":"--",
            "현관타입":"--",
            "주거총점":49.5,
            "지역구공급총점":0.0,
            "역세권":50,
            "30분내 이동가능 거점":20,
            "1시간내 이동가능 거점":60,
            "교통총점":43.0,
            "백화점":0,
            "아울렛몰":100,
            "대형마트":0,
            "은행":0,
            "병원":80,
            "종합병원":100,
            "공원":100,
            "혐오시설":0,
            "인프라총점":41.0,
            "초등학군":82.16,
            "중학군":40.78,
            "학군총점":49.056,
            "인구수":53.57,
            "인구증감":25.08,
            "인구총점":45.023,
            "일자리":5.0,
            "소득수준":51.54,
            "일자리총점":18.962,
            "가치 총점":44.6084,
            "매매실거래년":20200724.0,
            "매매실거래가":17300.0,
            "전세실거래년":null,
            "전세실거래가":null,
            "전세가율":null,
            "장기전세가율평균":74.41,
            "전세가율거품지수":null,
            "검색코드":1491,
            "세대수":105.0,
            "준공년월":"1988-12-17",
            "준공년차":35.0,
            "가까운역이름":"원당",
            "가까운역거리":559.26,
            "역세권여부":"준역세권",
            "30분이내주요거점역":1,
            "1시간이내주요거점역":6,
            "3km이내백화점수":0,
            "5km이내아울렛몰수":2,
            "1km이내대형먀트수":0,
            "500m이내은행수":1,
            "500m이내병원수":40,
            "5km이내대형병원수":3,
            "500m이내공원수":5,
            "3km이내혐오시설수":0,
            "초등학교학업성취도":82.16,
            "중학교학업성취도":66.9,
            "용적률":157,
            "건폐율":31,
            "Y":37.65788,
            "X":126.84035,
            "rank":73.0,
            "area_info":"14평(48.38), 14평(49.15), 16평(54.84), 17평(57.36), 18평(62.65), 19평(63.28), 19평(64.9), 19평(65.83), 19평(65.65), 21평(70.05), 21평(70.12), 21평(71.64)",
            "last_sales":"2020-07-24,17300.0,21평(71.64)"
        },
        {
            "index":568,
            "아파트명":"햇빛24단지일신건영,동신",
            "투자타입":"일반",
            "전용면적(m2)":"125.63",
            "전용면적(평)":"38평",
            "법정동주소":"경기도 고양시 덕양구 행신동 958",
            "도로명주소":"경기도 고양시 덕양구 화신로 106",
            "세대수":90,
            "입주년차":0,
            "용적률점수":"--",
            "건폐율점수":"--",
            "세대당주차수":60,
            "난방방식":100,
            "공급면적":"--",
            "전용률":"--",
            "욕실수":100,
            "현관타입":100,
            "주거총점":70.5,
            "지역구공급총점":0.0,
            "역세권":0,
            "30분내 이동가능 거점":20,
            "1시간내 이동가능 거점":70,
            "교통총점":20.0,
            "백화점":0,
            "아울렛몰":80,
            "대형마트":80,
            "은행":0,
            "병원":60,
            "종합병원":100,
            "공원":100,
            "혐오시설":0,
            "인프라총점":49.0,
            "초등학군":86.65,
            "중학군":51.06,
            "학군총점":58.178,
            "인구수":53.57,
            "인구증감":25.08,
            "인구총점":45.023,
            "일자리":5.0,
            "소득수준":51.54,
            "일자리총점":18.962,
            "가치 총점":44.5267,
            "매매실거래년":20211011.0,
            "매매실거래가":89500.0,
            "전세실거래년":null,
            "전세실거래가":null,
            "전세가율":null,
            "장기전세가율평균":74.41,
            "전세가율거품지수":null,
            "검색코드":9970,
            "세대수":916.0,
            "준공년월":"1997-02-16",
            "준공년차":26.0,
            "가까운역이름":"강매",
            "가까운역거리":1063.13,
            "역세권여부":"비역세권",
            "30분이내주요거점역":1,
            "1시간이내주요거점역":7,
            "3km이내백화점수":0,
            "5km이내아울렛몰수":1,
            "1km이내대형먀트수":1,
            "500m이내은행수":1,
            "500m이내병원수":23,
            "5km이내대형병원수":2,
            "500m이내공원수":8,
            "3km이내혐오시설수":0,
            "초등학교학업성취도":86.65,
            "중학교학업성취도":82.1,
            "용적률":229,
            "건폐율":8,
            "Y":37.621746,
            "X":126.841247,
            "rank":74.0,
            "area_info":"38평(125.63), 38평(125.63), 49평(163.54), 49평(163.54), 59평(196.57), 59평(196.57)",
            "last_sales":"2021-10-11,89500.0,59평(196.57)"
        },
        {
            "index":412,
            "아파트명":"대림2차",
            "투자타입":"일반",
            "전용면적(m2)":"83.29",
            "전용면적(평)":"25평",
            "법정동주소":"경기도 고양시 덕양구 토당동 259",
            "도로명주소":"경기도 고양시 덕양구 토당로 123",
            "세대수":50,
            "입주년차":0,
            "용적률점수":"--",
            "건폐율점수":"--",
            "세대당주차수":30,
            "난방방식":100,
            "공급면적":"--",
            "전용률":"--",
            "욕실수":50,
            "현관타입":10,
            "주거총점":38.0,
            "지역구공급총점":0.0,
            "역세권":50,
            "30분내 이동가능 거점":40,
            "1시간내 이동가능 거점":80,
            "교통총점":53.0,
            "백화점":0,
            "아울렛몰":100,
            "대형마트":0,
            "은행":0,
            "병원":30,
            "종합병원":100,
            "공원":80,
            "혐오시설":0,
            "인프라총점":35.4,
            "초등학군":86.82,
            "중학군":39.76,
            "학군총점":49.172,
            "인구수":53.57,
            "인구증감":25.08,
            "인구총점":45.023,
            "일자리":5.0,
            "소득수준":51.54,
            "일자리총점":18.962,
            "가치 총점":44.1458,
            "매매실거래년":20211120.0,
            "매매실거래가":57500.0,
            "전세실거래년":20211231.0,
            "전세실거래가":31000.0,
            "전세가율":53.91,
            "장기전세가율평균":74.41,
            "전세가율거품지수":20.5,
            "검색코드":2607,
            "세대수":640.0,
            "준공년월":"1997-07-28",
            "준공년차":26.0,
            "가까운역이름":"대곡",
            "가까운역거리":735.57,
            "역세권여부":"준역세권",
            "30분이내주요거점역":2,
            "1시간이내주요거점역":8,
            "3km이내백화점수":0,
            "5km이내아울렛몰수":3,
            "1km이내대형먀트수":0,
            "500m이내은행수":0,
            "500m이내병원수":5,
            "5km이내대형병원수":3,
            "500m이내공원수":1,
            "3km이내혐오시설수":0,
            "초등학교학업성취도":86.82,
            "중학교학업성취도":64.4,
            "용적률":222,
            "건폐율":24,
            "Y":37.626609,
            "X":126.816468,
            "rank":75.0,
            "area_info":"25평(83.29), 32평(106.6)",
            "last_sales":"2021-11-20,57500.0,25평(83.29)"
        },
        {
            "index":624,
            "아파트명":"달빛2단지부영",
            "투자타입":"일반",
            "전용면적(m2)":"67.99",
            "전용면적(평)":"20평",
            "법정동주소":"경기도 고양시 덕양구 화정동 851",
            "도로명주소":"경기도 고양시 덕양구 화중로 222",
            "세대수":90,
            "입주년차":0,
            "용적률점수":"--",
            "건폐율점수":"--",
            "세대당주차수":60,
            "난방방식":100,
            "공급면적":"--",
            "전용률":"--",
            "욕실수":50,
            "현관타입":10,
            "주거총점":56.5,
            "지역구공급총점":0.0,
            "역세권":50,
            "30분내 이동가능 거점":0,
            "1시간내 이동가능 거점":60,
            "교통총점":37.0,
            "백화점":0,
            "아울렛몰":100,
            "대형마트":0,
            "은행":0,
            "병원":30,
            "종합병원":100,
            "공원":100,
            "혐오시설":0,
            "인프라총점":36.0,
            "초등학군":86.34,
            "중학군":52.94,
            "학군총점":59.62,
            "인구수":53.57,
            "인구증감":25.08,
            "인구총점":45.023,
            "일자리":5.0,
            "소득수준":51.54,
            "일자리총점":18.962,
            "가치 총점":43.993,
            "매매실거래년":20211202.0,
            "매매실거래가":31700.0,
            "전세실거래년":20220115.0,
            "전세실거래가":17320.0,
            "전세가율":54.64,
            "장기전세가율평균":74.41,
            "전세가율거품지수":19.77,
            "검색코드":10444,
            "세대수":1391.0,
            "준공년월":"1996-07-20",
            "준공년차":27.0,
            "가까운역이름":"원당",
            "가까운역거리":811.63,
            "역세권여부":"준역세권",
            "30분이내주요거점역":0,
            "1시간이내주요거점역":6,
            "3km이내백화점수":0,
            "5km이내아울렛몰수":2,
            "1km이내대형먀트수":0,
            "500m이내은행수":1,
            "500m이내병원수":5,
            "5km이내대형병원수":3,
            "500m이내공원수":5,
            "3km이내혐오시설수":0,
            "초등학교학업성취도":86.34,
            "중학교학업성취도":86.3,
            "용적률":0,
            "건폐율":0,
            "Y":37.647399,
            "X":126.837657,
            "rank":76.0,
            "area_info":"20평(67.99), 24평(81.11)",
            "last_sales":"2021-12-02,31700.0,20평(67.99)"
        },
        {
            "index":488,
            "아파트명":"서정마을11단지중흥에스클래스",
            "투자타입":"일반",
            "전용면적(m2)":"109.34",
            "전용면적(평)":"33평",
            "법정동주소":"경기도 고양시 덕양구 행신동 1113",
            "도로명주소":"경기도 고양시 덕양구 소원로 252",
            "세대수":0,
            "입주년차":60,
            "용적률점수":"--",
            "건폐율점수":"--",
            "세대당주차수":30,
            "난방방식":100,
            "공급면적":"--",
            "전용률":"--",
            "욕실수":100,
            "현관타입":100,
            "주거총점":46.5,
            "지역구공급총점":0.0,
            "역세권":50,
            "30분내 이동가능 거점":20,
            "1시간내 이동가능 거점":100,
            "교통총점":51.0,
            "백화점":0,
            "아울렛몰":80,
            "대형마트":0,
            "은행":0,
            "병원":0,
            "종합병원":80,
            "공원":100,
            "혐오시설":0,
            "인프라총점":27.0,
            "초등학군":85.33,
            "중학군":50.32,
            "학군총점":57.322,
            "인구수":53.57,
            "인구증감":25.08,
            "인구총점":45.023,
            "일자리":5.0,
            "소득수준":51.54,
            "일자리총점":18.962,
            "가치 총점":43.8483,
            "매매실거래년":"18000101",
            "매매실거래가":null,
            "전세실거래년":null,
            "전세실거래가":null,
            "전세가율":null,
            "장기전세가율평균":74.41,
            "전세가율거품지수":null,
            "검색코드":100755,
            "세대수":102.0,
            "준공년월":"2009-12-01",
            "준공년차":14.0,
            "가까운역이름":"강매",
            "가까운역거리":741.56,
            "역세권여부":"준역세권",
            "30분이내주요거점역":1,
            "1시간이내주요거점역":10,
            "3km이내백화점수":0,
            "5km이내아울렛몰수":1,
            "1km이내대형먀트수":0,
            "500m이내은행수":0,
            "500m이내병원수":1,
            "5km이내대형병원수":1,
            "500m이내공원수":6,
            "3km이내혐오시설수":0,
            "초등학교학업성취도":85.33,
            "중학교학업성취도":81.4,
            "용적률":96,
            "건폐율":34,
            "Y":37.613458,
            "X":126.851517,
            "rank":77.0,
            "area_info":"33평(109.34), 33평(109.5), 33평(109.35), 33평(110.19), 33평(110.15)",
            "last_sales":"1800-01-01,nan,33평(109.34)"
        },
        {
            "index":421,
            "아파트명":"토당금강KCC",
            "투자타입":"일반",
            "전용면적(m2)":"96.02",
            "전용면적(평)":"29평",
            "법정동주소":"경기도 고양시 덕양구 토당동 80",
            "도로명주소":"경기도 고양시 덕양구 토당로162번길 14",
            "세대수":30,
            "입주년차":40,
            "용적률점수":"--",
            "건폐율점수":"--",
            "세대당주차수":30,
            "난방방식":30,
            "공급면적":"--",
            "전용률":"--",
            "욕실수":100,
            "현관타입":100,
            "주거총점":46.0,
            "지역구공급총점":0.0,
            "역세권":50,
            "30분내 이동가능 거점":20,
            "1시간내 이동가능 거점":80,
            "교통총점":47.0,
            "백화점":0,
            "아울렛몰":100,
            "대형마트":0,
            "은행":0,
            "병원":30,
            "종합병원":100,
            "공원":100,
            "혐오시설":0,
            "인프라총점":36.0,
            "초등학군":86.82,
            "중학군":39.76,
            "학군총점":49.172,
            "인구수":53.57,
            "인구증감":25.08,
            "인구총점":45.023,
            "일자리":5.0,
            "소득수준":51.54,
            "일자리총점":18.962,
            "가치 총점":43.8258,
            "매매실거래년":20211216.0,
            "매매실거래가":60000.0,
            "전세실거래년":20211209.0,
            "전세실거래가":25000.0,
            "전세가율":41.67,
            "장기전세가율평균":74.41,
            "전세가율거품지수":32.74,
            "검색코드":8884,
            "세대수":380.0,
            "준공년월":"2004-06-07",
            "준공년차":19.0,
            "가까운역이름":"대곡",
            "가까운역거리":928.47,
            "역세권여부":"준역세권",
            "30분이내주요거점역":1,
            "1시간이내주요거점역":8,
            "3km이내백화점수":0,
            "5km이내아울렛몰수":3,
            "1km이내대형먀트수":0,
            "500m이내은행수":0,
            "500m이내병원수":8,
            "5km이내대형병원수":3,
            "500m이내공원수":3,
            "3km이내혐오시설수":0,
            "초등학교학업성취도":86.82,
            "중학교학업성취도":64.4,
            "용적률":299,
            "건폐율":17,
            "Y":37.627457,
            "X":126.820159,
            "rank":78.0,
            "area_info":"29평(96.02), 32평(107.78), 32평(108.53)",
            "last_sales":"2021-12-16,60000.0,29평(96.02)"
        },
        {
            "index":500,
            "아파트명":"소만2단지신안",
            "투자타입":"일반",
            "전용면적(m2)":"103.65",
            "전용면적(평)":"31평",
            "법정동주소":"경기도 고양시 덕양구 행신동 798",
            "도로명주소":"경기도 고양시 덕양구 충경로 142",
            "세대수":0,
            "입주년차":0,
            "용적률점수":"--",
            "건폐율점수":"--",
            "세대당주차수":0,
            "난방방식":100,
            "공급면적":"--",
            "전용률":"--",
            "욕실수":100,
            "현관타입":100,
            "주거총점":30.0,
            "지역구공급총점":0.0,
            "역세권":50,
            "30분내 이동가능 거점":40,
            "1시간내 이동가능 거점":90,
            "교통총점":55.0,
            "백화점":0,
            "아울렛몰":80,
            "대형마트":0,
            "은행":0,
            "병원":60,
            "종합병원":80,
            "공원":100,
            "혐오시설":0,
            "인프라총점":33.0,
            "초등학군":85.33,
            "중학군":50.32,
            "학군총점":57.322,
            "인구수":53.57,
            "인구증감":25.08,
            "인구총점":45.023,
            "일자리":5.0,
            "소득수준":51.54,
            "일자리총점":18.962,
            "가치 총점":43.7483,
            "매매실거래년":20211113.0,
            "매매실거래가":60000.0,
            "전세실거래년":20210929.0,
            "전세실거래가":50000.0,
            "전세가율":84.03,
            "장기전세가율평균":74.41,
            "전세가율거품지수":-9.62,
            "검색코드":1542,
            "세대수":150.0,
            "준공년월":"1996-03-15",
            "준공년차":27.0,
            "가까운역이름":"강매",
            "가까운역거리":509.33,
            "역세권여부":"준역세권",
            "30분이내주요거점역":2,
            "1시간이내주요거점역":9,
            "3km이내백화점수":0,
            "5km이내아울렛몰수":1,
            "1km이내대형먀트수":0,
            "500m이내은행수":1,
            "500m이내병원수":25,
            "5km이내대형병원수":1,
            "500m이내공원수":8,
            "3km이내혐오시설수":0,
            "초등학교학업성취도":85.33,
            "중학교학업성취도":81.4,
            "용적률":195,
            "건폐율":21,
            "Y":37.61628,
            "X":126.846116,
            "rank":79.0,
            "area_info":"31평(103.65), 31평(103.58)",
            "last_sales":"2021-11-13,60000.0,31평(103.58)"
        },
        {
            "index":414,
            "아파트명":"삼윤",
            "투자타입":"재건축",
            "전용면적(m2)":"75.19",
            "전용면적(평)":"22평",
            "법정동주소":"경기도 고양시 덕양구 토당동 879",
            "도로명주소":"경기도 고양시 덕양구 행당로11번길 16",
            "세대수":0,
            "입주년차":"--",
            "용적률점수":0,
            "건폐율점수":0,
            "세대당주차수":"--",
            "난방방식":"--",
            "공급면적":50,
            "전용률":60,
            "욕실수":"--",
            "현관타입":"--",
            "주거총점":5.5,
            "지역구공급총점":0.0,
            "역세권":50,
            "30분내 이동가능 거점":40,
            "1시간내 이동가능 거점":100,
            "교통총점":57.0,
            "백화점":0,
            "아울렛몰":100,
            "대형마트":80,
            "은행":0,
            "병원":60,
            "종합병원":100,
            "공원":100,
            "혐오시설":0,
            "인프라총점":51.0,
            "초등학군":86.75,
            "중학군":39.76,
            "학군총점":49.158,
            "인구수":53.57,
            "인구증감":25.08,
            "인구총점":45.023,
            "일자리":5.0,
            "소득수준":51.54,
            "일자리총점":18.962,
            "가치 총점":43.7237,
            "매매실거래년":20210712.0,
            "매매실거래가":41500.0,
            "전세실거래년":20210406.0,
            "전세실거래가":15000.0,
            "전세가율":75.0,
            "장기전세가율평균":74.41,
            "전세가율거품지수":-0.59,
            "검색코드":1524,
            "세대수":249.0,
            "준공년월":"1991-11-30",
            "준공년차":32.0,
            "가까운역이름":"능곡",
            "가까운역거리":569.63,
            "역세권여부":"준역세권",
            "30분이내주요거점역":2,
            "1시간이내주요거점역":10,
            "3km이내백화점수":0,
            "5km이내아울렛몰수":3,
            "1km이내대형먀트수":1,
            "500m이내은행수":0,
            "500m이내병원수":13,
            "5km이내대형병원수":2,
            "500m이내공원수":7,
            "3km이내혐오시설수":0,
            "초등학교학업성취도":86.75,
            "중학교학업성취도":64.4,
            "용적률":294,
            "건폐율":40,
            "Y":37.620559,
            "X":126.826861,
            "rank":80.0,
            "area_info":"22평(75.19), 27평(90.66), 29평(96.98), 34평(112.46)",
            "last_sales":"2021-07-12,41500.0,34평(112.46)"
        },
        {
            "index":398,
            "아파트명":"내안애양우",
            "투자타입":"일반",
            "전용면적(m2)":"106.26",
            "전용면적(평)":"32평",
            "법정동주소":"경기도 고양시 덕양구 토당동 250",
            "도로명주소":"경기도 고양시 덕양구 토당로 131-24",
            "세대수":0,
            "입주년차":40,
            "용적률점수":"--",
            "건폐율점수":"--",
            "세대당주차수":30,
            "난방방식":30,
            "공급면적":"--",
            "전용률":"--",
            "욕실수":100,
            "현관타입":100,
            "주거총점":35.5,
            "지역구공급총점":0.0,
            "역세권":50,
            "30분내 이동가능 거점":40,
            "1시간내 이동가능 거점":80,
            "교통총점":53.0,
            "백화점":0,
            "아울렛몰":100,
            "대형마트":0,
            "은행":0,
            "병원":30,
            "종합병원":100,
            "공원":80,
            "혐오시설":0,
            "인프라총점":35.4,
            "초등학군":86.82,
            "중학군":39.76,
            "학군총점":49.172,
            "인구수":53.57,
            "인구증감":25.08,
            "인구총점":45.023,
            "일자리":5.0,
            "소득수준":51.54,
            "일자리총점":18.962,
            "가치 총점":43.6458,
            "매매실거래년":20210720.0,
            "매매실거래가":63000.0,
            "전세실거래년":20211218.0,
            "전세실거래가":26000.0,
            "전세가율":41.27,
            "장기전세가율평균":74.41,
            "전세가율거품지수":33.14,
            "검색코드":10379,
            "세대수":296.0,
            "준공년월":"2005-06-03",
            "준공년차":18.0,
            "가까운역이름":"대곡",
            "가까운역거리":755.38,
            "역세권여부":"준역세권",
            "30분이내주요거점역":2,
            "1시간이내주요거점역":8,
            "3km이내백화점수":0,
            "5km이내아울렛몰수":3,
            "1km이내대형먀트수":0,
            "500m이내은행수":0,
            "500m이내병원수":5,
            "5km이내대형병원수":4,
            "500m이내공원수":1,
            "3km이내혐오시설수":0,
            "초등학교학업성취도":86.82,
            "중학교학업성취도":64.4,
            "용적률":299,
            "건폐율":20,
            "Y":37.627533,
            "X":126.81787,
            "rank":81.0,
            "area_info":"32평(106.26)",
            "last_sales":"2021-07-20,63000.0,32평(106.26)"
        },
        {
            "index":484,
            "아파트명":"서정6단지휴먼시아",
            "투자타입":"일반",
            "전용면적(m2)":"159.56",
            "전용면적(평)":"48평",
            "법정동주소":"경기도 고양시 덕양구 행신동 1092",
            "도로명주소":"경기도 고양시 덕양구 서정로 19",
            "세대수":0,
            "입주년차":60,
            "용적률점수":"--",
            "건폐율점수":"--",
            "세대당주차수":80,
            "난방방식":100,
            "공급면적":"--",
            "전용률":"--",
            "욕실수":100,
            "현관타입":100,
            "주거총점":54.0,
            "지역구공급총점":0.0,
            "역세권":50,
            "30분내 이동가능 거점":0,
            "1시간내 이동가능 거점":90,
            "교통총점":43.0,
            "백화점":0,
            "아울렛몰":80,
            "대형마트":0,
            "은행":0,
            "병원":30,
            "종합병원":80,
            "공원":100,
            "혐오시설":0,
            "인프라총점":30.0,
            "초등학군":88.79,
            "중학군":50.32,
            "학군총점":58.014,
            "인구수":53.57,
            "인구증감":25.08,
            "인구총점":45.023,
            "일자리":5.0,
            "소득수준":51.54,
            "일자리총점":18.962,
            "가치 총점":43.5521,
            "매매실거래년":20210810.0,
            "매매실거래가":93700.0,
            "전세실거래년":20211226.0,
            "전세실거래가":53000.0,
            "전세가율":63.1,
            "장기전세가율평균":74.41,
            "전세가율거품지수":11.31,
            "검색코드":27795,
            "세대수":214.0,
            "준공년월":"2009-10-15",
            "준공년차":14.0,
            "가까운역이름":"강매",
            "가까운역거리":989.14,
            "역세권여부":"준역세권",
            "30분이내주요거점역":0,
            "1시간이내주요거점역":9,
            "3km이내백화점수":0,
            "5km이내아울렛몰수":1,
            "1km이내대형먀트수":0,
            "500m이내은행수":1,
            "500m이내병원수":9,
            "5km이내대형병원수":1,
            "500m이내공원수":7,
            "3km이내혐오시설수":0,
            "초등학교학업성취도":88.79,
            "중학교학업성취도":81.4,
            "용적률":169,
            "건폐율":23,
            "Y":37.618154,
            "X":126.851694,
            "rank":82.0,
            "area_info":"48평(159.56), 49평(162.17), 49평(164.04), 51평(171.27)",
            "last_sales":"2021-08-10,93700.0,51평(171.27)"
        },
        {
            "index":363,
            "아파트명":"고양주교세창짜임",
            "투자타입":"일반",
            "전용면적(m2)":"96.26",
            "전용면적(평)":"29평",
            "법정동주소":"경기도 고양시 덕양구 주교동 620-5",
            "도로명주소":"경기도 고양시 덕양구 호국로 803",
            "세대수":0,
            "입주년차":40,
            "용적률점수":"--",
            "건폐율점수":"--",
            "세대당주차수":80,
            "난방방식":30,
            "공급면적":"--",
            "전용률":"--",
            "욕실수":100,
            "현관타입":100,
            "주거총점":43.0,
            "지역구공급총점":0.0,
            "역세권":50,
            "30분내 이동가능 거점":0,
            "1시간내 이동가능 거점":60,
            "교통총점":37.0,
            "백화점":0,
            "아울렛몰":100,
            "대형마트":0,
            "은행":70,
            "병원":80,
            "종합병원":100,
            "공원":100,
            "혐오시설":0,
            "인프라총점":48.0,
            "초등학군":87.42,
            "중학군":40.78,
            "학군총점":50.108,
            "인구수":53.57,
            "인구증감":25.08,
            "인구총점":45.023,
            "일자리":5.0,
            "소득수준":51.54,
            "일자리총점":18.962,
            "가치 총점":43.4662,
            "매매실거래년":20210608.0,
            "매매실거래가":39000.0,
            "전세실거래년":20211109.0,
            "전세실거래가":18900.0,
            "전세가율":65.17,
            "장기전세가율평균":74.41,
            "전세가율거품지수":9.24,
            "검색코드":18928,
            "세대수":109.0,
            "준공년월":"2006-09-19",
            "준공년차":17.0,
            "가까운역이름":"원당",
            "가까운역거리":717.48,
            "역세권여부":"준역세권",
            "30분이내주요거점역":0,
            "1시간이내주요거점역":6,
            "3km이내백화점수":0,
            "5km이내아울렛몰수":2,
            "1km이내대형먀트수":0,
            "500m이내은행수":3,
            "500m이내병원수":48,
            "5km이내대형병원수":4,
            "500m이내공원수":9,
            "3km이내혐오시설수":0,
            "초등학교학업성취도":87.42,
            "중학교학업성취도":66.9,
            "용적률":556,
            "건폐율":69,
            "Y":37.657664,
            "X":126.83701,
            "rank":83.0,
            "area_info":"29평(96.26), 32평(106.84), 32평(106.71), 35평(115.93), 35평(116.54)",
            "last_sales":"2021-06-08,39000.0,35평(116.54)"
        },
        {
            "index":322,
            "아파트명":"삼송우미라피아노(619,도시형)",
            "투자타입":"일반",
            "전용면적(m2)":"121.96",
            "전용면적(평)":"36평",
            "법정동주소":"경기도 고양시 덕양구 오금동 619",
            "도로명주소":"경기도 고양시 덕양구 오금1로 92",
            "세대수":0,
            "입주년차":100,
            "용적률점수":"--",
            "건폐율점수":"--",
            "세대당주차수":0,
            "난방방식":30,
            "공급면적":"--",
            "전용률":"--",
            "욕실수":100,
            "현관타입":100,
            "주거총점":43.0,
            "지역구공급총점":0.0,
            "역세권":50,
            "30분내 이동가능 거점":0,
            "1시간내 이동가능 거점":60,
            "교통총점":37.0,
            "백화점":0,
            "아울렛몰":100,
            "대형마트":80,
            "은행":0,
            "병원":0,
            "종합병원":100,
            "공원":100,
            "혐오시설":0,
            "인프라총점":45.0,
            "초등학군":85.4,
            "중학군":47.82,
            "학군총점":55.336,
            "인구수":53.57,
            "인구증감":25.08,
            "인구총점":45.023,
            "일자리":5.0,
            "소득수준":51.54,
            "일자리총점":18.962,
            "가치 총점":43.3504,
            "매매실거래년":"18000101",
            "매매실거래가":null,
            "전세실거래년":null,
            "전세실거래가":null,
            "전세가율":null,
            "장기전세가율평균":74.41,
            "전세가율거품지수":null,
            "검색코드":131250,
            "세대수":113.0,
            "준공년월":"2021-10-01",
            "준공년차":2.0,
            "가까운역이름":"삼송",
            "가까운역거리":901.61,
            "역세권여부":"준역세권",
            "30분이내주요거점역":0,
            "1시간이내주요거점역":6,
            "3km이내백화점수":0,
            "5km이내아울렛몰수":2,
            "1km이내대형먀트수":1,
            "500m이내은행수":0,
            "500m이내병원수":0,
            "5km이내대형병원수":2,
            "500m이내공원수":2,
            "3km이내혐오시설수":0,
            "초등학교학업성취도":85.4,
            "중학교학업성취도":75.5,
            "용적률":0,
            "건폐율":0,
            "Y":37.658631,
            "X":126.903027,
            "rank":84.0,
            "area_info":"36평(121.96), 37평(123.5), 37평(123.5), 37평(124.38), 37평(124.42)",
            "last_sales":"1800-01-01,nan,36평(121.96)"
        },
        {
            "index":418,
            "아파트명":"장미8차",
            "투자타입":"일반",
            "전용면적(m2)":"80.59",
            "전용면적(평)":"24평",
            "법정동주소":"경기도 고양시 덕양구 토당동 873",
            "도로명주소":"경기도 고양시 덕양구 행당로11번길 25-6",
            "세대수":0,
            "입주년차":0,
            "용적률점수":"--",
            "건폐율점수":"--",
            "세대당주차수":0,
            "난방방식":30,
            "공급면적":"--",
            "전용률":"--",
            "욕실수":50,
            "현관타입":100,
            "주거총점":18.0,
            "지역구공급총점":0.0,
            "역세권":50,
            "30분내 이동가능 거점":20,
            "1시간내 이동가능 거점":100,
            "교통총점":51.0,
            "백화점":0,
            "아울렛몰":100,
            "대형마트":80,
            "은행":0,
            "병원":30,
            "종합병원":100,
            "공원":100,
            "혐오시설":0,
            "인프라총점":48.0,
            "초등학군":86.75,
            "중학군":39.76,
            "학군총점":49.158,
            "인구수":53.57,
            "인구증감":25.08,
            "인구총점":45.023,
            "일자리":5.0,
            "소득수준":51.54,
            "일자리총점":18.962,
            "가치 총점":43.2237,
            "매매실거래년":20210714.0,
            "매매실거래가":27000.0,
            "전세실거래년":20210111.0,
            "전세실거래가":18000.0,
            "전세가율":66.67,
            "장기전세가율평균":74.41,
            "전세가율거품지수":7.74,
            "검색코드":2608,
            "세대수":128.0,
            "준공년월":"1993-08-28",
            "준공년차":30.0,
            "가까운역이름":"능곡",
            "가까운역거리":584.12,
            "역세권여부":"준역세권",
            "30분이내주요거점역":1,
            "1시간이내주요거점역":10,
            "3km이내백화점수":0,
            "5km이내아울렛몰수":3,
            "1km이내대형먀트수":1,
            "500m이내은행수":0,
            "500m이내병원수":8,
            "5km이내대형병원수":2,
            "500m이내공원수":5,
            "3km이내혐오시설수":0,
            "초등학교학업성취도":86.75,
            "중학교학업성취도":64.4,
            "용적률":307,
            "건폐율":27,
            "Y":37.621626,
            "X":126.82638,
            "rank":85.0,
            "area_info":"24평(80.59), 32평(106.96), 48평(158.82)",
            "last_sales":"2021-07-14,27000.0,24평(80.59)"
        },
        {
            "index":262,
            "아파트명":"신원당9단지태영",
            "투자타입":"일반",
            "전용면적(m2)":"46.23",
            "전용면적(평)":"13평",
            "법정동주소":"경기도 고양시 덕양구 성사동 725",
            "도로명주소":"경기도 고양시 덕양구 고양대로1384번길 30",
            "세대수":50,
            "입주년차":0,
            "용적률점수":"--",
            "건폐율점수":"--",
            "세대당주차수":0,
            "난방방식":100,
            "공급면적":"--",
            "전용률":"--",
            "욕실수":50,
            "현관타입":10,
            "주거총점":33.5,
            "지역구공급총점":0.0,
            "역세권":50,
            "30분내 이동가능 거점":20,
            "1시간내 이동가능 거점":60,
            "교통총점":43.0,
            "백화점":0,
            "아울렛몰":100,
            "대형마트":0,
            "은행":0,
            "병원":80,
            "종합병원":100,
            "공원":100,
            "혐오시설":0,
            "인프라총점":41.0,
            "초등학군":87.31,
            "중학군":52.94,
            "학군총점":59.814,
            "인구수":53.57,
            "인구증감":25.08,
            "인구총점":45.023,
            "일자리":5.0,
            "소득수준":51.54,
            "일자리총점":18.962,
            "가치 총점":43.0221,
            "매매실거래년":20211102.0,
            "매매실거래가":27300.0,
            "전세실거래년":20211002.0,
            "전세실거래가":16000.0,
            "전세가율":58.61,
            "장기전세가율평균":74.41,
            "전세가율거품지수":15.8,
            "검색코드":1493,
            "세대수":500.0,
            "준공년월":"1993-06-14",
            "준공년차":30.0,
            "가까운역이름":"원당",
            "가까운역거리":562.1,
            "역세권여부":"준역세권",
            "30분이내주요거점역":1,
            "1시간이내주요거점역":6,
            "3km이내백화점수":0,
            "5km이내아울렛몰수":2,
            "1km이내대형먀트수":0,
            "500m이내은행수":0,
            "500m이내병원수":39,
            "5km이내대형병원수":4,
            "500m이내공원수":5,
            "3km이내혐오시설수":0,
            "초등학교학업성취도":87.31,
            "중학교학업성취도":86.3,
            "용적률":223,
            "건폐율":46,
            "Y":37.65299,
            "X":126.83667,
            "rank":86.0,
            "area_info":"13평(46.23), 13평(46.15), 20평(69.26), 20평(69.13), 24평(82.58)",
            "last_sales":"2021-11-02,27300.0,13평(46.23)"
        },
        {
            "index":260,
            "아파트명":"신원당8단지삼보",
            "투자타입":"재건축",
            "전용면적(m2)":"104.19",
            "전용면적(평)":"31평",
            "법정동주소":"경기도 고양시 덕양구 성사동 726",
            "도로명주소":"경기도 고양시 덕양구 호국로742번길 53",
            "세대수":50,
            "입주년차":"--",
            "용적률점수":0,
            "건폐율점수":100,
            "세대당주차수":"--",
            "난방방식":"--",
            "공급면적":90,
            "전용률":80,
            "욕실수":"--",
            "현관타입":"--",
            "주거총점":43.5,
            "지역구공급총점":0.0,
            "역세권":50,
            "30분내 이동가능 거점":0,
            "1시간내 이동가능 거점":60,
            "교통총점":37.0,
            "백화점":0,
            "아울렛몰":100,
            "대형마트":0,
            "은행":0,
            "병원":80,
            "종합병원":100,
            "공원":100,
            "혐오시설":0,
            "인프라총점":41.0,
            "초등학군":87.31,
            "중학군":52.94,
            "학군총점":59.814,
            "인구수":53.57,
            "인구증감":25.08,
            "인구총점":45.023,
            "일자리":5.0,
            "소득수준":51.54,
            "일자리총점":18.962,
            "가치 총점":42.9221,
            "매매실거래년":20211021.0,
            "매매실거래가":64500.0,
            "전세실거래년":20210529.0,
            "전세실거래가":40000.0,
            "전세가율":71.43,
            "장기전세가율평균":74.41,
            "전세가율거품지수":2.98,
            "검색코드":1490,
            "세대수":480.0,
            "준공년월":"1992-10-09",
            "준공년차":31.0,
            "가까운역이름":"원당",
            "가까운역거리":679.92,
            "역세권여부":"준역세권",
            "30분이내주요거점역":0,
            "1시간이내주요거점역":6,
            "3km이내백화점수":0,
            "5km이내아울렛몰수":2,
            "1km이내대형먀트수":0,
            "500m이내은행수":1,
            "500m이내병원수":42,
            "5km이내대형병원수":4,
            "500m이내공원수":6,
            "3km이내혐오시설수":0,
            "초등학교학업성취도":87.31,
            "중학교학업성취도":86.3,
            "용적률":247,
            "건폐율":19,
            "Y":37.65408,
            "X":126.835377,
            "rank":87.0,
            "area_info":"31평(104.19), 41평(135.82)",
            "last_sales":"2021-10-21,64500.0,41평(135.82)"
        },
        {
            "index":368,
            "아파트명":"대동피렌체",
            "투자타입":"일반",
            "전용면적(m2)":"113.23",
            "전용면적(평)":"34평",
            "법정동주소":"경기도 고양시 덕양구 주교동 615",
            "도로명주소":"경기도 고양시 덕양구 호국로 797",
            "세대수":0,
            "입주년차":40,
            "용적률점수":"--",
            "건폐율점수":"--",
            "세대당주차수":60,
            "난방방식":30,
            "공급면적":"--",
            "전용률":"--",
            "욕실수":100,
            "현관타입":100,
            "주거총점":40.0,
            "지역구공급총점":0.0,
            "역세권":50,
            "30분내 이동가능 거점":0,
            "1시간내 이동가능 거점":60,
            "교통총점":37.0,
            "백화점":0,
            "아울렛몰":100,
            "대형마트":0,
            "은행":70,
            "병원":80,
            "종합병원":100,
            "공원":100,
            "혐오시설":0,
            "인프라총점":48.0,
            "초등학군":87.31,
            "중학군":40.78,
            "학군총점":50.086,
            "인구수":53.57,
            "인구증감":25.08,
            "인구총점":45.023,
            "일자리":5.0,
            "소득수준":51.54,
            "일자리총점":18.962,
            "가치 총점":42.8629,
            "매매실거래년":20200829.0,
            "매매실거래가":28000.0,
            "전세실거래년":20211215.0,
            "전세실거래가":24000.0,
            "전세가율":94.12,
            "장기전세가율평균":74.41,
            "전세가율거품지수":-19.71,
            "검색코드":17663,
            "세대수":126.0,
            "준공년월":"2006-02-28",
            "준공년차":17.0,
            "가까운역이름":"원당",
            "가까운역거리":716.92,
            "역세권여부":"준역세권",
            "30분이내주요거점역":0,
            "1시간이내주요거점역":6,
            "3km이내백화점수":0,
            "5km이내아울렛몰수":2,
            "1km이내대형먀트수":0,
            "500m이내은행수":3,
            "500m이내병원수":45,
            "5km이내대형병원수":4,
            "500m이내공원수":8,
            "3km이내혐오시설수":0,
            "초등학교학업성취도":87.31,
            "중학교학업성취도":66.9,
            "용적률":781,
            "건폐율":69,
            "Y":37.65731,
            "X":126.83664,
            "rank":88.0,
            "area_info":"34평(113.23), 34평(113.4), 34평(113.1), 34평(113.27), 44평(147.93)",
            "last_sales":"2020-08-29,28000.0,44평(147.93)"
        },
        {
            "index":255,
            "아파트명":"신원당6단지태영",
            "투자타입":"일반",
            "전용면적(m2)":"73.51",
            "전용면적(평)":"22평",
            "법정동주소":"경기도 고양시 덕양구 성사동 731",
            "도로명주소":"경기도 고양시 덕양구 호국로742번길 38",
            "세대수":50,
            "입주년차":0,
            "용적률점수":"--",
            "건폐율점수":"--",
            "세대당주차수":80,
            "난방방식":100,
            "공급면적":"--",
            "전용률":"--",
            "욕실수":50,
            "현관타입":10,
            "주거총점":45.5,
            "지역구공급총점":0.0,
            "역세권":50,
            "30분내 이동가능 거점":0,
            "1시간내 이동가능 거점":60,
            "교통총점":37.0,
            "백화점":0,
            "아울렛몰":100,
            "대형마트":0,
            "은행":0,
            "병원":60,
            "종합병원":100,
            "공원":100,
            "혐오시설":0,
            "인프라총점":39.0,
            "초등학군":87.31,
            "중학군":52.94,
            "학군총점":59.814,
            "인구수":53.57,
            "인구증감":25.08,
            "인구총점":45.023,
            "일자리":5.0,
            "소득수준":51.54,
            "일자리총점":18.962,
            "가치 총점":42.7221,
            "매매실거래년":20211009.0,
            "매매실거래가":37500.0,
            "전세실거래년":20211227.0,
            "전세실거래가":17000.0,
            "전세가율":45.33,
            "장기전세가율평균":74.41,
            "전세가율거품지수":29.08,
            "검색코드":1495,
            "세대수":604.0,
            "준공년월":"1993-10-20",
            "준공년차":30.0,
            "가까운역이름":"원당",
            "가까운역거리":735.85,
            "역세권여부":"준역세권",
            "30분이내주요거점역":0,
            "1시간이내주요거점역":6,
            "3km이내백화점수":0,
            "5km이내아울렛몰수":2,
            "1km이내대형먀트수":0,
            "500m이내은행수":1,
            "500m이내병원수":11,
            "5km이내대형병원수":4,
            "500m이내공원수":5,
            "3km이내혐오시설수":0,
            "초등학교학업성취도":87.31,
            "중학교학업성취도":86.3,
            "용적률":228,
            "건폐율":19,
            "Y":37.651814,
            "X":126.834903,
            "rank":89.0,
            "area_info":"22평(73.51), 31평(103.04)",
            "last_sales":"2021-10-09,37500.0,22평(73.51)"
        },
        {
            "index":222,
            "아파트명":"미도7차",
            "투자타입":"재건축",
            "전용면적(m2)":"56.91",
            "전용면적(평)":"17평",
            "법정동주소":"경기도 고양시 덕양구 성사동 422-3",
            "도로명주소":"경기도 고양시 덕양구 마상로 187",
            "세대수":0,
            "입주년차":"--",
            "용적률점수":20,
            "건폐율점수":0,
            "세대당주차수":"--",
            "난방방식":"--",
            "공급면적":50,
            "전용률":60,
            "욕실수":"--",
            "현관타입":"--",
            "주거총점":13.5,
            "지역구공급총점":0.0,
            "역세권":80,
            "30분내 이동가능 거점":20,
            "1시간내 이동가능 거점":80,
            "교통총점":62.0,
            "백화점":0,
            "아울렛몰":100,
            "대형마트":0,
            "은행":0,
            "병원":30,
            "종합병원":100,
            "공원":100,
            "혐오시설":0,
            "인프라총점":36.0,
            "초등학군":82.16,
            "중학군":40.78,
            "학군총점":49.056,
            "인구수":53.57,
            "인구증감":25.08,
            "인구총점":45.023,
            "일자리":5.0,
            "소득수준":51.54,
            "일자리총점":18.962,
            "가치 총점":42.5584,
            "매매실거래년":20210902.0,
            "매매실거래가":41000.0,
            "전세실거래년":20211025.0,
            "전세실거래가":12500.0,
            "전세가율":41.67,
            "장기전세가율평균":74.41,
            "전세가율거품지수":32.74,
            "검색코드":1489,
            "세대수":160.0,
            "준공년월":"1988-05-16",
            "준공년차":35.0,
            "가까운역이름":"원당",
            "가까운역거리":416.93,
            "역세권여부":"역세권",
            "30분이내주요거점역":1,
            "1시간이내주요거점역":8,
            "3km이내백화점수":0,
            "5km이내아울렛몰수":2,
            "1km이내대형먀트수":0,
            "500m이내은행수":1,
            "500m이내병원수":6,
            "5km이내대형병원수":3,
            "500m이내공원수":3,
            "3km이내혐오시설수":0,
            "초등학교학업성취도":82.16,
            "중학교학업성취도":66.9,
            "용적률":219,
            "건폐율":0,
            "Y":37.657068,
            "X":126.843298,
            "rank":90.0,
            "area_info":"17평(56.91), 20평(66.24)",
            "last_sales":"2021-09-02,41000.0,20평(66.24)"
        },
        {
            "index":253,
            "아파트명":"신원당5단지대명",
            "투자타입":"일반",
            "전용면적(m2)":"80.48",
            "전용면적(평)":"24평",
            "법정동주소":"경기도 고양시 덕양구 성사동 730",
            "도로명주소":"경기도 고양시 덕양구 고양대로1384번길 60",
            "세대수":50,
            "입주년차":0,
            "용적률점수":"--",
            "건폐율점수":"--",
            "세대당주차수":0,
            "난방방식":100,
            "공급면적":"--",
            "전용률":"--",
            "욕실수":50,
            "현관타입":10,
            "주거총점":33.5,
            "지역구공급총점":0.0,
            "역세권":50,
            "30분내 이동가능 거점":20,
            "1시간내 이동가능 거점":60,
            "교통총점":43.0,
            "백화점":0,
            "아울렛몰":100,
            "대형마트":0,
            "은행":0,
            "병원":60,
            "종합병원":100,
            "공원":100,
            "혐오시설":0,
            "인프라총점":39.0,
            "초등학군":87.31,
            "중학군":52.94,
            "학군총점":59.814,
            "인구수":53.57,
            "인구증감":25.08,
            "인구총점":45.023,
            "일자리":5.0,
            "소득수준":51.54,
            "일자리총점":18.962,
            "가치 총점":42.4221,
            "매매실거래년":20211014.0,
            "매매실거래가":44000.0,
            "전세실거래년":20220110.0,
            "전세실거래가":20000.0,
            "전세가율":45.45,
            "장기전세가율평균":74.41,
            "전세가율거품지수":28.96,
            "검색코드":1486,
            "세대수":512.0,
            "준공년월":"1993-11-29",
            "준공년차":30.0,
            "가까운역이름":"원당",
            "가까운역거리":634.38,
            "역세권여부":"준역세권",
            "30분이내주요거점역":1,
            "1시간이내주요거점역":6,
            "3km이내백화점수":0,
            "5km이내아울렛몰수":2,
            "1km이내대형먀트수":0,
            "500m이내은행수":1,
            "500m이내병원수":19,
            "5km이내대형병원수":4,
            "500m이내공원수":5,
            "3km이내혐오시설수":0,
            "초등학교학업성취도":87.31,
            "중학교학업성취도":86.3,
            "용적률":229,
            "건폐율":19,
            "Y":37.65178,
            "X":126.836104,
            "rank":91.0,
            "area_info":"24평(80.48), 31평(102.71)",
            "last_sales":"2021-10-14,44000.0,24평(80.48)"
        },
        {
            "index":362,
            "아파트명":"고양원당줌시티(도시형)",
            "투자타입":"일반",
            "전용면적(m2)":"23.34",
            "전용면적(평)":"7평",
            "법정동주소":"경기도 고양시 덕양구 주교동 611-1",
            "도로명주소":"경기도 고양시 덕양구 호국로779번길 25",
            "세대수":0,
            "입주년차":100,
            "용적률점수":"--",
            "건폐율점수":"--",
            "세대당주차수":30,
            "난방방식":30,
            "공급면적":"--",
            "전용률":"--",
            "욕실수":50,
            "현관타입":10,
            "주거총점":33.5,
            "지역구공급총점":0.0,
            "역세권":50,
            "30분내 이동가능 거점":0,
            "1시간내 이동가능 거점":70,
            "교통총점":39.0,
            "백화점":0,
            "아울렛몰":100,
            "대형마트":0,
            "은행":70,
            "병원":80,
            "종합병원":100,
            "공원":100,
            "혐오시설":0,
            "인프라총점":48.0,
            "초등학군":87.31,
            "중학군":40.78,
            "학군총점":50.086,
            "인구수":53.57,
            "인구증감":25.08,
            "인구총점":45.023,
            "일자리":5.0,
            "소득수준":51.54,
            "일자리총점":18.962,
            "가치 총점":42.2629,
            "매매실거래년":20211210.0,
            "매매실거래가":13650.0,
            "전세실거래년":20220112.0,
            "전세실거래가":12500.0,
            "전세가율":91.58,
            "장기전세가율평균":74.41,
            "전세가율거품지수":-17.17,
            "검색코드":126219,
            "세대수":264.0,
            "준공년월":"2020-11-01",
            "준공년차":3.0,
            "가까운역이름":"원당",
            "가까운역거리":880.61,
            "역세권여부":"준역세권",
            "30분이내주요거점역":0,
            "1시간이내주요거점역":7,
            "3km이내백화점수":0,
            "5km이내아울렛몰수":2,
            "1km이내대형먀트수":0,
            "500m이내은행수":3,
            "500m이내병원수":45,
            "5km이내대형병원수":4,
            "500m이내공원수":7,
            "3km이내혐오시설수":0,
            "초등학교학업성취도":87.31,
            "중학교학업성취도":66.9,
            "용적률":0,
            "건폐율":0,
            "Y":37.656669,
            "X":126.833974,
            "rank":92.0,
            "area_info":"7평(23.34)",
            "last_sales":"2021-12-10,13650.0,7평(23.34)"
        },
        {
            "index":544,
            "아파트명":"햇빛20단지주공",
            "투자타입":"일반",
            "전용면적(m2)":"54.54",
            "전용면적(평)":"16평",
            "법정동주소":"경기도 고양시 덕양구 행신동 934",
            "도로명주소":"경기도 고양시 덕양구 충장로152번길 39",
            "세대수":100,
            "입주년차":0,
            "용적률점수":"--",
            "건폐율점수":"--",
            "세대당주차수":0,
            "난방방식":100,
            "공급면적":"--",
            "전용률":"--",
            "욕실수":50,
            "현관타입":10,
            "주거총점":51.0,
            "지역구공급총점":0.0,
            "역세권":0,
            "30분내 이동가능 거점":20,
            "1시간내 이동가능 거점":50,
            "교통총점":16.0,
            "백화점":0,
            "아울렛몰":100,
            "대형마트":100,
            "은행":20,
            "병원":80,
            "종합병원":100,
            "공원":100,
            "혐오시설":0,
            "인프라총점":58.0,
            "초등학군":86.69,
            "중학군":51.06,
            "학군총점":58.186,
            "인구수":53.57,
            "인구증감":25.08,
            "인구총점":45.023,
            "일자리":5.0,
            "소득수준":51.54,
            "일자리총점":18.962,
            "가치 총점":41.9279,
            "매매실거래년":20211022.0,
            "매매실거래가":45000.0,
            "전세실거래년":20211117.0,
            "전세실거래가":15225.0,
            "전세가율":51.61,
            "장기전세가율평균":74.41,
            "전세가율거품지수":22.8,
            "검색코드":1549,
            "세대수":1713.0,
            "준공년월":"1997-06-17",
            "준공년차":26.0,
            "가까운역이름":"화정",
            "가까운역거리":1167.84,
            "역세권여부":"비역세권",
            "30분이내주요거점역":1,
            "1시간이내주요거점역":5,
            "3km이내백화점수":0,
            "5km이내아울렛몰수":2,
            "1km이내대형먀트수":2,
            "500m이내은행수":2,
            "500m이내병원수":35,
            "5km이내대형병원수":2,
            "500m이내공원수":8,
            "3km이내혐오시설수":0,
            "초등학교학업성취도":86.69,
            "중학교학업성취도":82.1,
            "용적률":225,
            "건폐율":14,
            "Y":37.625318,
            "X":126.838874,
            "rank":93.0,
            "area_info":"16평(54.54), 20평(67.52), 22평(73.4), 24평(79.62), 23평(79.24), 25평(82.86), 25평(83.38), 26평(86.04), 26평(89.17)",
            "last_sales":"2021-10-22,45000.0,26평(86.04)"
        },
        {
            "index":257,
            "아파트명":"신원당7단지동신",
            "투자타입":"재건축",
            "전용면적(m2)":"121.38",
            "전용면적(평)":"36평",
            "법정동주소":"경기도 고양시 덕양구 성사동 727",
            "도로명주소":"경기도 고양시 덕양구 호국로 754",
            "세대수":30,
            "입주년차":"--",
            "용적률점수":0,
            "건폐율점수":100,
            "세대당주차수":"--",
            "난방방식":"--",
            "공급면적":100,
            "전용률":80,
            "욕실수":"--",
            "현관타입":"--",
            "주거총점":38.0,
            "지역구공급총점":0.0,
            "역세권":50,
            "30분내 이동가능 거점":0,
            "1시간내 이동가능 거점":60,
            "교통총점":37.0,
            "백화점":0,
            "아울렛몰":100,
            "대형마트":0,
            "은행":0,
            "병원":80,
            "종합병원":100,
            "공원":100,
            "혐오시설":0,
            "인프라총점":41.0,
            "초등학군":87.31,
            "중학군":52.94,
            "학군총점":59.814,
            "인구수":53.57,
            "인구증감":25.08,
            "인구총점":45.023,
            "일자리":5.0,
            "소득수준":51.54,
            "일자리총점":18.962,
            "가치 총점":41.8221,
            "매매실거래년":20220102.0,
            "매매실거래가":65000.0,
            "전세실거래년":20220113.0,
            "전세실거래가":29000.0,
            "전세가율":44.62,
            "장기전세가율평균":74.41,
            "전세가율거품지수":29.79,
            "검색코드":1488,
            "세대수":390.0,
            "준공년월":"1992-11-28",
            "준공년차":31.0,
            "가까운역이름":"원당",
            "가까운역거리":753.31,
            "역세권여부":"준역세권",
            "30분이내주요거점역":0,
            "1시간이내주요거점역":6,
            "3km이내백화점수":0,
            "5km이내아울렛몰수":2,
            "1km이내대형먀트수":0,
            "500m이내은행수":1,
            "500m이내병원수":42,
            "5km이내대형병원수":4,
            "500m이내공원수":6,
            "3km이내혐오시설수":0,
            "초등학교학업성취도":87.31,
            "중학교학업성취도":86.3,
            "용적률":245,
            "건폐율":19,
            "Y":37.653927,
            "X":126.834518,
            "rank":94.0,
            "area_info":"36평(121.38), 47평(157.82), 53평(177.35)",
            "last_sales":"2022-01-02,65000.0,36평(121.38)"
        },
        {
            "index":532,
            "아파트명":"윤창1차",
            "투자타입":"일반",
            "전용면적(m2)":"80.46",
            "전용면적(평)":"24평",
            "법정동주소":"경기도 고양시 덕양구 행신동 633-67",
            "도로명주소":"경기도 고양시 덕양구 충장로103번길 49",
            "세대수":0,
            "입주년차":0,
            "용적률점수":"--",
            "건폐율점수":"--",
            "세대당주차수":30,
            "난방방식":30,
            "공급면적":"--",
            "전용률":"--",
            "욕실수":50,
            "현관타입":10,
            "주거총점":13.5,
            "지역구공급총점":0.0,
            "역세권":50,
            "30분내 이동가능 거점":20,
            "1시간내 이동가능 거점":80,
            "교통총점":47.0,
            "백화점":0,
            "아울렛몰":100,
            "대형마트":80,
            "은행":0,
            "병원":60,
            "종합병원":100,
            "공원":100,
            "혐오시설":0,
            "인프라총점":51.0,
            "초등학군":83.98,
            "중학군":39.76,
            "학군총점":48.604,
            "인구수":53.57,
            "인구증감":25.08,
            "인구총점":45.023,
            "일자리":5.0,
            "소득수준":51.54,
            "일자리총점":18.962,
            "가치 총점":41.7406,
            "매매실거래년":20211113.0,
            "매매실거래가":48500.0,
            "전세실거래년":20211230.0,
            "전세실거래가":26000.0,
            "전세가율":68.42,
            "장기전세가율평균":74.41,
            "전세가율거품지수":5.99,
            "검색코드":1545,
            "세대수":298.0,
            "준공년월":"1996-06-20",
            "준공년차":27.0,
            "가까운역이름":"능곡",
            "가까운역거리":902.02,
            "역세권여부":"준역세권",
            "30분이내주요거점역":1,
            "1시간이내주요거점역":8,
            "3km이내백화점수":0,
            "5km이내아울렛몰수":3,
            "1km이내대형먀트수":1,
            "500m이내은행수":1,
            "500m이내병원수":17,
            "5km이내대형병원수":2,
            "500m이내공원수":6,
            "3km이내혐오시설수":0,
            "초등학교학업성취도":83.98,
            "중학교학업성취도":64.4,
            "용적률":287,
            "건폐율":24,
            "Y":37.621693,
            "X":126.830355,
            "rank":95.0,
            "area_info":"24평(80.46), 31평(105.67)",
            "last_sales":"2021-11-13,48500.0,31평(105.67)"
        },
        {
            "index":534,
            "아파트명":"윤창2차",
            "투자타입":"일반",
            "전용면적(m2)":"84.38",
            "전용면적(평)":"25평",
            "법정동주소":"경기도 고양시 덕양구 행신동 650-78",
            "도로명주소":"경기도 고양시 덕양구 행당로33번길 36",
            "세대수":0,
            "입주년차":0,
            "용적률점수":"--",
            "건폐율점수":"--",
            "세대당주차수":0,
            "난방방식":30,
            "공급면적":"--",
            "전용률":"--",
            "욕실수":50,
            "현관타입":50,
            "주거총점":13.0,
            "지역구공급총점":0.0,
            "역세권":50,
            "30분내 이동가능 거점":20,
            "1시간내 이동가능 거점":80,
            "교통총점":47.0,
            "백화점":0,
            "아울렛몰":100,
            "대형마트":80,
            "은행":0,
            "병원":60,
            "종합병원":100,
            "공원":100,
            "혐오시설":0,
            "인프라총점":51.0,
            "초등학군":85.02,
            "중학군":39.76,
            "학군총점":48.812,
            "인구수":53.57,
            "인구증감":25.08,
            "인구총점":45.023,
            "일자리":5.0,
            "소득수준":51.54,
            "일자리총점":18.962,
            "가치 총점":41.6718,
            "매매실거래년":20210819.0,
            "매매실거래가":32800.0,
            "전세실거래년":20211023.0,
            "전세실거래가":26000.0,
            "전세가율":79.27,
            "장기전세가율평균":74.41,
            "전세가율거품지수":-4.86,
            "검색코드":26161,
            "세대수":100.0,
            "준공년월":"1996-05-29",
            "준공년차":27.0,
            "가까운역이름":"능곡",
            "가까운역거리":792.95,
            "역세권여부":"준역세권",
            "30분이내주요거점역":1,
            "1시간이내주요거점역":8,
            "3km이내백화점수":0,
            "5km이내아울렛몰수":3,
            "1km이내대형먀트수":1,
            "500m이내은행수":1,
            "500m이내병원수":16,
            "5km이내대형병원수":2,
            "500m이내공원수":7,
            "3km이내혐오시설수":0,
            "초등학교학업성취도":85.02,
            "중학교학업성취도":64.4,
            "용적률":340,
            "건폐율":29,
            "Y":37.62071,
            "X":126.82946,
            "rank":96.0,
            "area_info":"25평(84.38), 32평(106.43)",
            "last_sales":"2021-08-19,32800.0,25평(84.38)"
        },
        {
            "index":601,
            "아파트명":"DMC리슈빌더포레스트",
            "투자타입":"일반",
            "전용면적(m2)":"99.12",
            "전용면적(평)":"29평",
            "법정동주소":"경기도 고양시 덕양구 향동동 570",
            "도로명주소":"경기도 고양시 덕양구 향기로 30",
            "세대수":90,
            "입주년차":100,
            "용적률점수":"--",
            "건폐율점수":"--",
            "세대당주차수":30,
            "난방방식":100,
            "공급면적":"--",
            "전용률":"--",
            "욕실수":100,
            "현관타입":100,
            "주거총점":86.0,
            "지역구공급총점":0.0,
            "역세권":0,
            "30분내 이동가능 거점":0,
            "1시간내 이동가능 거점":80,
            "교통총점":16.0,
            "백화점":0,
            "아울렛몰":80,
            "대형마트":0,
            "은행":0,
            "병원":30,
            "종합병원":100,
            "공원":100,
            "혐오시설":-50,
            "인프라총점":33.0,
            "초등학군":94.53,
            "중학군":43.96,
            "학군총점":54.074,
            "인구수":53.57,
            "인구증감":25.08,
            "인구총점":45.023,
            "일자리":5.0,
            "소득수준":51.54,
            "일자리총점":18.962,
            "가치 총점":40.8111,
            "매매실거래년":20211120.0,
            "매매실거래가":91000.0,
            "전세실거래년":20211128.0,
            "전세실거래가":58000.0,
            "전세가율":63.74,
            "장기전세가율평균":74.41,
            "전세가율거품지수":10.67,
            "검색코드":113675,
            "세대수":969.0,
            "준공년월":"2019-02-19",
            "준공년차":4.0,
            "가까운역이름":"수색",
            "가까운역거리":1474.17,
            "역세권여부":"비역세권",
            "30분이내주요거점역":0,
            "1시간이내주요거점역":8,
            "3km이내백화점수":0,
            "5km이내아울렛몰수":1,
            "1km이내대형먀트수":0,
            "500m이내은행수":0,
            "500m이내병원수":5,
            "5km이내대형병원수":2,
            "500m이내공원수":2,
            "3km이내혐오시설수":1,
            "초등학교학업성취도":94.53,
            "중학교학업성취도":69.2,
            "용적률":193,
            "건폐율":16,
            "Y":37.593011,
            "X":126.888972,
            "rank":97.0,
            "area_info":"29평(99.12), 29평(99.12), 32평(107.29), 34평(113.16), 34평(113.27), 34평(113.33)",
            "last_sales":"2021-11-20,91000.0,29평(99.12)"
        },
        {
            "index":426,
            "아파트명":"무궁화",
            "투자타입":"일반",
            "전용면적(m2)":"68.59",
            "전용면적(평)":"20평",
            "법정동주소":"경기도 고양시 덕양구 행신동 634-83",
            "도로명주소":"경기도 고양시 덕양구 충장로103번길 72",
            "세대수":0,
            "입주년차":0,
            "용적률점수":"--",
            "건폐율점수":"--",
            "세대당주차수":60,
            "난방방식":30,
            "공급면적":"--",
            "전용률":"--",
            "욕실수":50,
            "현관타입":10,
            "주거총점":18.0,
            "지역구공급총점":0.0,
            "역세권":50,
            "30분내 이동가능 거점":0,
            "1시간내 이동가능 거점":80,
            "교통총점":41.0,
            "백화점":0,
            "아울렛몰":100,
            "대형마트":80,
            "은행":0,
            "병원":60,
            "종합병원":100,
            "공원":100,
            "혐오시설":0,
            "인프라총점":51.0,
            "초등학군":83.98,
            "중학군":39.76,
            "학군총점":48.604,
            "인구수":53.57,
            "인구증감":25.08,
            "인구총점":45.023,
            "일자리":5.0,
            "소득수준":51.54,
            "일자리총점":18.962,
            "가치 총점":40.5406,
            "매매실거래년":20181026.0,
            "매매실거래가":47000.0,
            "전세실거래년":null,
            "전세실거래가":null,
            "전세가율":null,
            "장기전세가율평균":74.41,
            "전세가율거품지수":null,
            "검색코드":8720,
            "세대수":107.0,
            "준공년월":"1993-10-30",
            "준공년차":30.0,
            "가까운역이름":"능곡",
            "가까운역거리":896.76,
            "역세권여부":"준역세권",
            "30분이내주요거점역":0,
            "1시간이내주요거점역":8,
            "3km이내백화점수":0,
            "5km이내아울렛몰수":3,
            "1km이내대형먀트수":1,
            "500m이내은행수":1,
            "500m이내병원수":15,
            "5km이내대형병원수":2,
            "500m이내공원수":4,
            "3km이내혐오시설수":0,
            "초등학교학업성취도":83.98,
            "중학교학업성취도":64.4,
            "용적률":158,
            "건폐율":29,
            "Y":37.622678,
            "X":126.829716,
            "rank":98.0,
            "area_info":"20평(68.59), 28평(94.9), 28평(95.22), 31평(102.92), 33평(111.6), 36평(121.25), 37평(123.27), 43평(144.89), 45평(149.71), 79평(262.59)",
            "last_sales":"2018-10-26,47000.0,79평(262.59)"
        },
        {
            "index":614,
            "아파트명":"DMC호반베르디움더포레4단지",
            "투자타입":"일반",
            "전용면적(m2)":"96.59",
            "전용면적(평)":"29평",
            "법정동주소":"경기도 고양시 덕양구 향동동 552",
            "도로명주소":"경기도 고양시 덕양구 향기로 77",
            "세대수":90,
            "입주년차":100,
            "용적률점수":"--",
            "건폐율점수":"--",
            "세대당주차수":60,
            "난방방식":100,
            "공급면적":"--",
            "전용률":"--",
            "욕실수":100,
            "현관타입":100,
            "주거총점":90.5,
            "지역구공급총점":0.0,
            "역세권":0,
            "30분내 이동가능 거점":0,
            "1시간내 이동가능 거점":50,
            "교통총점":10.0,
            "백화점":0,
            "아울렛몰":80,
            "대형마트":0,
            "은행":0,
            "병원":60,
            "종합병원":100,
            "공원":100,
            "혐오시설":-50,
            "인프라총점":36.0,
            "초등학군":94.53,
            "중학군":43.96,
            "학군총점":54.074,
            "인구수":53.57,
            "인구증감":25.08,
            "인구총점":45.023,
            "일자리":5.0,
            "소득수준":51.54,
            "일자리총점":18.962,
            "가치 총점":40.5111,
            "매매실거래년":20210927.0,
            "매매실거래가":93500.0,
            "전세실거래년":20211125.0,
            "전세실거래가":42000.0,
            "전세가율":44.92,
            "장기전세가율평균":74.41,
            "전세가율거품지수":29.49,
            "검색코드":113674,
            "세대수":970.0,
            "준공년월":"2019-07-01",
            "준공년차":4.0,
            "가까운역이름":"수색",
            "가까운역거리":1886.87,
            "역세권여부":"비역세권",
            "30분이내주요거점역":0,
            "1시간이내주요거점역":5,
            "3km이내백화점수":0,
            "5km이내아울렛몰수":1,
            "1km이내대형먀트수":0,
            "500m이내은행수":0,
            "500m이내병원수":13,
            "5km이내대형병원수":3,
            "500m이내공원수":6,
            "3km이내혐오시설수":1,
            "초등학교학업성취도":94.53,
            "중학교학업성취도":69.2,
            "용적률":204,
            "건폐율":13,
            "Y":37.597467,
            "X":126.891321,
            "rank":99.0,
            "area_info":"29평(96.59), 34평(113.98), 34평(114.67)",
            "last_sales":"2021-09-27,93500.0,29평(96.59)"
        },
        {
            "index":99,
            "아파트명":"도래울센트럴더포레",
            "투자타입":"일반",
            "전용면적(m2)":"98.45",
            "전용면적(평)":"29평",
            "법정동주소":"경기도 고양시 덕양구 도내동 983",
            "도로명주소":"경기도 고양시 덕양구 도래울로 85",
            "세대수":90,
            "입주년차":80,
            "용적률점수":"--",
            "건폐율점수":"--",
            "세대당주차수":30,
            "난방방식":100,
            "공급면적":"--",
            "전용률":"--",
            "욕실수":100,
            "현관타입":100,
            "주거총점":82.0,
            "지역구공급총점":0.0,
            "역세권":0,
            "30분내 이동가능 거점":0,
            "1시간내 이동가능 거점":60,
            "교통총점":12.0,
            "백화점":0,
            "아울렛몰":100,
            "대형마트":0,
            "은행":0,
            "병원":60,
            "종합병원":100,
            "공원":100,
            "혐오시설":0,
            "인프라총점":39.0,
            "초등학군":86.75,
            "중학군":46.54,
            "학군총점":54.582,
            "인구수":53.57,
            "인구증감":25.08,
            "인구총점":45.023,
            "일자리":5.0,
            "소득수준":51.54,
            "일자리총점":18.962,
            "가치 총점":40.4873,
            "매매실거래년":20211130.0,
            "매매실거래가":72500.0,
            "전세실거래년":null,
            "전세실거래가":null,
            "전세가율":null,
            "장기전세가율평균":74.41,
            "전세가율거품지수":null,
            "검색코드":103879,
            "세대수":1193.0,
            "준공년월":"2014-06-02",
            "준공년차":9.0,
            "가까운역이름":"원흥",
            "가까운역거리":1862.8,
            "역세권여부":"비역세권",
            "30분이내주요거점역":0,
            "1시간이내주요거점역":6,
            "3km이내백화점수":0,
            "5km이내아울렛몰수":2,
            "1km이내대형먀트수":0,
            "500m이내은행수":0,
            "500m이내병원수":12,
            "5km이내대형병원수":3,
            "500m이내공원수":2,
            "3km이내혐오시설수":0,
            "초등학교학업성취도":86.75,
            "중학교학업성취도":75.5,
            "용적률":214,
            "건폐율":20,
            "Y":37.634127,
            "X":126.869213,
            "rank":100.0,
            "area_info":"29평(98.45), 29평(98.45), 29평(98.44), 29평(98.45), 29평(98.45), 29평(98.45), 33평(110.8), 33평(111.52), 33평(111.58), 33평(111.06), 33평(111.53), 33평(111.52), 33평(111.58), 33평(111.45), 33평(111.34), 33평(111.57), 33평(111.58), 33평(111.58), 33평(111.34)",
            "last_sales":"2021-11-30,72500.0,33평(111.58)"
        },
        {
            "index":455,
            "아파트명":"벽산",
            "투자타입":"일반",
            "전용면적(m2)":"85.68",
            "전용면적(평)":"25평",
            "법정동주소":"경기도 고양시 덕양구 행신동 653-38",
            "도로명주소":"경기도 고양시 덕양구 행당로 34-20",
            "세대수":0,
            "입주년차":20,
            "용적률점수":"--",
            "건폐율점수":"--",
            "세대당주차수":0,
            "난방방식":30,
            "공급면적":"--",
            "전용률":"--",
            "욕실수":50,
            "현관타입":10,
            "주거총점":13.0,
            "지역구공급총점":0.0,
            "역세권":50,
            "30분내 이동가능 거점":20,
            "1시간내 이동가능 거점":90,
            "교통총점":49.0,
            "백화점":0,
            "아울렛몰":100,
            "대형마트":0,
            "은행":0,
            "병원":60,
            "종합병원":100,
            "공원":100,
            "혐오시설":0,
            "인프라총점":39.0,
            "초등학군":86.75,
            "중학군":53.54,
            "학군총점":60.182,
            "인구수":53.57,
            "인구증감":25.08,
            "인구총점":45.023,
            "일자리":5.0,
            "소득수준":51.54,
            "일자리총점":18.962,
            "가치 총점":40.4773,
            "매매실거래년":20210831.0,
            "매매실거래가":41000.0,
            "전세실거래년":20211016.0,
            "전세실거래가":19950.0,
            "전세가율":48.66,
            "장기전세가율평균":74.41,
            "전세가율거품지수":25.75,
            "검색코드":8565,
            "세대수":214.0,
            "준공년월":"2000-01-18",
            "준공년차":23.0,
            "가까운역이름":"능곡",
            "가까운역거리":631.76,
            "역세권여부":"준역세권",
            "30분이내주요거점역":1,
            "1시간이내주요거점역":9,
            "3km이내백화점수":0,
            "5km이내아울렛몰수":3,
            "1km이내대형먀트수":0,
            "500m이내은행수":1,
            "500m이내병원수":14,
            "5km이내대형병원수":2,
            "500m이내공원수":9,
            "3km이내혐오시설수":0,
            "초등학교학업성취도":86.75,
            "중학교학업성취도":87.9,
            "용적률":300,
            "건폐율":17,
            "Y":37.618299,
            "X":126.827927,
            "rank":101.0,
            "area_info":"25평(85.68), 32평(107.54), 32평(107.68)",
            "last_sales":"2021-08-31,41000.0,25평(85.68)"
        },
        {
            "index":164,
            "아파트명":"원흥호반베르디움더퍼스트",
            "투자타입":"일반",
            "전용면적(m2)":"96.59",
            "전용면적(평)":"29평",
            "법정동주소":"경기도 고양시 덕양구 도내동 1006",
            "도로명주소":"경기도 고양시 덕양구 도래울로 17",
            "세대수":90,
            "입주년차":80,
            "용적률점수":"--",
            "건폐율점수":"--",
            "세대당주차수":30,
            "난방방식":100,
            "공급면적":"--",
            "전용률":"--",
            "욕실수":100,
            "현관타입":100,
            "주거총점":82.0,
            "지역구공급총점":0.0,
            "역세권":0,
            "30분내 이동가능 거점":0,
            "1시간내 이동가능 거점":70,
            "교통총점":14.0,
            "백화점":0,
            "아울렛몰":100,
            "대형마트":0,
            "은행":0,
            "병원":30,
            "종합병원":100,
            "공원":100,
            "혐오시설":0,
            "인프라총점":36.0,
            "초등학군":88.83,
            "중학군":46.54,
            "학군총점":54.998,
            "인구수":53.57,
            "인구증감":25.08,
            "인구총점":45.023,
            "일자리":5.0,
            "소득수준":51.54,
            "일자리총점":18.962,
            "가치 총점":40.3497,
            "매매실거래년":20211218.0,
            "매매실거래가":78000.0,
            "전세실거래년":20220103.0,
            "전세실거래가":46000.0,
            "전세가율":58.97,
            "장기전세가율평균":74.41,
            "전세가율거품지수":15.44,
            "검색코드":110475,
            "세대수":967.0,
            "준공년월":"2017-09-05",
            "준공년차":6.0,
            "가까운역이름":"원흥",
            "가까운역거리":2536.93,
            "역세권여부":"비역세권",
            "30분이내주요거점역":0,
            "1시간이내주요거점역":7,
            "3km이내백화점수":0,
            "5km이내아울렛몰수":2,
            "1km이내대형먀트수":0,
            "500m이내은행수":0,
            "500m이내병원수":6,
            "5km이내대형병원수":3,
            "500m이내공원수":2,
            "3km이내혐오시설수":0,
            "초등학교학업성취도":88.83,
            "중학교학업성취도":75.5,
            "용적률":204,
            "건폐율":14,
            "Y":37.628457,
            "X":126.866002,
            "rank":102.0,
            "area_info":"29평(96.59), 29평(96.64), 34평(112.44), 34평(113.3), 39평(130.94)",
            "last_sales":"2021-12-18,78000.0,29평(96.59)"
        },
        {
            "index":617,
            "아파트명":"고양향동호반베르디움 B3블록",
            "투자타입":"일반",
            "전용면적(m2)":"96.18",
            "전용면적(평)":"29평",
            "법정동주소":"경기도 고양시 덕양구 향동동 557",
            "도로명주소":"경기도 고양시 덕양구 향기로 25",
            "세대수":80,
            "입주년차":100,
            "용적률점수":"--",
            "건폐율점수":"--",
            "세대당주차수":60,
            "난방방식":100,
            "공급면적":"--",
            "전용률":"--",
            "욕실수":100,
            "현관타입":100,
            "주거총점":87.0,
            "지역구공급총점":0.0,
            "역세권":0,
            "30분내 이동가능 거점":0,
            "1시간내 이동가능 거점":70,
            "교통총점":14.0,
            "백화점":0,
            "아울렛몰":80,
            "대형마트":0,
            "은행":0,
            "병원":30,
            "종합병원":100,
            "공원":100,
            "혐오시설":-50,
            "인프라총점":33.0,
            "초등학군":94.53,
            "중학군":43.96,
            "학군총점":54.074,
            "인구수":53.57,
            "인구증감":25.08,
            "인구총점":45.023,
            "일자리":5.0,
            "소득수준":51.54,
            "일자리총점":18.962,
            "가치 총점":40.3111,
            "매매실거래년":20220104.0,
            "매매실거래가":95000.0,
            "전세실거래년":20211016.0,
            "전세실거래가":35280.0,
            "전세가율":39.2,
            "장기전세가율평균":74.41,
            "전세가율거품지수":35.21,
            "검색코드":113673,
            "세대수":716.0,
            "준공년월":"2019-07-01",
            "준공년차":4.0,
            "가까운역이름":"수색",
            "가까운역거리":1683.02,
            "역세권여부":"비역세권",
            "30분이내주요거점역":0,
            "1시간이내주요거점역":7,
            "3km이내백화점수":0,
            "5km이내아울렛몰수":1,
            "1km이내대형먀트수":0,
            "500m이내은행수":0,
            "500m이내병원수":5,
            "5km이내대형병원수":3,
            "500m이내공원수":4,
            "3km이내혐오시설수":1,
            "초등학교학업성취도":94.53,
            "중학교학업성취도":69.2,
            "용적률":204,
            "건폐율":14,
            "Y":37.595005,
            "X":126.888874,
            "rank":103.0,
            "area_info":"29평(96.18), 34평(113.29), 34평(113.98)",
            "last_sales":"2022-01-04,95000.0,34평(113.29)"
        },
        {
            "index":582,
            "아파트명":"행신SKVIEW2차",
            "투자타입":"일반",
            "전용면적(m2)":"79.56",
            "전용면적(평)":"24평",
            "법정동주소":"경기도 고양시 덕양구 행신동 630",
            "도로명주소":"경기도 고양시 덕양구 행신로143번길 54-8",
            "세대수":0,
            "입주년차":40,
            "용적률점수":"--",
            "건폐율점수":"--",
            "세대당주차수":30,
            "난방방식":30,
            "공급면적":"--",
            "전용률":"--",
            "욕실수":50,
            "현관타입":100,
            "주거총점":30.5,
            "지역구공급총점":0.0,
            "역세권":0,
            "30분내 이동가능 거점":20,
            "1시간내 이동가능 거점":80,
            "교통총점":22.0,
            "백화점":0,
            "아울렛몰":100,
            "대형마트":80,
            "은행":70,
            "병원":80,
            "종합병원":100,
            "공원":100,
            "혐오시설":0,
            "인프라총점":60.0,
            "초등학군":83.98,
            "중학군":49.7,
            "학군총점":56.556,
            "인구수":53.57,
            "인구증감":25.08,
            "인구총점":45.023,
            "일자리":5.0,
            "소득수준":51.54,
            "일자리총점":18.962,
            "가치 총점":40.2834,
            "매매실거래년":20170109.0,
            "매매실거래가":45000.0,
            "전세실거래년":20130124.0,
            "전세실거래가":15000.0,
            "전세가율":null,
            "장기전세가율평균":74.41,
            "전세가율거품지수":null,
            "검색코드":22872,
            "세대수":139.0,
            "준공년월":"2006-02-22",
            "준공년차":17.0,
            "가까운역이름":"행신",
            "가까운역거리":1005.72,
            "역세권여부":"비역세권",
            "30분이내주요거점역":1,
            "1시간이내주요거점역":8,
            "3km이내백화점수":0,
            "5km이내아울렛몰수":3,
            "1km이내대형먀트수":1,
            "500m이내은행수":3,
            "500m이내병원수":37,
            "5km이내대형병원수":2,
            "500m이내공원수":8,
            "3km이내혐오시설수":0,
            "초등학교학업성취도":83.98,
            "중학교학업성취도":80.9,
            "용적률":225,
            "건폐율":23,
            "Y":37.62099,
            "X":126.83203,
            "rank":104.0,
            "area_info":"24평(79.56), 27평(90.92), 29평(95.98), 29평(95.96), 32평(106.99), 44평(145.73)",
            "last_sales":"2017-01-09,45000.0,44평(145.73)"
        },
        {
            "index":607,
            "아파트명":"DMC중흥S클래스더센트럴",
            "투자타입":"일반",
            "전용면적(m2)":"81.02",
            "전용면적(평)":"24평",
            "법정동주소":"경기도 고양시 덕양구 향동동 501",
            "도로명주소":"경기도 고양시 덕양구 향동1로 20",
            "세대수":90,
            "입주년차":100,
            "용적률점수":"--",
            "건폐율점수":"--",
            "세대당주차수":30,
            "난방방식":100,
            "공급면적":"--",
            "전용률":"--",
            "욕실수":100,
            "현관타입":100,
            "주거총점":86.0,
            "지역구공급총점":0.0,
            "역세권":0,
            "30분내 이동가능 거점":0,
            "1시간내 이동가능 거점":40,
            "교통총점":8.0,
            "백화점":0,
            "아울렛몰":100,
            "대형마트":0,
            "은행":0,
            "병원":60,
            "종합병원":100,
            "공원":100,
            "혐오시설":0,
            "인프라총점":39.0,
            "초등학군":100.0,
            "중학군":43.96,
            "학군총점":55.168,
            "인구수":53.57,
            "인구증감":25.08,
            "인구총점":45.023,
            "일자리":5.0,
            "소득수준":51.54,
            "일자리총점":18.962,
            "가치 총점":39.9752,
            "매매실거래년":20220105.0,
            "매매실거래가":76000.0,
            "전세실거래년":20211223.0,
            "전세실거래가":49500.0,
            "전세가율":65.13,
            "장기전세가율평균":74.41,
            "전세가율거품지수":9.28,
            "검색코드":118028,
            "세대수":951.0,
            "준공년월":"2020-03-19",
            "준공년차":3.0,
            "가까운역이름":"응암",
            "가까운역거리":1949.95,
            "역세권여부":"비역세권",
            "30분이내주요거점역":0,
            "1시간이내주요거점역":4,
            "3km이내백화점수":0,
            "5km이내아울렛몰수":2,
            "1km이내대형먀트수":0,
            "500m이내은행수":0,
            "500m이내병원수":10,
            "5km이내대형병원수":3,
            "500m이내공원수":3,
            "3km이내혐오시설수":0,
            "초등학교학업성취도":100.0,
            "중학교학업성취도":69.2,
            "용적률":199,
            "건폐율":15,
            "Y":37.60265,
            "X":126.89404,
            "rank":105.0,
            "area_info":"24평(81.02), 24평(81.89), 24평(81.64), 24평(82.08)",
            "last_sales":"2022-01-05,76000.0,24평(81.02)"
        },
        {
            "index":131,
            "아파트명":"도래울파크뷰",
            "투자타입":"일반",
            "전용면적(m2)":"98.65",
            "전용면적(평)":"29평",
            "법정동주소":"경기도 고양시 덕양구 도내동 1103",
            "도로명주소":"경기도 고양시 덕양구 도래울로 16",
            "세대수":90,
            "입주년차":60,
            "용적률점수":"--",
            "건폐율점수":"--",
            "세대당주차수":30,
            "난방방식":100,
            "공급면적":"--",
            "전용률":"--",
            "욕실수":100,
            "현관타입":100,
            "주거총점":78.0,
            "지역구공급총점":0.0,
            "역세권":0,
            "30분내 이동가능 거점":0,
            "1시간내 이동가능 거점":70,
            "교통총점":14.0,
            "백화점":0,
            "아울렛몰":100,
            "대형마트":0,
            "은행":0,
            "병원":30,
            "종합병원":100,
            "공원":100,
            "혐오시설":0,
            "인프라총점":36.0,
            "초등학군":88.83,
            "중학군":46.54,
            "학군총점":54.998,
            "인구수":53.57,
            "인구증감":25.08,
            "인구총점":45.023,
            "일자리":5.0,
            "소득수준":51.54,
            "일자리총점":18.962,
            "가치 총점":39.5497,
            "매매실거래년":20191123.0,
            "매매실거래가":43000.0,
            "전세실거래년":null,
            "전세실거래가":null,
            "전세가율":null,
            "장기전세가율평균":74.41,
            "전세가율거품지수":null,
            "검색코드":103881,
            "세대수":1392.0,
            "준공년월":"2013-11-12",
            "준공년차":10.0,
            "가까운역이름":"원흥",
            "가까운역거리":2618.49,
            "역세권여부":"비역세권",
            "30분이내주요거점역":0,
            "1시간이내주요거점역":7,
            "3km이내백화점수":0,
            "5km이내아울렛몰수":2,
            "1km이내대형먀트수":0,
            "500m이내은행수":0,
            "500m이내병원수":6,
            "5km이내대형병원수":3,
            "500m이내공원수":4,
            "3km이내혐오시설수":0,
            "초등학교학업성취도":88.83,
            "중학교학업성취도":75.5,
            "용적률":205,
            "건폐율":19,
            "Y":37.627344,
            "X":126.868455,
            "rank":106.0,
            "area_info":"29평(98.65), 29평(98.64), 29평(98.65), 29평(98.66), 29평(98.65), 29평(98.68), 33평(111.69), 33평(111.82), 33평(111.03), 33평(111.43), 33평(111.03), 33평(111.82), 33평(111.3), 33평(111.81), 33평(111.81), 33평(111.76), 33평(111.81), 33평(111.03), 33평(111.77), 33평(111.81), 33평(111.53), 33평(111.76), 33평(111.57)",
            "last_sales":"2019-11-23,43000.0,33평(111.57)"
        },
        {
            "index":555,
            "아파트명":"햇빛22단지뜨란채",
            "투자타입":"일반",
            "전용면적(m2)":"54.54",
            "전용면적(평)":"16평",
            "법정동주소":"경기도 고양시 덕양구 행신동 946",
            "도로명주소":"경기도 고양시 덕양구 충장로152번길 40",
            "세대수":50,
            "입주년차":0,
            "용적률점수":"--",
            "건폐율점수":"--",
            "세대당주차수":0,
            "난방방식":100,
            "공급면적":"--",
            "전용률":"--",
            "욕실수":50,
            "현관타입":10,
            "주거총점":33.5,
            "지역구공급총점":0.0,
            "역세권":0,
            "30분내 이동가능 거점":20,
            "1시간내 이동가능 거점":60,
            "교통총점":18.0,
            "백화점":0,
            "아울렛몰":100,
            "대형마트":100,
            "은행":20,
            "병원":80,
            "종합병원":100,
            "공원":100,
            "혐오시설":0,
            "인프라총점":58.0,
            "초등학군":86.92,
            "중학군":51.06,
            "학군총점":58.232,
            "인구수":53.57,
            "인구증감":25.08,
            "인구총점":45.023,
            "일자리":5.0,
            "소득수준":51.54,
            "일자리총점":18.962,
            "가치 총점":39.1348,
            "매매실거래년":20211220.0,
            "매매실거래가":27500.0,
            "전세실거래년":20211106.0,
            "전세실거래가":22000.0,
            "전세가율":80.0,
            "장기전세가율평균":74.41,
            "전세가율거품지수":-5.59,
            "검색코드":1550,
            "세대수":445.0,
            "준공년월":"1996-08-14",
            "준공년차":27.0,
            "가까운역이름":"화정",
            "가까운역거리":1211.2,
            "역세권여부":"비역세권",
            "30분이내주요거점역":1,
            "1시간이내주요거점역":6,
            "3km이내백화점수":0,
            "5km이내아울렛몰수":2,
            "1km이내대형먀트수":2,
            "500m이내은행수":2,
            "500m이내병원수":35,
            "5km이내대형병원수":2,
            "500m이내공원수":9,
            "3km이내혐오시설수":0,
            "초등학교학업성취도":86.92,
            "중학교학업성취도":82.1,
            "용적률":215,
            "건폐율":19,
            "Y":37.62431,
            "X":126.83719,
            "rank":107.0,
            "area_info":"16평(54.54), 20평(67.52), 24평(80.55)",
            "last_sales":"2021-12-20,27500.0,16평(54.54)"
        },
        {
            "index":97,
            "아파트명":"고양원흥동일스위트",
            "투자타입":"일반",
            "전용면적(m2)":"112.62",
            "전용면적(평)":"34평",
            "법정동주소":"경기도 고양시 덕양구 도내동 1107",
            "도로명주소":"경기도 고양시 덕양구 도래울1로 80",
            "세대수":90,
            "입주년차":80,
            "용적률점수":"--",
            "건폐율점수":"--",
            "세대당주차수":30,
            "난방방식":100,
            "공급면적":"--",
            "전용률":"--",
            "욕실수":100,
            "현관타입":100,
            "주거총점":82.0,
            "지역구공급총점":0.0,
            "역세권":0,
            "30분내 이동가능 거점":0,
            "1시간내 이동가능 거점":60,
            "교통총점":12.0,
            "백화점":0,
            "아울렛몰":100,
            "대형마트":0,
            "은행":0,
            "병원":10,
            "종합병원":100,
            "공원":100,
            "혐오시설":0,
            "인프라총점":34.0,
            "초등학군":88.83,
            "중학군":46.54,
            "학군총점":54.998,
            "인구수":53.57,
            "인구증감":25.08,
            "인구총점":45.023,
            "일자리":5.0,
            "소득수준":51.54,
            "일자리총점":18.962,
            "가치 총점":39.0497,
            "매매실거래년":20211114.0,
            "매매실거래가":105000.0,
            "전세실거래년":20220110.0,
            "전세실거래가":56000.0,
            "전세가율":53.33,
            "장기전세가율평균":74.41,
            "전세가율거품지수":21.08,
            "검색코드":111112,
            "세대수":1257.0,
            "준공년월":"2018-01-26",
            "준공년차":5.0,
            "가까운역이름":"화전",
            "가까운역거리":2584.61,
            "역세권여부":"비역세권",
            "30분이내주요거점역":0,
            "1시간이내주요거점역":6,
            "3km이내백화점수":0,
            "5km이내아울렛몰수":2,
            "1km이내대형먀트수":0,
            "500m이내은행수":0,
            "500m이내병원수":4,
            "5km이내대형병원수":3,
            "500m이내공원수":3,
            "3km이내혐오시설수":0,
            "초등학교학업성취도":88.83,
            "중학교학업성취도":75.5,
            "용적률":204,
            "건폐율":15,
            "Y":37.626016,
            "X":126.871314,
            "rank":108.0,
            "area_info":"34평(112.62), 33평(112.39)",
            "last_sales":"2021-11-14,105000.0,34평(112.62)"
        },
        {
            "index":611,
            "아파트명":"DMC호반베르디움더포레2단지",
            "투자타입":"일반",
            "전용면적(m2)":"96.68",
            "전용면적(평)":"29평",
            "법정동주소":"경기도 고양시 덕양구 향동동 571",
            "도로명주소":"경기도 고양시 덕양구 향기2로 22",
            "세대수":50,
            "입주년차":100,
            "용적률점수":"--",
            "건폐율점수":"--",
            "세대당주차수":60,
            "난방방식":100,
            "공급면적":"--",
            "전용률":"--",
            "욕실수":100,
            "현관타입":100,
            "주거총점":76.5,
            "지역구공급총점":0.0,
            "역세권":0,
            "30분내 이동가능 거점":0,
            "1시간내 이동가능 거점":80,
            "교통총점":16.0,
            "백화점":0,
            "아울렛몰":80,
            "대형마트":0,
            "은행":0,
            "병원":30,
            "종합병원":100,
            "공원":100,
            "혐오시설":-50,
            "인프라총점":33.0,
            "초등학군":94.53,
            "중학군":43.96,
            "학군총점":54.074,
            "인구수":53.57,
            "인구증감":25.08,
            "인구총점":45.023,
            "일자리":5.0,
            "소득수준":51.54,
            "일자리총점":18.962,
            "가치 총점":38.9111,
            "매매실거래년":20211119.0,
            "매매실거래가":101000.0,
            "전세실거래년":20220102.0,
            "전세실거래가":50000.0,
            "전세가율":53.76,
            "장기전세가율평균":74.41,
            "전세가율거품지수":20.65,
            "검색코드":113672,
            "세대수":461.0,
            "준공년월":"2019-07-01",
            "준공년차":4.0,
            "가까운역이름":"수색",
            "가까운역거리":1394.37,
            "역세권여부":"비역세권",
            "30분이내주요거점역":0,
            "1시간이내주요거점역":8,
            "3km이내백화점수":0,
            "5km이내아울렛몰수":1,
            "1km이내대형먀트수":0,
            "500m이내은행수":0,
            "500m이내병원수":5,
            "5km이내대형병원수":2,
            "500m이내공원수":2,
            "3km이내혐오시설수":1,
            "초등학교학업성취도":94.53,
            "중학교학업성취도":69.2,
            "용적률":194,
            "건폐율":20,
            "Y":37.592899,
            "X":126.891262,
            "rank":109.0,
            "area_info":"29평(96.68), 29평(96.23), 34평(115.2)",
            "last_sales":"2021-11-19,101000.0,34평(115.2)"
        },
        {
            "index":154,
            "아파트명":"원흥도래울마을LH3단지",
            "투자타입":"일반",
            "전용면적(m2)":"71.8",
            "전용면적(평)":"21평",
            "법정동주소":"경기도 고양시 덕양구 도내동 1010",
            "도로명주소":"경기도 고양시 덕양구 도래울로 86",
            "세대수":90,
            "입주년차":80,
            "용적률점수":"--",
            "건폐율점수":"--",
            "세대당주차수":0,
            "난방방식":100,
            "공급면적":"--",
            "전용률":"--",
            "욕실수":50,
            "현관타입":100,
            "주거총점":72.5,
            "지역구공급총점":0.0,
            "역세권":0,
            "30분내 이동가능 거점":0,
            "1시간내 이동가능 거점":60,
            "교통총점":12.0,
            "백화점":0,
            "아울렛몰":100,
            "대형마트":0,
            "은행":0,
            "병원":60,
            "종합병원":100,
            "공원":100,
            "혐오시설":0,
            "인프라총점":39.0,
            "초등학군":86.75,
            "중학군":46.54,
            "학군총점":54.582,
            "인구수":53.57,
            "인구증감":25.08,
            "인구총점":45.023,
            "일자리":5.0,
            "소득수준":51.54,
            "일자리총점":18.962,
            "가치 총점":38.5873,
            "매매실거래년":"18000101",
            "매매실거래가":null,
            "전세실거래년":null,
            "전세실거래가":null,
            "전세가율":null,
            "장기전세가율평균":74.41,
            "전세가율거품지수":null,
            "검색코드":141081,
            "세대수":1386.0,
            "준공년월":"2015-04-22",
            "준공년차":8.0,
            "가까운역이름":"원흥",
            "가까운역거리":2036.88,
            "역세권여부":"비역세권",
            "30분이내주요거점역":0,
            "1시간이내주요거점역":6,
            "3km이내백화점수":0,
            "5km이내아울렛몰수":2,
            "1km이내대형먀트수":0,
            "500m이내은행수":0,
            "500m이내병원수":15,
            "5km이내대형병원수":3,
            "500m이내공원수":4,
            "3km이내혐오시설수":0,
            "초등학교학업성취도":86.75,
            "중학교학업성취도":75.5,
            "용적률":218,
            "건폐율":17,
            "Y":37.632354,
            "X":126.871734,
            "rank":110.0,
            "area_info":"21평(71.8), 21평(71.8), 25평(83.1), 25평(83.11), 31평(103.6), 31평(103.93), 35평(117.81), 35평(117.72), 35평(117.72), 35평(117.71)",
            "last_sales":"1800-01-01,nan,21평(71.8)"
        },
        {
            "index":288,
            "아파트명":"삼송동일스위트2차",
            "투자타입":"일반",
            "전용면적(m2)":"89.15",
            "전용면적(평)":"26평",
            "법정동주소":"경기도 고양시 덕양구 신원동 661",
            "도로명주소":"경기도 고양시 덕양구 신원1로 70",
            "세대수":80,
            "입주년차":80,
            "용적률점수":"--",
            "건폐율점수":"--",
            "세대당주차수":60,
            "난방방식":100,
            "공급면적":"--",
            "전용률":"--",
            "욕실수":100,
            "현관타입":100,
            "주거총점":83.0,
            "지역구공급총점":0.0,
            "역세권":0,
            "30분내 이동가능 거점":0,
            "1시간내 이동가능 거점":40,
            "교통총점":8.0,
            "백화점":0,
            "아울렛몰":100,
            "대형마트":0,
            "은행":0,
            "병원":60,
            "종합병원":80,
            "공원":100,
            "혐오시설":0,
            "인프라총점":35.0,
            "초등학군":79.62,
            "중학군":47.82,
            "학군총점":54.18,
            "인구수":53.57,
            "인구증감":25.08,
            "인구총점":45.023,
            "일자리":5.0,
            "소득수준":51.54,
            "일자리총점":18.962,
            "가치 총점":38.027,
            "매매실거래년":20211215.0,
            "매매실거래가":71000.0,
            "전세실거래년":20211218.0,
            "전세실거래가":43000.0,
            "전세가율":60.56,
            "장기전세가율평균":74.41,
            "전세가율거품지수":13.85,
            "검색코드":111254,
            "세대수":834.0,
            "준공년월":"2018-03-24",
            "준공년차":5.0,
            "가까운역이름":"삼송",
            "가까운역거리":1113.61,
            "역세권여부":"비역세권",
            "30분이내주요거점역":0,
            "1시간이내주요거점역":4,
            "3km이내백화점수":0,
            "5km이내아울렛몰수":2,
            "1km이내대형먀트수":0,
            "500m이내은행수":0,
            "500m이내병원수":12,
            "5km이내대형병원수":1,
            "500m이내공원수":2,
            "3km이내혐오시설수":0,
            "초등학교학업성취도":79.62,
            "중학교학업성취도":75.5,
            "용적률":179,
            "건폐율":14,
            "Y":37.660074,
            "X":126.8865,
            "rank":111.0,
            "area_info":"26평(89.15), 30평(101.67), 34평(112.98)",
            "last_sales":"2021-12-15,71000.0,26평(89.15)"
        },
        {
            "index":553,
            "아파트명":"햇빛21단지대우코오롱",
            "투자타입":"일반",
            "전용면적(m2)":"126.9",
            "전용면적(평)":"38평",
            "법정동주소":"경기도 고양시 덕양구 행신동 905",
            "도로명주소":"경기도 고양시 덕양구 화신로 170",
            "세대수":80,
            "입주년차":0,
            "용적률점수":"--",
            "건폐율점수":"--",
            "세대당주차수":60,
            "난방방식":100,
            "공급면적":"--",
            "전용률":"--",
            "욕실수":100,
            "현관타입":100,
            "주거총점":67.0,
            "지역구공급총점":0.0,
            "역세권":0,
            "30분내 이동가능 거점":0,
            "1시간내 이동가능 거점":40,
            "교통총점":8.0,
            "백화점":0,
            "아울렛몰":80,
            "대형마트":80,
            "은행":0,
            "병원":0,
            "종합병원":100,
            "공원":100,
            "혐오시설":0,
            "인프라총점":43.0,
            "초등학군":86.69,
            "중학군":51.06,
            "학군총점":58.186,
            "인구수":53.57,
            "인구증감":25.08,
            "인구총점":45.023,
            "일자리":5.0,
            "소득수준":51.54,
            "일자리총점":18.962,
            "가치 총점":37.8279,
            "매매실거래년":20211018.0,
            "매매실거래가":79000.0,
            "전세실거래년":20211218.0,
            "전세실거래가":30000.0,
            "전세가율":45.8,
            "장기전세가율평균":74.41,
            "전세가율거품지수":28.61,
            "검색코드":1528,
            "세대수":880.0,
            "준공년월":"1997-08-13",
            "준공년차":26.0,
            "가까운역이름":"화정",
            "가까운역거리":1216.51,
            "역세권여부":"비역세권",
            "30분이내주요거점역":0,
            "1시간이내주요거점역":4,
            "3km이내백화점수":0,
            "5km이내아울렛몰수":1,
            "1km이내대형먀트수":1,
            "500m이내은행수":0,
            "500m이내병원수":0,
            "5km이내대형병원수":2,
            "500m이내공원수":5,
            "3km이내혐오시설수":0,
            "초등학교학업성취도":86.69,
            "중학교학업성취도":82.1,
            "용적률":229,
            "건폐율":17,
            "Y":37.62724,
            "X":126.84288,
            "rank":112.0,
            "area_info":"38평(126.9), 49평(162.4)",
            "last_sales":"2021-10-18,79000.0,49평(162.4)"
        },
        {
            "index":118,
            "아파트명":"도래울센트럴파크",
            "투자타입":"일반",
            "전용면적(m2)":"82.42",
            "전용면적(평)":"24평",
            "법정동주소":"경기도 고양시 덕양구 도내동 1011",
            "도로명주소":"경기도 고양시 덕양구 도래울3로 33",
            "세대수":50,
            "입주년차":60,
            "용적률점수":"--",
            "건폐율점수":"--",
            "세대당주차수":30,
            "난방방식":100,
            "공급면적":"--",
            "전용률":"--",
            "욕실수":100,
            "현관타입":100,
            "주거총점":64.0,
            "지역구공급총점":0.0,
            "역세권":0,
            "30분내 이동가능 거점":0,
            "1시간내 이동가능 거점":70,
            "교통총점":14.0,
            "백화점":0,
            "아울렛몰":100,
            "대형마트":0,
            "은행":0,
            "병원":60,
            "종합병원":100,
            "공원":100,
            "혐오시설":0,
            "인프라총점":39.0,
            "초등학군":86.75,
            "중학군":46.54,
            "학군총점":54.582,
            "인구수":53.57,
            "인구증감":25.08,
            "인구총점":45.023,
            "일자리":5.0,
            "소득수준":51.54,
            "일자리총점":18.962,
            "가치 총점":37.5873,
            "매매실거래년":20211211.0,
            "매매실거래가":68500.0,
            "전세실거래년":20211121.0,
            "전세실거래가":30450.0,
            "전세가율":43.81,
            "장기전세가율평균":74.41,
            "전세가율거품지수":30.6,
            "검색코드":103880,
            "세대수":598.0,
            "준공년월":"2013-12-03",
            "준공년차":10.0,
            "가까운역이름":"원흥",
            "가까운역거리":2134.93,
            "역세권여부":"비역세권",
            "30분이내주요거점역":0,
            "1시간이내주요거점역":7,
            "3km이내백화점수":0,
            "5km이내아울렛몰수":2,
            "1km이내대형먀트수":0,
            "500m이내은행수":0,
            "500m이내병원수":15,
            "5km이내대형병원수":3,
            "500m이내공원수":4,
            "3km이내혐오시설수":0,
            "초등학교학업성취도":86.75,
            "중학교학업성취도":75.5,
            "용적률":216,
            "건폐율":22,
            "Y":37.631461,
            "X":126.87306,
            "rank":113.0,
            "area_info":"24평(82.42), 24평(82.09), 24평(82.09), 24평(82.24), 24평(82.34), 24평(82.14), 24평(82.14), 24평(82.42), 24평(82.44), 31평(103.02), 35평(116.63), 35평(116.36), 35평(116.77)",
            "last_sales":"2021-12-11,68500.0,24평(82.09)"
        },
        {
            "index":284,
            "아파트명":"고양삼송동일스위트1차",
            "투자타입":"일반",
            "전용면적(m2)":"88.14",
            "전용면적(평)":"26평",
            "법정동주소":"경기도 고양시 덕양구 신원동 595",
            "도로명주소":"경기도 고양시 덕양구 신원2로 50",
            "세대수":90,
            "입주년차":80,
            "용적률점수":"--",
            "건폐율점수":"--",
            "세대당주차수":60,
            "난방방식":100,
            "공급면적":"--",
            "전용률":"--",
            "욕실수":100,
            "현관타입":100,
            "주거총점":86.5,
            "지역구공급총점":0.0,
            "역세권":0,
            "30분내 이동가능 거점":0,
            "1시간내 이동가능 거점":40,
            "교통총점":8.0,
            "백화점":0,
            "아울렛몰":100,
            "대형마트":0,
            "은행":0,
            "병원":0,
            "종합병원":80,
            "공원":100,
            "혐오시설":0,
            "인프라총점":29.0,
            "초등학군":89.03,
            "중학군":47.82,
            "학군총점":56.062,
            "인구수":53.57,
            "인구증감":25.08,
            "인구총점":45.023,
            "일자리":5.0,
            "소득수준":51.54,
            "일자리총점":18.962,
            "가치 총점":37.2093,
            "매매실거래년":20220112.0,
            "매매실거래가":69000.0,
            "전세실거래년":20211227.0,
            "전세실거래가":34650.0,
            "전세가율":50.22,
            "장기전세가율평균":74.41,
            "전세가율거품지수":24.19,
            "검색코드":109411,
            "세대수":968.0,
            "준공년월":"2017-06-02",
            "준공년차":6.0,
            "가까운역이름":"삼송",
            "가까운역거리":1859.69,
            "역세권여부":"비역세권",
            "30분이내주요거점역":0,
            "1시간이내주요거점역":4,
            "3km이내백화점수":0,
            "5km이내아울렛몰수":2,
            "1km이내대형먀트수":0,
            "500m이내은행수":0,
            "500m이내병원수":0,
            "5km이내대형병원수":1,
            "500m이내공원수":2,
            "3km이내혐오시설수":0,
            "초등학교학업성취도":89.03,
            "중학교학업성취도":75.5,
            "용적률":184,
            "건폐율":13,
            "Y":37.666823,
            "X":126.883513,
            "rank":114.0,
            "area_info":"26평(88.14), 30평(100.84), 33평(110.86), 33평(110.86)",
            "last_sales":"2022-01-12,69000.0,26평(88.14)"
        },
        {
            "index":240,
            "아파트명":"세현",
            "투자타입":"재건축",
            "전용면적(m2)":"74.5",
            "전용면적(평)":"22평",
            "법정동주소":"경기도 고양시 덕양구 성사동 493",
            "도로명주소":"경기도 고양시 덕양구 호국로812번길 27",
            "세대수":0,
            "입주년차":"--",
            "용적률점수":0,
            "건폐율점수":20,
            "세대당주차수":"--",
            "난방방식":"--",
            "공급면적":50,
            "전용률":60,
            "욕실수":"--",
            "현관타입":"--",
            "주거총점":9.5,
            "지역구공급총점":0.0,
            "역세권":50,
            "30분내 이동가능 거점":20,
            "1시간내 이동가능 거점":60,
            "교통총점":43.0,
            "백화점":0,
            "아울렛몰":100,
            "대형마트":0,
            "은행":0,
            "병원":80,
            "종합병원":100,
            "공원":100,
            "혐오시설":0,
            "인프라총점":41.0,
            "초등학군":82.16,
            "중학군":40.78,
            "학군총점":49.056,
            "인구수":53.57,
            "인구증감":25.08,
            "인구총점":45.023,
            "일자리":5.0,
            "소득수준":51.54,
            "일자리총점":18.962,
            "가치 총점":36.6084,
            "매매실거래년":20210715.0,
            "매매실거래가":27500.0,
            "전세실거래년":20210624.0,
            "전세실거래가":15000.0,
            "전세가율":53.57,
            "장기전세가율평균":74.41,
            "전세가율거품지수":20.84,
            "검색코드":1492,
            "세대수":100.0,
            "준공년월":"1986-09-17",
            "준공년차":37.0,
            "가까운역이름":"원당",
            "가까운역거리":551.35,
            "역세권여부":"준역세권",
            "30분이내주요거점역":1,
            "1시간이내주요거점역":6,
            "3km이내백화점수":0,
            "5km이내아울렛몰수":2,
            "1km이내대형먀트수":0,
            "500m이내은행수":1,
            "500m이내병원수":48,
            "5km이내대형병원수":4,
            "500m이내공원수":6,
            "3km이내혐오시설수":0,
            "초등학교학업성취도":82.16,
            "중학교학업성취도":66.9,
            "용적률":237,
            "건폐율":47,
            "Y":37.65729,
            "X":126.839282,
            "rank":115.0,
            "area_info":"22평(74.5), 23평(76.46), 24평(80.25), 24평(82.27), 25평(83.97), 25평(85.46)",
            "last_sales":"2021-07-15,27500.0,25평(83.97)"
        },
        {
            "index":594,
            "아파트명":"DMC두산위브더퍼스트",
            "투자타입":"일반",
            "전용면적(m2)":"84.49",
            "전용면적(평)":"25평",
            "법정동주소":"경기도 고양시 덕양구 향동동 405",
            "도로명주소":"경기도 고양시 덕양구 향기5로 66",
            "세대수":90,
            "입주년차":100,
            "용적률점수":"--",
            "건폐율점수":"--",
            "세대당주차수":30,
            "난방방식":100,
            "공급면적":"--",
            "전용률":"--",
            "욕실수":100,
            "현관타입":100,
            "주거총점":86.0,
            "지역구공급총점":0.0,
            "역세권":0,
            "30분내 이동가능 거점":0,
            "1시간내 이동가능 거점":30,
            "교통총점":6.0,
            "백화점":0,
            "아울렛몰":100,
            "대형마트":0,
            "은행":0,
            "병원":0,
            "종합병원":100,
            "공원":0,
            "혐오시설":0,
            "인프라총점":30.0,
            "초등학군":100.0,
            "중학군":43.96,
            "학군총점":55.168,
            "인구수":53.57,
            "인구증감":25.08,
            "인구총점":45.023,
            "일자리":5.0,
            "소득수준":51.54,
            "일자리총점":18.962,
            "가치 총점":36.5752,
            "매매실거래년":20200727.0,
            "매매실거래가":37648.0,
            "전세실거래년":20211118.0,
            "전세실거래가":45000.0,
            "전세가율":135.77,
            "장기전세가율평균":74.41,
            "전세가율거품지수":-61.36,
            "검색코드":119587,
            "세대수":1059.0,
            "준공년월":"2020-10-05",
            "준공년차":3.0,
            "가까운역이름":"구산",
            "가까운역거리":1747.75,
            "역세권여부":"비역세권",
            "30분이내주요거점역":0,
            "1시간이내주요거점역":3,
            "3km이내백화점수":0,
            "5km이내아울렛몰수":2,
            "1km이내대형먀트수":0,
            "500m이내은행수":0,
            "500m이내병원수":0,
            "5km이내대형병원수":3,
            "500m이내공원수":0,
            "3km이내혐오시설수":0,
            "초등학교학업성취도":100.0,
            "중학교학업성취도":69.2,
            "용적률":192,
            "건폐율":15,
            "Y":37.609752,
            "X":126.897535,
            "rank":116.0,
            "area_info":"25평(84.49), 25평(84.49), 25평(84.49), 25평(84.53), 25평(84.49), 25평(84.5), 25평(84.46)",
            "last_sales":"2020-07-27,37648.0,25평(84.49)"
        },
        {
            "index":626,
            "아파트명":"달빛3단지신안",
            "투자타입":"일반",
            "전용면적(m2)":"106.27",
            "전용면적(평)":"32평",
            "법정동주소":"경기도 고양시 덕양구 화정동 865",
            "도로명주소":"경기도 고양시 덕양구 화수로 22",
            "세대수":80,
            "입주년차":0,
            "용적률점수":"--",
            "건폐율점수":"--",
            "세대당주차수":30,
            "난방방식":100,
            "공급면적":"--",
            "전용률":"--",
            "욕실수":100,
            "현관타입":100,
            "주거총점":62.5,
            "지역구공급총점":0.0,
            "역세권":0,
            "30분내 이동가능 거점":0,
            "1시간내 이동가능 거점":60,
            "교통총점":12.0,
            "백화점":0,
            "아울렛몰":100,
            "대형마트":0,
            "은행":0,
            "병원":30,
            "종합병원":100,
            "공원":100,
            "혐오시설":0,
            "인프라총점":36.0,
            "초등학군":86.34,
            "중학군":52.94,
            "학군총점":59.62,
            "인구수":53.57,
            "인구증감":25.08,
            "인구총점":45.023,
            "일자리":5.0,
            "소득수준":51.54,
            "일자리총점":18.962,
            "가치 총점":36.443,
            "매매실거래년":20211124.0,
            "매매실거래가":55000.0,
            "전세실거래년":20220115.0,
            "전세실거래가":27800.0,
            "전세가율":50.55,
            "장기전세가율평균":74.41,
            "전세가율거품지수":23.86,
            "검색코드":1556,
            "세대수":856.0,
            "준공년월":"1995-12-12",
            "준공년차":28.0,
            "가까운역이름":"화정",
            "가까운역거리":1020.13,
            "역세권여부":"비역세권",
            "30분이내주요거점역":0,
            "1시간이내주요거점역":6,
            "3km이내백화점수":0,
            "5km이내아울렛몰수":2,
            "1km이내대형먀트수":0,
            "500m이내은행수":0,
            "500m이내병원수":7,
            "5km이내대형병원수":4,
            "500m이내공원수":9,
            "3km이내혐오시설수":0,
            "초등학교학업성취도":86.34,
            "중학교학업성취도":86.3,
            "용적률":182,
            "건폐율":15,
            "Y":37.643764,
            "X":126.832393,
            "rank":117.0,
            "area_info":"32평(106.27), 32평(106.17)",
            "last_sales":"2021-11-24,55000.0,32평(106.27)"
        },
        {
            "index":620,
            "아파트명":"달빛1단지",
            "투자타입":"일반",
            "전용면적(m2)":"90.43",
            "전용면적(평)":"27평",
            "법정동주소":"경기도 고양시 덕양구 화정동 858",
            "도로명주소":"경기도 고양시 덕양구 화중로 219",
            "세대수":100,
            "입주년차":0,
            "용적률점수":"--",
            "건폐율점수":"--",
            "세대당주차수":30,
            "난방방식":100,
            "공급면적":"--",
            "전용률":"--",
            "욕실수":50,
            "현관타입":100,
            "주거총점":64.5,
            "지역구공급총점":0.0,
            "역세권":0,
            "30분내 이동가능 거점":0,
            "1시간내 이동가능 거점":50,
            "교통총점":10.0,
            "백화점":0,
            "아울렛몰":100,
            "대형마트":0,
            "은행":0,
            "병원":30,
            "종합병원":100,
            "공원":100,
            "혐오시설":0,
            "인프라총점":36.0,
            "초등학군":86.34,
            "중학군":52.94,
            "학군총점":59.62,
            "인구수":53.57,
            "인구증감":25.08,
            "인구총점":45.023,
            "일자리":5.0,
            "소득수준":51.54,
            "일자리총점":18.962,
            "가치 총점":36.143,
            "매매실거래년":20211222.0,
            "매매실거래가":58400.0,
            "전세실거래년":20211230.0,
            "전세실거래가":27800.0,
            "전세가율":56.5,
            "장기전세가율평균":74.41,
            "전세가율거품지수":17.91,
            "검색코드":11336,
            "세대수":1784.0,
            "준공년월":"1995-11-25",
            "준공년차":28.0,
            "가까운역이름":"원당",
            "가까운역거리":1189.02,
            "역세권여부":"비역세권",
            "30분이내주요거점역":0,
            "1시간이내주요거점역":5,
            "3km이내백화점수":0,
            "5km이내아울렛몰수":2,
            "1km이내대형먀트수":0,
            "500m이내은행수":1,
            "500m이내병원수":6,
            "5km이내대형병원수":4,
            "500m이내공원수":5,
            "3km이내혐오시설수":0,
            "초등학교학업성취도":86.34,
            "중학교학업성취도":86.3,
            "용적률":189,
            "건폐율":15,
            "Y":37.646895,
            "X":126.832249,
            "rank":118.0,
            "area_info":"27평(90.43), 31평(104.58)",
            "last_sales":"2021-12-22,58400.0,31평(104.58)"
        },
        {
            "index":306,
            "아파트명":"신원마을5단지우림필유",
            "투자타입":"일반",
            "전용면적(m2)":"130.73",
            "전용면적(평)":"39평",
            "법정동주소":"경기도 고양시 덕양구 신원동 654",
            "도로명주소":"경기도 고양시 덕양구 신원로 55",
            "세대수":50,
            "입주년차":60,
            "용적률점수":"--",
            "건폐율점수":"--",
            "세대당주차수":80,
            "난방방식":100,
            "공급면적":"--",
            "전용률":"--",
            "욕실수":100,
            "현관타입":100,
            "주거총점":71.5,
            "지역구공급총점":0.0,
            "역세권":0,
            "30분내 이동가능 거점":0,
            "1시간내 이동가능 거점":40,
            "교통총점":8.0,
            "백화점":0,
            "아울렛몰":100,
            "대형마트":0,
            "은행":0,
            "병원":60,
            "종합병원":80,
            "공원":100,
            "혐오시설":0,
            "인프라총점":35.0,
            "초등학군":89.03,
            "중학군":47.82,
            "학군총점":56.062,
            "인구수":53.57,
            "인구증감":25.08,
            "인구총점":45.023,
            "일자리":5.0,
            "소득수준":51.54,
            "일자리총점":18.962,
            "가치 총점":36.0093,
            "매매실거래년":20210730.0,
            "매매실거래가":85500.0,
            "전세실거래년":20211211.0,
            "전세실거래가":38850.0,
            "전세가율":45.44,
            "장기전세가율평균":74.41,
            "전세가율거품지수":28.97,
            "검색코드":102486,
            "세대수":455.0,
            "준공년월":"2013-10-17",
            "준공년차":10.0,
            "가까운역이름":"삼송",
            "가까운역거리":1495.24,
            "역세권여부":"비역세권",
            "30분이내주요거점역":0,
            "1시간이내주요거점역":4,
            "3km이내백화점수":0,
            "5km이내아울렛몰수":2,
            "1km이내대형먀트수":0,
            "500m이내은행수":0,
            "500m이내병원수":15,
            "5km이내대형병원수":1,
            "500m이내공원수":2,
            "3km이내혐오시설수":0,
            "초등학교학업성취도":89.03,
            "중학교학업성취도":75.5,
            "용적률":180,
            "건폐율":15,
            "Y":37.664403,
            "X":126.88639,
            "rank":119.0,
            "area_info":"39평(130.73), 39평(132.05), 45평(149.6), 45평(150.31), 57평(190.91), 57평(191.71)",
            "last_sales":"2021-07-30,85500.0,39평(130.73)"
        },
        {
            "index":169,
            "아파트명":"동산마을호반베르디움21단지",
            "투자타입":"일반",
            "전용면적(m2)":"112.44",
            "전용면적(평)":"34평",
            "법정동주소":"경기도 고양시 덕양구 동산동 344",
            "도로명주소":"경기도 고양시 덕양구 동산2로 18",
            "세대수":50,
            "입주년차":60,
            "용적률점수":"--",
            "건폐율점수":"--",
            "세대당주차수":60,
            "난방방식":100,
            "공급면적":"--",
            "전용률":"--",
            "욕실수":100,
            "현관타입":100,
            "주거총점":68.5,
            "지역구공급총점":0.0,
            "역세권":0,
            "30분내 이동가능 거점":0,
            "1시간내 이동가능 거점":40,
            "교통총점":8.0,
            "백화점":0,
            "아울렛몰":100,
            "대형마트":0,
            "은행":0,
            "병원":10,
            "종합병원":100,
            "공원":100,
            "혐오시설":0,
            "인프라총점":34.0,
            "초등학군":85.23,
            "중학군":49.72,
            "학군총점":56.822,
            "인구수":53.57,
            "인구증감":25.08,
            "인구총점":45.023,
            "일자리":5.0,
            "소득수준":51.54,
            "일자리총점":18.962,
            "가치 총점":35.2233,
            "매매실거래년":20211126.0,
            "매매실거래가":81000.0,
            "전세실거래년":20220118.0,
            "전세실거래가":48000.0,
            "전세가율":54.24,
            "장기전세가율평균":74.41,
            "전세가율거품지수":20.17,
            "검색코드":104326,
            "세대수":405.0,
            "준공년월":"2012-07-31",
            "준공년차":11.0,
            "가까운역이름":"원흥",
            "가까운역거리":1220.36,
            "역세권여부":"비역세권",
            "30분이내주요거점역":0,
            "1시간이내주요거점역":4,
            "3km이내백화점수":0,
            "5km이내아울렛몰수":2,
            "1km이내대형먀트수":0,
            "500m이내은행수":0,
            "500m이내병원수":4,
            "5km이내대형병원수":3,
            "500m이내공원수":3,
            "3km이내혐오시설수":0,
            "초등학교학업성취도":85.23,
            "중학교학업성취도":80.4,
            "용적률":179,
            "건폐율":14,
            "Y":37.645557,
            "X":126.884915,
            "rank":120.0,
            "area_info":"34평(112.44), 33평(112.33), 34평(113.5)",
            "last_sales":"2021-11-26,81000.0,34평(113.5)"
        },
        {
            "index":296,
            "아파트명":"신원마을1단지우남퍼스트빌",
            "투자타입":"일반",
            "전용면적(m2)":"89.06",
            "전용면적(평)":"26평",
            "법정동주소":"경기도 고양시 덕양구 신원동 609",
            "도로명주소":"경기도 고양시 덕양구 통일로 374",
            "세대수":50,
            "입주년차":80,
            "용적률점수":"--",
            "건폐율점수":"--",
            "세대당주차수":60,
            "난방방식":100,
            "공급면적":"--",
            "전용률":"--",
            "욕실수":100,
            "현관타입":100,
            "주거총점":72.5,
            "지역구공급총점":0.0,
            "역세권":0,
            "30분내 이동가능 거점":0,
            "1시간내 이동가능 거점":60,
            "교통총점":12.0,
            "백화점":0,
            "아울렛몰":80,
            "대형마트":0,
            "은행":0,
            "병원":0,
            "종합병원":80,
            "공원":100,
            "혐오시설":0,
            "인프라총점":27.0,
            "초등학군":89.03,
            "중학군":47.82,
            "학군총점":56.062,
            "인구수":53.57,
            "인구증감":25.08,
            "인구총점":45.023,
            "일자리":5.0,
            "소득수준":51.54,
            "일자리총점":18.962,
            "가치 총점":35.2093,
            "매매실거래년":20211201.0,
            "매매실거래가":70500.0,
            "전세실거래년":20211231.0,
            "전세실거래가":33600.0,
            "전세가율":47.66,
            "장기전세가율평균":74.41,
            "전세가율거품지수":26.75,
            "검색코드":107013,
            "세대수":611.0,
            "준공년월":"2015-08-12",
            "준공년차":8.0,
            "가까운역이름":"삼송",
            "가까운역거리":1850.53,
            "역세권여부":"비역세권",
            "30분이내주요거점역":0,
            "1시간이내주요거점역":6,
            "3km이내백화점수":0,
            "5km이내아울렛몰수":1,
            "1km이내대형먀트수":0,
            "500m이내은행수":0,
            "500m이내병원수":0,
            "5km이내대형병원수":1,
            "500m이내공원수":2,
            "3km이내혐오시설수":0,
            "초등학교학업성취도":89.03,
            "중학교학업성취도":75.5,
            "용적률":166,
            "건폐율":14,
            "Y":37.669018,
            "X":126.889495,
            "rank":121.0,
            "area_info":"26평(89.06), 30평(102.31), 34평(113.96), 34평(114.44), 41평(138.45), 44평(146.09), 46평(154.18), 46평(155.11), 49평(164.81), 49평(164.34)",
            "last_sales":"2021-12-01,70500.0,26평(89.06)"
        },
        {
            "index":312,
            "아파트명":"신원마을고양삼송아이파크",
            "투자타입":"일반",
            "전용면적(m2)":"126.51",
            "전용면적(평)":"38평",
            "법정동주소":"경기도 고양시 덕양구 신원동 600",
            "도로명주소":"경기도 고양시 덕양구 신원3로 20",
            "세대수":50,
            "입주년차":60,
            "용적률점수":"--",
            "건폐율점수":"--",
            "세대당주차수":80,
            "난방방식":100,
            "공급면적":"--",
            "전용률":"--",
            "욕실수":100,
            "현관타입":100,
            "주거총점":71.5,
            "지역구공급총점":0.0,
            "역세권":0,
            "30분내 이동가능 거점":0,
            "1시간내 이동가능 거점":50,
            "교통총점":10.0,
            "백화점":0,
            "아울렛몰":100,
            "대형마트":0,
            "은행":0,
            "병원":0,
            "종합병원":80,
            "공원":100,
            "혐오시설":0,
            "인프라총점":29.0,
            "초등학군":89.03,
            "중학군":47.82,
            "학군총점":56.062,
            "인구수":53.57,
            "인구증감":25.08,
            "인구총점":45.023,
            "일자리":5.0,
            "소득수준":51.54,
            "일자리총점":18.962,
            "가치 총점":34.9093,
            "매매실거래년":20211017.0,
            "매매실거래가":87500.0,
            "전세실거래년":20211120.0,
            "전세실거래가":57000.0,
            "전세가율":65.14,
            "장기전세가율평균":74.41,
            "전세가율거품지수":9.27,
            "검색코드":103760,
            "세대수":610.0,
            "준공년월":"2012-06-29",
            "준공년차":11.0,
            "가까운역이름":"삼송",
            "가까운역거리":2030.5,
            "역세권여부":"비역세권",
            "30분이내주요거점역":0,
            "1시간이내주요거점역":5,
            "3km이내백화점수":0,
            "5km이내아울렛몰수":2,
            "1km이내대형먀트수":0,
            "500m이내은행수":0,
            "500m이내병원수":0,
            "5km이내대형병원수":1,
            "500m이내공원수":3,
            "3km이내혐오시설수":0,
            "초등학교학업성취도":89.03,
            "중학교학업성취도":75.5,
            "용적률":184,
            "건폐율":15,
            "Y":37.669341,
            "X":126.885055,
            "rank":122.0,
            "area_info":"38평(126.51), 38평(127.89), 44평(146.62), 44평(147.28), 44평(148.02)",
            "last_sales":"2021-10-17,87500.0,38평(126.51)"
        },
        {
            "index":317,
            "아파트명":"신원마을호반베르디움9단지",
            "투자타입":"일반",
            "전용면적(m2)":"110.81",
            "전용면적(평)":"33평",
            "법정동주소":"경기도 고양시 덕양구 신원동 658",
            "도로명주소":"경기도 고양시 덕양구 권율대로 831",
            "세대수":30,
            "입주년차":60,
            "용적률점수":"--",
            "건폐율점수":"--",
            "세대당주차수":80,
            "난방방식":100,
            "공급면적":"--",
            "전용률":"--",
            "욕실수":100,
            "현관타입":100,
            "주거총점":64.5,
            "지역구공급총점":0.0,
            "역세권":0,
            "30분내 이동가능 거점":0,
            "1시간내 이동가능 거점":40,
            "교통총점":8.0,
            "백화점":0,
            "아울렛몰":100,
            "대형마트":0,
            "은행":0,
            "병원":60,
            "종합병원":80,
            "공원":100,
            "혐오시설":0,
            "인프라총점":35.0,
            "초등학군":89.03,
            "중학군":47.82,
            "학군총점":56.062,
            "인구수":53.57,
            "인구증감":25.08,
            "인구총점":45.023,
            "일자리":5.0,
            "소득수준":51.54,
            "일자리총점":18.962,
            "가치 총점":34.6093,
            "매매실거래년":20210926.0,
            "매매실거래가":80000.0,
            "전세실거래년":20210710.0,
            "전세실거래가":31500.0,
            "전세가율":41.45,
            "장기전세가율평균":74.41,
            "전세가율거품지수":32.96,
            "검색코드":101710,
            "세대수":353.0,
            "준공년월":"2012-07-04",
            "준공년차":11.0,
            "가까운역이름":"삼송",
            "가까운역거리":1336.79,
            "역세권여부":"비역세권",
            "30분이내주요거점역":0,
            "1시간이내주요거점역":4,
            "3km이내백화점수":0,
            "5km이내아울렛몰수":2,
            "1km이내대형먀트수":0,
            "500m이내은행수":0,
            "500m이내병원수":12,
            "5km이내대형병원수":1,
            "500m이내공원수":2,
            "3km이내혐오시설수":0,
            "초등학교학업성취도":89.03,
            "중학교학업성취도":75.5,
            "용적률":169,
            "건폐율":14,
            "Y":37.661768,
            "X":126.885058,
            "rank":123.0,
            "area_info":"33평(110.81), 33평(111.66), 41평(137.36), 42평(140.28), 42평(141.72)",
            "last_sales":"2021-09-26,80000.0,41평(137.36)"
        },
        {
            "index":291,
            "아파트명":"삼송힐스테이트",
            "투자타입":"일반",
            "전용면적(m2)":"100.32",
            "전용면적(평)":"30평",
            "법정동주소":"경기도 고양시 덕양구 신원동 653",
            "도로명주소":"경기도 고양시 덕양구 신원로 35",
            "세대수":50,
            "입주년차":60,
            "용적률점수":"--",
            "건폐율점수":"--",
            "세대당주차수":30,
            "난방방식":100,
            "공급면적":"--",
            "전용률":"--",
            "욕실수":100,
            "현관타입":100,
            "주거총점":64.0,
            "지역구공급총점":0.0,
            "역세권":0,
            "30분내 이동가능 거점":0,
            "1시간내 이동가능 거점":40,
            "교통총점":8.0,
            "백화점":0,
            "아울렛몰":100,
            "대형마트":0,
            "은행":0,
            "병원":60,
            "종합병원":80,
            "공원":100,
            "혐오시설":0,
            "인프라총점":35.0,
            "초등학군":89.03,
            "중학군":47.82,
            "학군총점":56.062,
            "인구수":53.57,
            "인구증감":25.08,
            "인구총점":45.023,
            "일자리":5.0,
            "소득수준":51.54,
            "일자리총점":18.962,
            "가치 총점":34.5093,
            "매매실거래년":20211210.0,
            "매매실거래가":68000.0,
            "전세실거래년":20211215.0,
            "전세실거래가":51500.0,
            "전세가율":75.74,
            "장기전세가율평균":74.41,
            "전세가율거품지수":-1.33,
            "검색코드":105378,
            "세대수":429.0,
            "준공년월":"2013-10-02",
            "준공년차":10.0,
            "가까운역이름":"삼송",
            "가까운역거리":1326.06,
            "역세권여부":"비역세권",
            "30분이내주요거점역":0,
            "1시간이내주요거점역":4,
            "3km이내백화점수":0,
            "5km이내아울렛몰수":2,
            "1km이내대형먀트수":0,
            "500m이내은행수":0,
            "500m이내병원수":16,
            "5km이내대형병원수":1,
            "500m이내공원수":2,
            "3km이내혐오시설수":0,
            "초등학교학업성취도":89.03,
            "중학교학업성취도":75.5,
            "용적률":179,
            "건폐율":16,
            "Y":37.66306,
            "X":126.887306,
            "rank":124.0,
            "area_info":"30평(100.32), 30평(100.32), 34평(114.69), 34평(114.86), 34평(114.69)",
            "last_sales":"2021-12-10,68000.0,30평(100.32)"
        },
        {
            "index":176,
            "아파트명":"동산마을화성파크드림PATIO",
            "투자타입":"일반",
            "전용면적(m2)":"79.94",
            "전용면적(평)":"24평",
            "법정동주소":"경기도 고양시 덕양구 동산동 343",
            "도로명주소":"경기도 고양시 덕양구 동산1로 50",
            "세대수":30,
            "입주년차":80,
            "용적률점수":"--",
            "건폐율점수":"--",
            "세대당주차수":30,
            "난방방식":100,
            "공급면적":"--",
            "전용률":"--",
            "욕실수":100,
            "현관타입":100,
            "주거총점":61.0,
            "지역구공급총점":0.0,
            "역세권":0,
            "30분내 이동가능 거점":0,
            "1시간내 이동가능 거점":40,
            "교통총점":8.0,
            "백화점":0,
            "아울렛몰":100,
            "대형마트":0,
            "은행":0,
            "병원":10,
            "종합병원":100,
            "공원":100,
            "혐오시설":0,
            "인프라총점":34.0,
            "초등학군":85.23,
            "중학군":49.72,
            "학군총점":56.822,
            "인구수":53.57,
            "인구증감":25.08,
            "인구총점":45.023,
            "일자리":5.0,
            "소득수준":51.54,
            "일자리총점":18.962,
            "가치 총점":33.7233,
            "매매실거래년":"18000101",
            "매매실거래가":null,
            "전세실거래년":null,
            "전세실거래가":null,
            "전세가율":null,
            "장기전세가율평균":74.41,
            "전세가율거품지수":null,
            "검색코드":110680,
            "세대수":349.0,
            "준공년월":"2016-11-23",
            "준공년차":7.0,
            "가까운역이름":"원흥",
            "가까운역거리":1153.28,
            "역세권여부":"비역세권",
            "30분이내주요거점역":0,
            "1시간이내주요거점역":4,
            "3km이내백화점수":0,
            "5km이내아울렛몰수":2,
            "1km이내대형먀트수":0,
            "500m이내은행수":0,
            "500m이내병원수":4,
            "5km이내대형병원수":3,
            "500m이내공원수":3,
            "3km이내혐오시설수":0,
            "초등학교학업성취도":85.23,
            "중학교학업성취도":80.4,
            "용적률":91,
            "건폐율":33,
            "Y":37.644198,
            "X":126.88289,
            "rank":125.0,
            "area_info":"24평(79.94), 24평(79.94), 24평(79.98), 24평(79.94), 24평(79.98), 24평(79.99)",
            "last_sales":"1800-01-01,nan,24평(79.94)"
        },
        {
            "index":622,
            "아파트명":"달빛2단지라이프",
            "투자타입":"일반",
            "전용면적(m2)":"67.92",
            "전용면적(평)":"20평",
            "법정동주소":"경기도 고양시 덕양구 화정동 851",
            "도로명주소":"경기도 고양시 덕양구 화중로 222",
            "세대수":90,
            "입주년차":0,
            "용적률점수":"--",
            "건폐율점수":"--",
            "세대당주차수":0,
            "난방방식":100,
            "공급면적":"--",
            "전용률":"--",
            "욕실수":50,
            "현관타입":10,
            "주거총점":47.5,
            "지역구공급총점":0.0,
            "역세권":0,
            "30분내 이동가능 거점":0,
            "1시간내 이동가능 거점":60,
            "교통총점":12.0,
            "백화점":0,
            "아울렛몰":100,
            "대형마트":0,
            "은행":0,
            "병원":30,
            "종합병원":100,
            "공원":100,
            "혐오시설":0,
            "인프라총점":36.0,
            "초등학군":86.34,
            "중학군":52.94,
            "학군총점":59.62,
            "인구수":53.57,
            "인구증감":25.08,
            "인구총점":45.023,
            "일자리":5.0,
            "소득수준":51.54,
            "일자리총점":18.962,
            "가치 총점":33.443,
            "매매실거래년":20220105.0,
            "매매실거래가":42800.0,
            "전세실거래년":20220115.0,
            "전세실거래가":17850.0,
            "전세가율":53.6,
            "장기전세가율평균":74.41,
            "전세가율거품지수":20.81,
            "검색코드":10526,
            "세대수":1391.0,
            "준공년월":"1996-09-10",
            "준공년차":27.0,
            "가까운역이름":"원당",
            "가까운역거리":1014.36,
            "역세권여부":"비역세권",
            "30분이내주요거점역":0,
            "1시간이내주요거점역":6,
            "3km이내백화점수":0,
            "5km이내아울렛몰수":2,
            "1km이내대형먀트수":0,
            "500m이내은행수":1,
            "500m이내병원수":6,
            "5km이내대형병원수":3,
            "500m이내공원수":5,
            "3km이내혐오시설수":0,
            "초등학교학업성취도":86.34,
            "중학교학업성취도":86.3,
            "용적률":0,
            "건폐율":0,
            "Y":37.646041,
            "X":126.836103,
            "rank":126.0,
            "area_info":"20평(67.92), 24평(81.55)",
            "last_sales":"2022-01-05,42800.0,24평(81.55)"
        },
        {
            "index":474,
            "아파트명":"서정4단지휴먼시아",
            "투자타입":"일반",
            "전용면적(m2)":"108.43",
            "전용면적(평)":"32평",
            "법정동주소":"경기도 고양시 덕양구 행신동 1068",
            "도로명주소":"경기도 고양시 덕양구 서정마을로 46",
            "세대수":50,
            "입주년차":40,
            "용적률점수":"--",
            "건폐율점수":"--",
            "세대당주차수":30,
            "난방방식":100,
            "공급면적":"--",
            "전용률":"--",
            "욕실수":100,
            "현관타입":100,
            "주거총점":60.0,
            "지역구공급총점":0.0,
            "역세권":0,
            "30분내 이동가능 거점":0,
            "1시간내 이동가능 거점":60,
            "교통총점":12.0,
            "백화점":0,
            "아울렛몰":80,
            "대형마트":0,
            "은행":0,
            "병원":0,
            "종합병원":80,
            "공원":100,
            "혐오시설":0,
            "인프라총점":27.0,
            "초등학군":88.79,
            "중학군":50.32,
            "학군총점":58.014,
            "인구수":53.57,
            "인구증감":25.08,
            "인구총점":45.023,
            "일자리":5.0,
            "소득수준":51.54,
            "일자리총점":18.962,
            "가치 총점":33.0021,
            "매매실거래년":20211206.0,
            "매매실거래가":75000.0,
            "전세실거래년":20211206.0,
            "전세실거래가":46000.0,
            "전세가율":61.33,
            "장기전세가율평균":74.41,
            "전세가율거품지수":13.08,
            "검색코드":26749,
            "세대수":545.0,
            "준공년월":"2008-06-09",
            "준공년차":15.0,
            "가까운역이름":"강매",
            "가까운역거리":1253.64,
            "역세권여부":"비역세권",
            "30분이내주요거점역":0,
            "1시간이내주요거점역":6,
            "3km이내백화점수":0,
            "5km이내아울렛몰수":1,
            "1km이내대형먀트수":0,
            "500m이내은행수":0,
            "500m이내병원수":0,
            "5km이내대형병원수":1,
            "500m이내공원수":4,
            "3km이내혐오시설수":0,
            "초등학교학업성취도":88.79,
            "중학교학업성취도":81.4,
            "용적률":156,
            "건폐율":17,
            "Y":37.62114,
            "X":126.852079,
            "rank":127.0,
            "area_info":"32평(108.43), 32평(108.63), 32평(108.16), 32평(108.2), 32평(108.29)",
            "last_sales":"2021-12-06,75000.0,32평(108.43)"
        },
        {
            "index":327,
            "아파트명":"삼송우미라피아노(628,도시형)",
            "투자타입":"일반",
            "전용면적(m2)":"105.9",
            "전용면적(평)":"32평",
            "법정동주소":"경기도 고양시 덕양구 오금동 628",
            "도로명주소":"경기도 고양시 덕양구 오금로 110",
            "세대수":0,
            "입주년차":100,
            "용적률점수":"--",
            "건폐율점수":"--",
            "세대당주차수":30,
            "난방방식":100,
            "공급면적":"--",
            "전용률":"--",
            "욕실수":100,
            "현관타입":100,
            "주거총점":54.5,
            "지역구공급총점":0.0,
            "역세권":0,
            "30분내 이동가능 거점":0,
            "1시간내 이동가능 거점":40,
            "교통총점":8.0,
            "백화점":0,
            "아울렛몰":80,
            "대형마트":0,
            "은행":0,
            "병원":0,
            "종합병원":100,
            "공원":100,
            "혐오시설":0,
            "인프라총점":31.0,
            "초등학군":85.4,
            "중학군":47.82,
            "학군총점":55.336,
            "인구수":53.57,
            "인구증감":25.08,
            "인구총점":45.023,
            "일자리":5.0,
            "소득수준":51.54,
            "일자리총점":18.962,
            "가치 총점":31.3004,
            "매매실거래년":"18000101",
            "매매실거래가":null,
            "전세실거래년":null,
            "전세실거래가":null,
            "전세가율":null,
            "장기전세가율평균":74.41,
            "전세가율거품지수":null,
            "검색코드":131252,
            "세대수":176.0,
            "준공년월":"2021-10-01",
            "준공년차":2.0,
            "가까운역이름":"삼송",
            "가까운역거리":1089.36,
            "역세권여부":"비역세권",
            "30분이내주요거점역":0,
            "1시간이내주요거점역":4,
            "3km이내백화점수":0,
            "5km이내아울렛몰수":1,
            "1km이내대형먀트수":0,
            "500m이내은행수":0,
            "500m이내병원수":0,
            "5km이내대형병원수":2,
            "500m이내공원수":2,
            "3km이내혐오시설수":0,
            "초등학교학업성취도":85.4,
            "중학교학업성취도":75.5,
            "용적률":0,
            "건폐율":0,
            "Y":37.660277,
            "X":126.903958,
            "rank":128.0,
            "area_info":"32평(105.9), 31평(105.63), 32평(106.51), 32평(106.49), 32평(106.0), 41평(136.54), 41평(137.76), 46평(152.28), 46평(152.84)",
            "last_sales":"1800-01-01,nan,32평(105.9)"
        },
        {
            "index":376,
            "아파트명":"삼림",
            "투자타입":"재건축",
            "전용면적(m2)":"63.81",
            "전용면적(평)":"19평",
            "법정동주소":"경기도 고양시 덕양구 주교동 561-1",
            "도로명주소":"경기도 고양시 덕양구 원당로125번길 80",
            "세대수":0,
            "입주년차":"--",
            "용적률점수":100,
            "건폐율점수":80,
            "세대당주차수":"--",
            "난방방식":"--",
            "공급면적":50,
            "전용률":60,
            "욕실수":"--",
            "현관타입":"--",
            "주거총점":61.5,
            "지역구공급총점":0.0,
            "역세권":0,
            "30분내 이동가능 거점":0,
            "1시간내 이동가능 거점":20,
            "교통총점":4.0,
            "백화점":0,
            "아울렛몰":100,
            "대형마트":0,
            "은행":0,
            "병원":10,
            "종합병원":100,
            "공원":80,
            "혐오시설":0,
            "인프라총점":33.4,
            "초등학군":87.42,
            "중학군":40.78,
            "학군총점":50.108,
            "인구수":53.57,
            "인구증감":25.08,
            "인구총점":45.023,
            "일자리":5.0,
            "소득수준":51.54,
            "일자리총점":18.962,
            "가치 총점":31.2362,
            "매매실거래년":20210731.0,
            "매매실거래가":32350.0,
            "전세실거래년":20211113.0,
            "전세실거래가":5500.0,
            "전세가율":17.0,
            "장기전세가율평균":74.41,
            "전세가율거품지수":57.41,
            "검색코드":1502,
            "세대수":120.0,
            "준공년월":"1987-01-28",
            "준공년차":36.0,
            "가까운역이름":"원당",
            "가까운역거리":1490.88,
            "역세권여부":"비역세권",
            "30분이내주요거점역":0,
            "1시간이내주요거점역":2,
            "3km이내백화점수":0,
            "5km이내아울렛몰수":2,
            "1km이내대형먀트수":0,
            "500m이내은행수":0,
            "500m이내병원수":2,
            "5km이내대형병원수":4,
            "500m이내공원수":1,
            "3km이내혐오시설수":0,
            "초등학교학업성취도":87.42,
            "중학교학업성취도":66.9,
            "용적률":149,
            "건폐율":29,
            "Y":37.6655,
            "X":126.83595,
            "rank":129.0,
            "area_info":"19평(63.81)",
            "last_sales":"2021-07-31,32350.0,19평(63.81)"
        },
        {
            "index":380,
            "아파트명":"은하",
            "투자타입":"재건축",
            "전용면적(m2)":"66.8",
            "전용면적(평)":"20평",
            "법정동주소":"경기도 고양시 덕양구 주교동 552-1",
            "도로명주소":"경기도 고양시 덕양구 원당로135번길 52",
            "세대수":0,
            "입주년차":"--",
            "용적률점수":100,
            "건폐율점수":80,
            "세대당주차수":"--",
            "난방방식":"--",
            "공급면적":50,
            "전용률":60,
            "욕실수":"--",
            "현관타입":"--",
            "주거총점":61.5,
            "지역구공급총점":0.0,
            "역세권":0,
            "30분내 이동가능 거점":0,
            "1시간내 이동가능 거점":20,
            "교통총점":4.0,
            "백화점":0,
            "아울렛몰":100,
            "대형마트":0,
            "은행":0,
            "병원":10,
            "종합병원":100,
            "공원":80,
            "혐오시설":0,
            "인프라총점":33.4,
            "초등학군":87.42,
            "중학군":40.78,
            "학군총점":50.108,
            "인구수":53.57,
            "인구증감":25.08,
            "인구총점":45.023,
            "일자리":5.0,
            "소득수준":51.54,
            "일자리총점":18.962,
            "가치 총점":31.2362,
            "매매실거래년":20211211.0,
            "매매실거래가":37350.0,
            "전세실거래년":20200511.0,
            "전세실거래가":7000.0,
            "전세가율":18.74,
            "장기전세가율평균":74.41,
            "전세가율거품지수":55.67,
            "검색코드":12789,
            "세대수":125.0,
            "준공년월":"1985-11-15",
            "준공년차":38.0,
            "가까운역이름":"원당",
            "가까운역거리":1397.72,
            "역세권여부":"비역세권",
            "30분이내주요거점역":0,
            "1시간이내주요거점역":2,
            "3km이내백화점수":0,
            "5km이내아울렛몰수":2,
            "1km이내대형먀트수":0,
            "500m이내은행수":0,
            "500m이내병원수":3,
            "5km이내대형병원수":4,
            "500m이내공원수":1,
            "3km이내혐오시설수":0,
            "초등학교학업성취도":87.42,
            "중학교학업성취도":66.9,
            "용적률":137,
            "건폐율":29,
            "Y":37.66513,
            "X":126.83759,
            "rank":129.0,
            "area_info":"20평(66.8), 20평(68.08), 20평(68.2), 21평(70.77), 21평(71.19)",
            "last_sales":"2021-12-11,37350.0,20평(66.8)"
        },
        {
            "index":342,
            "아파트명":"삼송자이더빌리지(6-4BL,도시형)",
            "투자타입":"일반",
            "전용면적(m2)":"117.88",
            "전용면적(평)":"35평",
            "법정동주소":"경기도 고양시 덕양구 오금동 668",
            "도로명주소":"경기도 고양시 덕양구 오금1로 154",
            "세대수":0,
            "입주년차":100,
            "용적률점수":"--",
            "건폐율점수":"--",
            "세대당주차수":30,
            "난방방식":30,
            "공급면적":"--",
            "전용률":"--",
            "욕실수":100,
            "현관타입":100,
            "주거총점":47.5,
            "지역구공급총점":0.0,
            "역세권":0,
            "30분내 이동가능 거점":0,
            "1시간내 이동가능 거점":40,
            "교통총점":8.0,
            "백화점":0,
            "아울렛몰":80,
            "대형마트":0,
            "은행":0,
            "병원":0,
            "종합병원":100,
            "공원":100,
            "혐오시설":0,
            "인프라총점":31.0,
            "초등학군":100.0,
            "중학군":47.82,
            "학군총점":58.256,
            "인구수":53.57,
            "인구증감":25.08,
            "인구총점":45.023,
            "일자리":5.0,
            "소득수준":51.54,
            "일자리총점":18.962,
            "가치 총점":30.3384,
            "매매실거래년":"18000101",
            "매매실거래가":null,
            "전세실거래년":null,
            "전세실거래가":null,
            "전세가율":null,
            "장기전세가율평균":74.41,
            "전세가율거품지수":null,
            "검색코드":126703,
            "세대수":109.0,
            "준공년월":"2021-01-01",
            "준공년차":2.0,
            "가까운역이름":"지축",
            "가까운역거리":1352.2,
            "역세권여부":"비역세권",
            "30분이내주요거점역":0,
            "1시간이내주요거점역":4,
            "3km이내백화점수":0,
            "5km이내아울렛몰수":1,
            "1km이내대형먀트수":0,
            "500m이내은행수":0,
            "500m이내병원수":0,
            "5km이내대형병원수":2,
            "500m이내공원수":3,
            "3km이내혐오시설수":0,
            "초등학교학업성취도":100.0,
            "중학교학업성취도":75.5,
            "용적률":55,
            "건폐율":37,
            "Y":37.659505,
            "X":126.908802,
            "rank":130.0,
            "area_info":"35평(117.88), 35평(117.99), 43평(142.24), 43평(142.5)",
            "last_sales":"1800-01-01,nan,35평(117.88)"
        },
        {
            "index":336,
            "아파트명":"삼송자이더빌리지(5BL,도시형)",
            "투자타입":"일반",
            "전용면적(m2)":"104.46",
            "전용면적(평)":"31평",
            "법정동주소":"경기도 고양시 덕양구 오금동 642",
            "도로명주소":"경기도 고양시 덕양구 오금로 163",
            "세대수":0,
            "입주년차":100,
            "용적률점수":"--",
            "건폐율점수":"--",
            "세대당주차수":30,
            "난방방식":30,
            "공급면적":"--",
            "전용률":"--",
            "욕실수":100,
            "현관타입":100,
            "주거총점":47.5,
            "지역구공급총점":0.0,
            "역세권":0,
            "30분내 이동가능 거점":0,
            "1시간내 이동가능 거점":30,
            "교통총점":6.0,
            "백화점":0,
            "아울렛몰":80,
            "대형마트":0,
            "은행":0,
            "병원":0,
            "종합병원":100,
            "공원":100,
            "혐오시설":0,
            "인프라총점":31.0,
            "초등학군":100.0,
            "중학군":47.82,
            "학군총점":58.256,
            "인구수":53.57,
            "인구증감":25.08,
            "인구총점":45.023,
            "일자리":5.0,
            "소득수준":51.54,
            "일자리총점":18.962,
            "가치 총점":29.6384,
            "매매실거래년":"18000101",
            "매매실거래가":null,
            "전세실거래년":null,
            "전세실거래가":null,
            "전세가율":null,
            "장기전세가율평균":74.41,
            "전세가율거품지수":null,
            "검색코드":126700,
            "세대수":178.0,
            "준공년월":"2021-02-08",
            "준공년차":2.0,
            "가까운역이름":"지축",
            "가까운역거리":1595.92,
            "역세권여부":"비역세권",
            "30분이내주요거점역":0,
            "1시간이내주요거점역":3,
            "3km이내백화점수":0,
            "5km이내아울렛몰수":1,
            "1km이내대형먀트수":0,
            "500m이내은행수":0,
            "500m이내병원수":0,
            "5km이내대형병원수":2,
            "500m이내공원수":2,
            "3km이내혐오시설수":0,
            "초등학교학업성취도":100.0,
            "중학교학업성취도":75.5,
            "용적률":57,
            "건폐율":36,
            "Y":37.662076,
            "X":126.910118,
            "rank":131.0,
            "area_info":"31평(104.46), 31평(104.25), 34평(112.99), 34평(112.76), 35평(117.99), 43평(142.5)",
            "last_sales":"1800-01-01,nan,31평(104.46)"
        },
        {
            "index":592,
            "아파트명":"행신동문",
            "투자타입":"일반",
            "전용면적(m2)":"85.63",
            "전용면적(평)":"25평",
            "법정동주소":"경기도 고양시 덕양구 행신동 220",
            "도로명주소":"경기도 고양시 덕양구 행신로325번길 37-13",
            "세대수":0,
            "입주년차":0,
            "용적률점수":"--",
            "건폐율점수":"--",
            "세대당주차수":30,
            "난방방식":100,
            "공급면적":"--",
            "전용률":"--",
            "욕실수":50,
            "현관타입":10,
            "주거총점":20.5,
            "지역구공급총점":0.0,
            "역세권":0,
            "30분내 이동가능 거점":0,
            "1시간내 이동가능 거점":60,
            "교통총점":12.0,
            "백화점":0,
            "아울렛몰":80,
            "대형마트":80,
            "은행":0,
            "병원":10,
            "종합병원":80,
            "공원":100,
            "혐오시설":0,
            "인프라총점":40.0,
            "초등학군":86.65,
            "중학군":51.06,
            "학군총점":58.178,
            "인구수":53.57,
            "인구증감":25.08,
            "인구총점":45.023,
            "일자리":5.0,
            "소득수준":51.54,
            "일자리총점":18.962,
            "가치 총점":29.0267,
            "매매실거래년":20211103.0,
            "매매실거래가":33300.0,
            "전세실거래년":20211124.0,
            "전세실거래가":31000.0,
            "전세가율":93.09,
            "장기전세가율평균":74.41,
            "전세가율거품지수":-18.68,
            "검색코드":1554,
            "세대수":166.0,
            "준공년월":"1998-10-15",
            "준공년차":25.0,
            "가까운역이름":"강매",
            "가까운역거리":1248.44,
            "역세권여부":"비역세권",
            "30분이내주요거점역":0,
            "1시간이내주요거점역":6,
            "3km이내백화점수":0,
            "5km이내아울렛몰수":1,
            "1km이내대형먀트수":1,
            "500m이내은행수":0,
            "500m이내병원수":2,
            "5km이내대형병원수":1,
            "500m이내공원수":4,
            "3km이내혐오시설수":0,
            "초등학교학업성취도":86.65,
            "중학교학업성취도":82.1,
            "용적률":259,
            "건폐율":16,
            "Y":37.623483,
            "X":126.844668,
            "rank":132.0,
            "area_info":"25평(85.63), 32평(107.15)",
            "last_sales":"2021-11-03,33300.0,25평(85.63)"
        },
        {
            "index":377,
            "아파트명":"우림",
            "투자타입":"일반",
            "전용면적(m2)":"112.92",
            "전용면적(평)":"34평",
            "법정동주소":"경기도 고양시 덕양구 주교동 555",
            "도로명주소":"경기도 고양시 덕양구 원당로125번길 6",
            "세대수":0,
            "입주년차":40,
            "용적률점수":"--",
            "건폐율점수":"--",
            "세대당주차수":30,
            "난방방식":30,
            "공급면적":"--",
            "전용률":"--",
            "욕실수":100,
            "현관타입":100,
            "주거총점":35.5,
            "지역구공급총점":0.0,
            "역세권":0,
            "30분내 이동가능 거점":0,
            "1시간내 이동가능 거점":40,
            "교통총점":8.0,
            "백화점":0,
            "아울렛몰":100,
            "대형마트":0,
            "은행":0,
            "병원":30,
            "종합병원":100,
            "공원":100,
            "혐오시설":0,
            "인프라총점":36.0,
            "초등학군":87.42,
            "중학군":40.78,
            "학군총점":50.108,
            "인구수":53.57,
            "인구증감":25.08,
            "인구총점":45.023,
            "일자리":5.0,
            "소득수준":51.54,
            "일자리총점":18.962,
            "가치 총점":28.2162,
            "매매실거래년":20210807.0,
            "매매실거래가":50000.0,
            "전세실거래년":20211122.0,
            "전세실거래가":30000.0,
            "전세가율":60.0,
            "장기전세가율평균":74.41,
            "전세가율거품지수":14.41,
            "검색코드":9947,
            "세대수":163.0,
            "준공년월":"2004-01-16",
            "준공년차":19.0,
            "가까운역이름":"원당",
            "가까운역거리":1181.68,
            "역세권여부":"비역세권",
            "30분이내주요거점역":0,
            "1시간이내주요거점역":4,
            "3km이내백화점수":0,
            "5km이내아울렛몰수":2,
            "1km이내대형먀트수":0,
            "500m이내은행수":0,
            "500m이내병원수":5,
            "5km이내대형병원수":4,
            "500m이내공원수":2,
            "3km이내혐오시설수":0,
            "초등학교학업성취도":87.42,
            "중학교학업성취도":66.9,
            "용적률":291,
            "건폐율":20,
            "Y":37.663422,
            "X":126.838858,
            "rank":133.0,
            "area_info":"34평(112.92)",
            "last_sales":"2021-08-07,50000.0,34평(112.92)"
        },
        {
            "index":50,
            "아파트명":"새서울",
            "투자타입":"재건축",
            "전용면적(m2)":"58.1",
            "전용면적(평)":"17평",
            "법정동주소":"경기도 고양시 덕양구 관산동 178-57",
            "도로명주소":"경기도 고양시 덕양구 통일로754번길 16",
            "세대수":50,
            "입주년차":"--",
            "용적률점수":80,
            "건폐율점수":60,
            "세대당주차수":"--",
            "난방방식":"--",
            "공급면적":50,
            "전용률":60,
            "욕실수":"--",
            "현관타입":"--",
            "주거총점":64.5,
            "지역구공급총점":0.0,
            "역세권":0,
            "30분내 이동가능 거점":0,
            "1시간내 이동가능 거점":60,
            "교통총점":12.0,
            "백화점":0,
            "아울렛몰":0,
            "대형마트":0,
            "은행":0,
            "병원":30,
            "종합병원":0,
            "공원":80,
            "혐오시설":0,
            "인프라총점":5.4,
            "초등학군":84.8,
            "중학군":44.52,
            "학군총점":52.576,
            "인구수":53.57,
            "인구증감":25.08,
            "인구총점":45.023,
            "일자리":5.0,
            "소득수준":51.54,
            "일자리총점":18.962,
            "가치 총점":26.6064,
            "매매실거래년":20211213.0,
            "매매실거래가":22000.0,
            "전세실거래년":20211115.0,
            "전세실거래가":11000.0,
            "전세가율":70.97,
            "장기전세가율평균":74.41,
            "전세가율거품지수":3.44,
            "검색코드":9196,
            "세대수":400.0,
            "준공년월":"1987-07-24",
            "준공년차":36.0,
            "가까운역이름":"원흥",
            "가까운역거리":4231.67,
            "역세권여부":"비역세권",
            "30분이내주요거점역":0,
            "1시간이내주요거점역":6,
            "3km이내백화점수":0,
            "5km이내아울렛몰수":0,
            "1km이내대형먀트수":0,
            "500m이내은행수":0,
            "500m이내병원수":9,
            "5km이내대형병원수":0,
            "500m이내공원수":1,
            "3km이내혐오시설수":0,
            "초등학교학업성취도":84.8,
            "중학교학업성취도":69.6,
            "용적률":160,
            "건폐율":33,
            "Y":37.688527,
            "X":126.867878,
            "rank":134.0,
            "area_info":"17평(58.1), 18평(61.56), 22평(74.77), 26평(88.81)",
            "last_sales":"2021-12-13,22000.0,22평(74.77)"
        },
        {
            "index":513,
            "아파트명":"영흥",
            "투자타입":"재건축",
            "전용면적(m2)":"37.08",
            "전용면적(평)":"11평",
            "법정동주소":"경기도 고양시 덕양구 행신동 242-31",
            "도로명주소":"경기도 고양시 덕양구 행신로325번길 3-6",
            "세대수":0,
            "입주년차":"--",
            "용적률점수":0,
            "건폐율점수":0,
            "세대당주차수":"--",
            "난방방식":"--",
            "공급면적":50,
            "전용률":80,
            "욕실수":"--",
            "현관타입":"--",
            "주거총점":6.5,
            "지역구공급총점":0.0,
            "역세권":0,
            "30분내 이동가능 거점":0,
            "1시간내 이동가능 거점":50,
            "교통총점":10.0,
            "백화점":0,
            "아울렛몰":80,
            "대형마트":80,
            "은행":0,
            "병원":10,
            "종합병원":80,
            "공원":100,
            "혐오시설":0,
            "인프라총점":40.0,
            "초등학군":86.65,
            "중학군":51.06,
            "학군총점":58.178,
            "인구수":53.57,
            "인구증감":25.08,
            "인구총점":45.023,
            "일자리":5.0,
            "소득수준":51.54,
            "일자리총점":18.962,
            "가치 총점":25.5267,
            "매매실거래년":"18000101",
            "매매실거래가":null,
            "전세실거래년":null,
            "전세실거래가":null,
            "전세가율":null,
            "장기전세가율평균":74.41,
            "전세가율거품지수":null,
            "검색코드":14646,
            "세대수":197.0,
            "준공년월":"1989-11-24",
            "준공년차":34.0,
            "가까운역이름":"강매",
            "가까운역거리":1271.39,
            "역세권여부":"비역세권",
            "30분이내주요거점역":0,
            "1시간이내주요거점역":5,
            "3km이내백화점수":0,
            "5km이내아울렛몰수":1,
            "1km이내대형먀트수":1,
            "500m이내은행수":0,
            "500m이내병원수":2,
            "5km이내대형병원수":1,
            "500m이내공원수":4,
            "3km이내혐오시설수":0,
            "초등학교학업성취도":86.65,
            "중학교학업성취도":82.1,
            "용적률":0,
            "건폐율":0,
            "Y":37.623523,
            "X":126.846072,
            "rank":135.0,
            "area_info":"11평(37.08), 12평(40.62), 12평(40.38), 12평(41.22), 12평(41.25), 13평(43.57), 13평(43.38), 13평(45.78), 13평(45.28), 15평(49.63), 14평(49.0), 15평(50.9), 15평(51.53), 15평(52.55), 16평(53.7), 16평(53.52), 17평(56.76), 17평(57.25), 17평(57.26)",
            "last_sales":"1800-01-01,nan,11평(37.08)"
        },
        {
            "index":69,
            "아파트명":"허스",
            "투자타입":"재건축",
            "전용면적(m2)":"53.35",
            "전용면적(평)":"16평",
            "법정동주소":"경기도 고양시 덕양구 관산동 151",
            "도로명주소":"경기도 고양시 덕양구 통일로742번길 42",
            "세대수":0,
            "입주년차":"--",
            "용적률점수":100,
            "건폐율점수":80,
            "세대당주차수":"--",
            "난방방식":"--",
            "공급면적":50,
            "전용률":80,
            "욕실수":"--",
            "현관타입":"--",
            "주거총점":62.5,
            "지역구공급총점":0.0,
            "역세권":0,
            "30분내 이동가능 거점":0,
            "1시간내 이동가능 거점":50,
            "교통총점":10.0,
            "백화점":0,
            "아울렛몰":0,
            "대형마트":0,
            "은행":0,
            "병원":30,
            "종합병원":0,
            "공원":80,
            "혐오시설":0,
            "인프라총점":5.4,
            "초등학군":84.8,
            "중학군":44.52,
            "학군총점":52.576,
            "인구수":53.57,
            "인구증감":25.08,
            "인구총점":45.023,
            "일자리":5.0,
            "소득수준":51.54,
            "일자리총점":18.962,
            "가치 총점":25.5064,
            "매매실거래년":20220106.0,
            "매매실거래가":17000.0,
            "전세실거래년":20210305.0,
            "전세실거래가":7000.0,
            "전세가율":54.69,
            "장기전세가율평균":74.41,
            "전세가율거품지수":19.72,
            "검색코드":14457,
            "세대수":110.0,
            "준공년월":"1987-01-26",
            "준공년차":36.0,
            "가까운역이름":"원흥",
            "가까운역거리":4284.55,
            "역세권여부":"비역세권",
            "30분이내주요거점역":0,
            "1시간이내주요거점역":5,
            "3km이내백화점수":0,
            "5km이내아울렛몰수":0,
            "1km이내대형먀트수":0,
            "500m이내은행수":0,
            "500m이내병원수":9,
            "5km이내대형병원수":0,
            "500m이내공원수":1,
            "3km이내혐오시설수":0,
            "초등학교학업성취도":84.8,
            "중학교학업성취도":69.6,
            "용적률":141,
            "건폐율":29,
            "Y":37.68909,
            "X":126.86914,
            "rank":136.0,
            "area_info":"16평(53.35), 18평(62.42), 19평(65.66), 21평(69.55)",
            "last_sales":"2022-01-06,17000.0,21평(69.55)"
        },
        {
            "index":378,
            "아파트명":"우인아크리움빌",
            "투자타입":"일반",
            "전용면적(m2)":"112.85",
            "전용면적(평)":"34평",
            "법정동주소":"경기도 고양시 덕양구 주교동 1633",
            "도로명주소":"경기도 고양시 덕양구 마상로57번길 114",
            "세대수":0,
            "입주년차":40,
            "용적률점수":"--",
            "건폐율점수":"--",
            "세대당주차수":30,
            "난방방식":30,
            "공급면적":"--",
            "전용률":"--",
            "욕실수":100,
            "현관타입":100,
            "주거총점":35.5,
            "지역구공급총점":0.0,
            "역세권":0,
            "30분내 이동가능 거점":0,
            "1시간내 이동가능 거점":10,
            "교통총점":2.0,
            "백화점":0,
            "아울렛몰":100,
            "대형마트":0,
            "은행":0,
            "병원":10,
            "종합병원":100,
            "공원":80,
            "혐오시설":0,
            "인프라총점":33.4,
            "초등학군":87.42,
            "중학군":40.78,
            "학군총점":50.108,
            "인구수":53.57,
            "인구증감":25.08,
            "인구총점":45.023,
            "일자리":5.0,
            "소득수준":51.54,
            "일자리총점":18.962,
            "가치 총점":25.3362,
            "매매실거래년":20211018.0,
            "매매실거래가":49500.0,
            "전세실거래년":20210716.0,
            "전세실거래가":37000.0,
            "전세가율":74.75,
            "장기전세가율평균":74.41,
            "전세가율거품지수":-0.34,
            "검색코드":10071,
            "세대수":299.0,
            "준공년월":"2005-05-17",
            "준공년차":18.0,
            "가까운역이름":"원당",
            "가까운역거리":1562.96,
            "역세권여부":"비역세권",
            "30분이내주요거점역":0,
            "1시간이내주요거점역":1,
            "3km이내백화점수":0,
            "5km이내아울렛몰수":2,
            "1km이내대형먀트수":0,
            "500m이내은행수":0,
            "500m이내병원수":2,
            "5km이내대형병원수":4,
            "500m이내공원수":1,
            "3km이내혐오시설수":0,
            "초등학교학업성취도":87.42,
            "중학교학업성취도":66.9,
            "용적률":248,
            "건폐율":18,
            "Y":37.665778,
            "X":126.834809,
            "rank":137.0,
            "area_info":"34평(112.85), 34평(112.99)",
            "last_sales":"2021-10-18,49500.0,34평(112.85)"
        },
        {
            "index":373,
            "아파트명":"벽산",
            "투자타입":"일반",
            "전용면적(m2)":"77.51",
            "전용면적(평)":"23평",
            "법정동주소":"경기도 고양시 덕양구 주교동 350-1",
            "도로명주소":"경기도 고양시 덕양구 마상로57번길 58",
            "세대수":0,
            "입주년차":20,
            "용적률점수":"--",
            "건폐율점수":"--",
            "세대당주차수":30,
            "난방방식":30,
            "공급면적":"--",
            "전용률":"--",
            "욕실수":50,
            "현관타입":100,
            "주거총점":26.5,
            "지역구공급총점":0.0,
            "역세권":0,
            "30분내 이동가능 거점":0,
            "1시간내 이동가능 거점":20,
            "교통총점":4.0,
            "백화점":0,
            "아울렛몰":100,
            "대형마트":0,
            "은행":0,
            "병원":0,
            "종합병원":100,
            "공원":100,
            "혐오시설":0,
            "인프라총점":33.0,
            "초등학군":87.42,
            "중학군":39.98,
            "학군총점":49.468,
            "인구수":53.57,
            "인구증감":25.08,
            "인구총점":45.023,
            "일자리":5.0,
            "소득수준":51.54,
            "일자리총점":18.962,
            "가치 총점":24.0202,
            "매매실거래년":20210903.0,
            "매매실거래가":45000.0,
            "전세실거래년":20211103.0,
            "전세실거래가":3000.0,
            "전세가율":12.24,
            "장기전세가율평균":74.41,
            "전세가율거품지수":62.17,
            "검색코드":1499,
            "세대수":283.0,
            "준공년월":"1999-11-27",
            "준공년차":24.0,
            "가까운역이름":"원당",
            "가까운역거리":1578.22,
            "역세권여부":"비역세권",
            "30분이내주요거점역":0,
            "1시간이내주요거점역":2,
            "3km이내백화점수":0,
            "5km이내아울렛몰수":2,
            "1km이내대형먀트수":0,
            "500m이내은행수":0,
            "500m이내병원수":1,
            "5km이내대형병원수":4,
            "500m이내공원수":2,
            "3km이내혐오시설수":0,
            "초등학교학업성취도":87.42,
            "중학교학업성취도":64.7,
            "용적률":321,
            "건폐율":22,
            "Y":37.66492,
            "X":126.832703,
            "rank":138.0,
            "area_info":"23평(77.51), 33평(109.54), 44평(148.17)",
            "last_sales":"2021-09-03,45000.0,44평(148.17)"
        },
        {
            "index":45,
            "아파트명":"더퍼스트프라임",
            "투자타입":"일반",
            "전용면적(m2)":"80.9",
            "전용면적(평)":"24평",
            "법정동주소":"경기도 고양시 덕양구 관산동 1015",
            "도로명주소":"경기도 고양시 덕양구 통일로 760",
            "세대수":0,
            "입주년차":80,
            "용적률점수":"--",
            "건폐율점수":"--",
            "세대당주차수":30,
            "난방방식":30,
            "공급면적":"--",
            "전용률":"--",
            "욕실수":50,
            "현관타입":100,
            "주거총점":38.5,
            "지역구공급총점":0.0,
            "역세권":0,
            "30분내 이동가능 거점":0,
            "1시간내 이동가능 거점":60,
            "교통총점":12.0,
            "백화점":0,
            "아울렛몰":0,
            "대형마트":0,
            "은행":0,
            "병원":60,
            "종합병원":0,
            "공원":80,
            "혐오시설":0,
            "인프라총점":8.4,
            "초등학군":84.8,
            "중학군":44.52,
            "학군총점":52.576,
            "인구수":53.57,
            "인구증감":25.08,
            "인구총점":45.023,
            "일자리":5.0,
            "소득수준":51.54,
            "일자리총점":18.962,
            "가치 총점":22.3064,
            "매매실거래년":20211128.0,
            "매매실거래가":36000.0,
            "전세실거래년":20220103.0,
            "전세실거래가":28000.0,
            "전세가율":77.78,
            "장기전세가율평균":74.41,
            "전세가율거품지수":-3.37,
            "검색코드":103573,
            "세대수":272.0,
            "준공년월":"2014-02-28",
            "준공년차":9.0,
            "가까운역이름":"원흥",
            "가까운역거리":4172.35,
            "역세권여부":"비역세권",
            "30분이내주요거점역":0,
            "1시간이내주요거점역":6,
            "3km이내백화점수":0,
            "5km이내아울렛몰수":0,
            "1km이내대형먀트수":0,
            "500m이내은행수":0,
            "500m이내병원수":12,
            "5km이내대형병원수":0,
            "500m이내공원수":1,
            "3km이내혐오시설수":0,
            "초등학교학업성취도":84.8,
            "중학교학업성취도":69.6,
            "용적률":669,
            "건폐율":78,
            "Y":37.687835,
            "X":126.866221,
            "rank":139.0,
            "area_info":"24평(80.9), 24평(81.35), 34평(114.92), 34평(115.35), 46평(154.36)",
            "last_sales":"2021-11-28,36000.0,24평(80.9)"
        },
        {
            "index":54,
            "아파트명":"신성",
            "투자타입":"일반",
            "전용면적(m2)":"80.34",
            "전용면적(평)":"24평",
            "법정동주소":"경기도 고양시 덕양구 관산동 981",
            "도로명주소":"경기도 고양시 덕양구 통일로 749-7",
            "세대수":30,
            "입주년차":0,
            "용적률점수":"--",
            "건폐율점수":"--",
            "세대당주차수":60,
            "난방방식":30,
            "공급면적":"--",
            "전용률":"--",
            "욕실수":50,
            "현관타입":100,
            "주거총점":37.5,
            "지역구공급총점":0.0,
            "역세권":0,
            "30분내 이동가능 거점":0,
            "1시간내 이동가능 거점":60,
            "교통총점":12.0,
            "백화점":0,
            "아울렛몰":0,
            "대형마트":0,
            "은행":0,
            "병원":60,
            "종합병원":0,
            "공원":80,
            "혐오시설":0,
            "인프라총점":8.4,
            "초등학군":84.8,
            "중학군":44.52,
            "학군총점":52.576,
            "인구수":53.57,
            "인구증감":25.08,
            "인구총점":45.023,
            "일자리":5.0,
            "소득수준":51.54,
            "일자리총점":18.962,
            "가치 총점":22.1064,
            "매매실거래년":20210720.0,
            "매매실거래가":40000.0,
            "전세실거래년":20210725.0,
            "전세실거래가":16200.0,
            "전세가율":50.62,
            "장기전세가율평균":74.41,
            "전세가율거품지수":23.79,
            "검색코드":1484,
            "세대수":320.0,
            "준공년월":"1998-05-29",
            "준공년차":25.0,
            "가까운역이름":"원흥",
            "가까운역거리":4018.03,
            "역세권여부":"비역세권",
            "30분이내주요거점역":0,
            "1시간이내주요거점역":6,
            "3km이내백화점수":0,
            "5km이내아울렛몰수":0,
            "1km이내대형먀트수":0,
            "500m이내은행수":0,
            "500m이내병원수":12,
            "5km이내대형병원수":0,
            "500m이내공원수":1,
            "3km이내혐오시설수":0,
            "초등학교학업성취도":84.8,
            "중학교학업성취도":69.6,
            "용적률":0,
            "건폐율":0,
            "Y":37.68651,
            "X":126.86694,
            "rank":140.0,
            "area_info":"24평(80.34), 32평(108.57)",
            "last_sales":"2021-07-20,40000.0,32평(108.57)"
        },
        {
            "index":24,
            "아파트명":"푸른3단지동익미라벨",
            "투자타입":"일반",
            "전용면적(m2)":"87.08",
            "전용면적(평)":"26평",
            "법정동주소":"경기도 고양시 덕양구 고양동 719",
            "도로명주소":"경기도 고양시 덕양구 푸른마을로 15",
            "세대수":90,
            "입주년차":40,
            "용적률점수":"--",
            "건폐율점수":"--",
            "세대당주차수":0,
            "난방방식":30,
            "공급면적":"--",
            "전용률":"--",
            "욕실수":100,
            "현관타입":100,
            "주거총점":62.5,
            "지역구공급총점":0.0,
            "역세권":0,
            "30분내 이동가능 거점":0,
            "1시간내 이동가능 거점":0,
            "교통총점":0.0,
            "백화점":0,
            "아울렛몰":0,
            "대형마트":0,
            "은행":0,
            "병원":10,
            "종합병원":0,
            "공원":100,
            "혐오시설":0,
            "인프라총점":4.0,
            "초등학군":84.52,
            "중학군":37.76,
            "학군총점":47.112,
            "인구수":53.57,
            "인구증감":25.08,
            "인구총점":45.023,
            "일자리":5.0,
            "소득수준":51.54,
            "일자리총점":18.962,
            "가치 총점":20.7668,
            "매매실거래년":20211215.0,
            "매매실거래가":32800.0,
            "전세실거래년":20210810.0,
            "전세실거래가":18000.0,
            "전세가율":54.88,
            "장기전세가율평균":74.41,
            "전세가율거품지수":19.53,
            "검색코드":9040,
            "세대수":958.0,
            "준공년월":"2004-06-30",
            "준공년차":19.0,
            "가까운역이름":"삼송",
            "가까운역거리":6368.21,
            "역세권여부":"비역세권",
            "30분이내주요거점역":0,
            "1시간이내주요거점역":0,
            "3km이내백화점수":0,
            "5km이내아울렛몰수":0,
            "1km이내대형먀트수":0,
            "500m이내은행수":0,
            "500m이내병원수":3,
            "5km이내대형병원수":0,
            "500m이내공원수":4,
            "3km이내혐오시설수":0,
            "초등학교학업성취도":84.52,
            "중학교학업성취도":61.0,
            "용적률":289,
            "건폐율":19,
            "Y":37.710058,
            "X":126.902901,
            "rank":141.0,
            "area_info":"26평(87.08), 32평(108.28), 32평(108.35), 34평(113.32), 35평(117.68)",
            "last_sales":"2021-12-15,32800.0,26평(87.08)"
        },
        {
            "index":20,
            "아파트명":"푸른1단지동익미라벨",
            "투자타입":"일반",
            "전용면적(m2)":"86.33",
            "전용면적(평)":"26평",
            "법정동주소":"경기도 고양시 덕양구 고양동 735",
            "도로명주소":"경기도 고양시 덕양구 푸른마을로 14",
            "세대수":50,
            "입주년차":40,
            "용적률점수":"--",
            "건폐율점수":"--",
            "세대당주차수":60,
            "난방방식":30,
            "공급면적":"--",
            "전용률":"--",
            "욕실수":100,
            "현관타입":100,
            "주거총점":57.5,
            "지역구공급총점":0.0,
            "역세권":0,
            "30분내 이동가능 거점":0,
            "1시간내 이동가능 거점":0,
            "교통총점":0.0,
            "백화점":0,
            "아울렛몰":0,
            "대형마트":0,
            "은행":0,
            "병원":30,
            "종합병원":0,
            "공원":100,
            "혐오시설":0,
            "인프라총점":6.0,
            "초등학군":84.52,
            "중학군":37.76,
            "학군총점":47.112,
            "인구수":53.57,
            "인구증감":25.08,
            "인구총점":45.023,
            "일자리":5.0,
            "소득수준":51.54,
            "일자리총점":18.962,
            "가치 총점":20.3668,
            "매매실거래년":20211111.0,
            "매매실거래가":44000.0,
            "전세실거래년":20211210.0,
            "전세실거래가":28000.0,
            "전세가율":80.0,
            "장기전세가율평균":74.41,
            "전세가율거품지수":-5.59,
            "검색코드":26503,
            "세대수":464.0,
            "준공년월":"2008-09-26",
            "준공년차":15.0,
            "가까운역이름":"삼송",
            "가까운역거리":6171.88,
            "역세권여부":"비역세권",
            "30분이내주요거점역":0,
            "1시간이내주요거점역":0,
            "3km이내백화점수":0,
            "5km이내아울렛몰수":0,
            "1km이내대형먀트수":0,
            "500m이내은행수":0,
            "500m이내병원수":8,
            "5km이내대형병원수":0,
            "500m이내공원수":5,
            "3km이내혐오시설수":0,
            "초등학교학업성취도":84.52,
            "중학교학업성취도":61.0,
            "용적률":297,
            "건폐율":17,
            "Y":37.708218,
            "X":126.903642,
            "rank":142.0,
            "area_info":"26평(86.33), 34평(114.7)",
            "last_sales":"2021-11-11,44000.0,34평(114.7)"
        },
        {
            "index":62,
            "아파트명":"주공그린빌",
            "투자타입":"일반",
            "전용면적(m2)":"75.62",
            "전용면적(평)":"22평",
            "법정동주소":"경기도 고양시 덕양구 관산동 996",
            "도로명주소":"경기도 고양시 덕양구 통일로802번길 69",
            "세대수":90,
            "입주년차":20,
            "용적률점수":"--",
            "건폐율점수":"--",
            "세대당주차수":30,
            "난방방식":30,
            "공급면적":"--",
            "전용률":"--",
            "욕실수":50,
            "현관타입":100,
            "주거총점":58.0,
            "지역구공급총점":0.0,
            "역세권":0,
            "30분내 이동가능 거점":0,
            "1시간내 이동가능 거점":0,
            "교통총점":0.0,
            "백화점":0,
            "아울렛몰":0,
            "대형마트":0,
            "은행":0,
            "병원":0,
            "종합병원":0,
            "공원":80,
            "혐오시설":0,
            "인프라총점":2.4,
            "초등학군":84.8,
            "중학군":44.52,
            "학군총점":52.576,
            "인구수":53.57,
            "인구증감":25.08,
            "인구총점":45.023,
            "일자리":5.0,
            "소득수준":51.54,
            "일자리총점":18.962,
            "가치 총점":20.2064,
            "매매실거래년":20211127.0,
            "매매실거래가":38800.0,
            "전세실거래년":20110209.0,
            "전세실거래가":9000.0,
            "전세가율":46.88,
            "장기전세가율평균":74.41,
            "전세가율거품지수":27.53,
            "검색코드":8307,
            "세대수":1192.0,
            "준공년월":"2003-10-20",
            "준공년차":20.0,
            "가까운역이름":"원흥",
            "가까운역거리":4722.57,
            "역세권여부":"비역세권",
            "30분이내주요거점역":0,
            "1시간이내주요거점역":0,
            "3km이내백화점수":0,
            "5km이내아울렛몰수":0,
            "1km이내대형먀트수":0,
            "500m이내은행수":0,
            "500m이내병원수":0,
            "5km이내대형병원수":0,
            "500m이내공원수":1,
            "3km이내혐오시설수":0,
            "초등학교학업성취도":84.8,
            "중학교학업성취도":69.6,
            "용적률":190,
            "건폐율":16,
            "Y":37.692718,
            "X":126.865195,
            "rank":143.0,
            "area_info":"22평(75.62), 23평(78.43), 23평(78.46), 30평(99.42), 33평(110.62), 33평(110.89), 33평(111.04)",
            "last_sales":"2021-11-27,38800.0,33평(111.04)"
        },
        {
            "index":14,
            "아파트명":"푸른10단지풍림아이원",
            "투자타입":"일반",
            "전용면적(m2)":"109.67",
            "전용면적(평)":"33평",
            "법정동주소":"경기도 고양시 덕양구 고양동 1121",
            "도로명주소":"경기도 고양시 덕양구 푸른마을로120번길 34",
            "세대수":50,
            "입주년차":60,
            "용적률점수":"--",
            "건폐율점수":"--",
            "세대당주차수":60,
            "난방방식":30,
            "공급면적":"--",
            "전용률":"--",
            "욕실수":100,
            "현관타입":100,
            "주거총점":61.5,
            "지역구공급총점":0.0,
            "역세권":0,
            "30분내 이동가능 거점":0,
            "1시간내 이동가능 거점":0,
            "교통총점":0.0,
            "백화점":0,
            "아울렛몰":0,
            "대형마트":0,
            "은행":0,
            "병원":0,
            "종합병원":0,
            "공원":80,
            "혐오시설":0,
            "인프라총점":2.4,
            "초등학군":84.52,
            "중학군":37.76,
            "학군총점":47.112,
            "인구수":53.57,
            "인구증감":25.08,
            "인구총점":45.023,
            "일자리":5.0,
            "소득수준":51.54,
            "일자리총점":18.962,
            "가치 총점":20.0868,
            "매매실거래년":20211224.0,
            "매매실거래가":40000.0,
            "전세실거래년":20211017.0,
            "전세실거래가":34000.0,
            "전세가율":78.16,
            "장기전세가율평균":74.41,
            "전세가율거품지수":-3.75,
            "검색코드":27391,
            "세대수":557.0,
            "준공년월":"2009-11-20",
            "준공년차":14.0,
            "가까운역이름":"삼송",
            "가까운역거리":7157.11,
            "역세권여부":"비역세권",
            "30분이내주요거점역":0,
            "1시간이내주요거점역":0,
            "3km이내백화점수":0,
            "5km이내아울렛몰수":0,
            "1km이내대형먀트수":0,
            "500m이내은행수":0,
            "500m이내병원수":1,
            "5km이내대형병원수":0,
            "500m이내공원수":1,
            "3km이내혐오시설수":0,
            "초등학교학업성취도":84.52,
            "중학교학업성취도":61.0,
            "용적률":210,
            "건폐율":18,
            "Y":37.717153,
            "X":126.90334,
            "rank":144.0,
            "area_info":"33평(109.67), 33평(109.37), 33평(111.26), 40평(133.08), 41평(135.87), 44평(147.77)",
            "last_sales":"2021-12-24,40000.0,40평(133.08)"
        },
        {
            "index":0,
            "아파트명":"고양우방유쉘",
            "투자타입":"일반",
            "전용면적(m2)":"81.58",
            "전용면적(평)":"24평",
            "법정동주소":"경기도 고양시 덕양구 고양동 454",
            "도로명주소":"경기도 고양시 덕양구 읍내로 25",
            "세대수":50,
            "입주년차":40,
            "용적률점수":"--",
            "건폐율점수":"--",
            "세대당주차수":30,
            "난방방식":30,
            "공급면적":"--",
            "전용률":"--",
            "욕실수":100,
            "현관타입":100,
            "주거총점":53.0,
            "지역구공급총점":0.0,
            "역세권":0,
            "30분내 이동가능 거점":0,
            "1시간내 이동가능 거점":0,
            "교통총점":0.0,
            "백화점":0,
            "아울렛몰":0,
            "대형마트":0,
            "은행":0,
            "병원":60,
            "종합병원":0,
            "공원":0,
            "혐오시설":0,
            "인프라총점":6.0,
            "초등학군":86.4,
            "중학군":37.76,
            "학군총점":47.488,
            "인구수":53.57,
            "인구증감":25.08,
            "인구총점":45.023,
            "일자리":5.0,
            "소득수준":51.54,
            "일자리총점":18.962,
            "가치 총점":19.5232,
            "매매실거래년":20211206.0,
            "매매실거래가":40000.0,
            "전세실거래년":20211130.0,
            "전세실거래가":23000.0,
            "전세가율":76.67,
            "장기전세가율평균":74.41,
            "전세가율거품지수":-2.26,
            "검색코드":11564,
            "세대수":443.0,
            "준공년월":"2007-06-13",
            "준공년차":16.0,
            "가까운역이름":"삼송",
            "가까운역거리":5262.99,
            "역세권여부":"비역세권",
            "30분이내주요거점역":0,
            "1시간이내주요거점역":0,
            "3km이내백화점수":0,
            "5km이내아울렛몰수":0,
            "1km이내대형먀트수":0,
            "500m이내은행수":1,
            "500m이내병원수":13,
            "5km이내대형병원수":0,
            "500m이내공원수":0,
            "3km이내혐오시설수":0,
            "초등학교학업성취도":86.4,
            "중학교학업성취도":61.0,
            "용적률":276,
            "건폐율":20,
            "Y":37.700298,
            "X":126.899745,
            "rank":145.0,
            "area_info":"24평(81.58), 24평(81.87), 25평(85.66), 34평(112.58)",
            "last_sales":"2021-12-06,40000.0,34평(112.58)"
        },
        {
            "index":33,
            "아파트명":"푸른6단지풍림아이원",
            "투자타입":"일반",
            "전용면적(m2)":"80.16",
            "전용면적(평)":"24평",
            "법정동주소":"경기도 고양시 덕양구 고양동 724",
            "도로명주소":"경기도 고양시 덕양구 푸른마을로 55",
            "세대수":50,
            "입주년차":40,
            "용적률점수":"--",
            "건폐율점수":"--",
            "세대당주차수":30,
            "난방방식":30,
            "공급면적":"--",
            "전용률":"--",
            "욕실수":100,
            "현관타입":100,
            "주거총점":53.0,
            "지역구공급총점":0.0,
            "역세권":0,
            "30분내 이동가능 거점":0,
            "1시간내 이동가능 거점":0,
            "교통총점":0.0,
            "백화점":0,
            "아울렛몰":0,
            "대형마트":0,
            "은행":0,
            "병원":10,
            "종합병원":0,
            "공원":100,
            "혐오시설":0,
            "인프라총점":4.0,
            "초등학군":84.52,
            "중학군":37.76,
            "학군총점":47.112,
            "인구수":53.57,
            "인구증감":25.08,
            "인구총점":45.023,
            "일자리":5.0,
            "소득수준":51.54,
            "일자리총점":18.962,
            "가치 총점":18.8668,
            "매매실거래년":20211222.0,
            "매매실거래가":33400.0,
            "전세실거래년":20211228.0,
            "전세실거래가":19950.0,
            "전세가율":59.73,
            "장기전세가율평균":74.41,
            "전세가율거품지수":14.68,
            "검색코드":19514,
            "세대수":496.0,
            "준공년월":"2007-04-25",
            "준공년차":16.0,
            "가까운역이름":"삼송",
            "가까운역거리":6644.12,
            "역세권여부":"비역세권",
            "30분이내주요거점역":0,
            "1시간이내주요거점역":0,
            "3km이내백화점수":0,
            "5km이내아울렛몰수":0,
            "1km이내대형먀트수":0,
            "500m이내은행수":0,
            "500m이내병원수":3,
            "5km이내대형병원수":0,
            "500m이내공원수":3,
            "3km이내혐오시설수":0,
            "초등학교학업성취도":84.52,
            "중학교학업성취도":61.0,
            "용적률":249,
            "건폐율":0,
            "Y":37.712358,
            "X":126.905078,
            "rank":146.0,
            "area_info":"24평(80.16), 33평(109.55)",
            "last_sales":"2021-12-22,33400.0,24평(80.16)"
        },
        {
            "index":31,
            "아파트명":"푸른5단지풍림아이원",
            "투자타입":"일반",
            "전용면적(m2)":"81.72",
            "전용면적(평)":"24평",
            "법정동주소":"경기도 고양시 덕양구 고양동 730",
            "도로명주소":"경기도 고양시 덕양구 푸른마을로 56",
            "세대수":50,
            "입주년차":40,
            "용적률점수":"--",
            "건폐율점수":"--",
            "세대당주차수":30,
            "난방방식":30,
            "공급면적":"--",
            "전용률":"--",
            "욕실수":100,
            "현관타입":100,
            "주거총점":53.0,
            "지역구공급총점":0.0,
            "역세권":0,
            "30분내 이동가능 거점":0,
            "1시간내 이동가능 거점":0,
            "교통총점":0.0,
            "백화점":0,
            "아울렛몰":0,
            "대형마트":0,
            "은행":0,
            "병원":0,
            "종합병원":0,
            "공원":100,
            "혐오시설":0,
            "인프라총점":3.0,
            "초등학군":84.52,
            "중학군":37.76,
            "학군총점":47.112,
            "인구수":53.57,
            "인구증감":25.08,
            "인구총점":45.023,
            "일자리":5.0,
            "소득수준":51.54,
            "일자리총점":18.962,
            "가치 총점":18.5668,
            "매매실거래년":20211119.0,
            "매매실거래가":40000.0,
            "전세실거래년":20210929.0,
            "전세실거래가":20000.0,
            "전세가율":68.97,
            "장기전세가율평균":74.41,
            "전세가율거품지수":5.44,
            "검색코드":19515,
            "세대수":460.0,
            "준공년월":"2007-04-25",
            "준공년차":16.0,
            "가까운역이름":"삼송",
            "가까운역거리":6793.81,
            "역세권여부":"비역세권",
            "30분이내주요거점역":0,
            "1시간이내주요거점역":0,
            "3km이내백화점수":0,
            "5km이내아울렛몰수":0,
            "1km이내대형먀트수":0,
            "500m이내은행수":0,
            "500m이내병원수":1,
            "5km이내대형병원수":0,
            "500m이내공원수":2,
            "3km이내혐오시설수":0,
            "초등학교학업성취도":84.52,
            "중학교학업성취도":61.0,
            "용적률":276,
            "건폐율":20,
            "Y":37.713461,
            "X":126.907376,
            "rank":147.0,
            "area_info":"24평(81.72), 32평(108.6)",
            "last_sales":"2021-11-19,40000.0,32평(108.6)"
        },
        {
            "index":36,
            "아파트명":"현대1차",
            "투자타입":"일반",
            "전용면적(m2)":"76.84",
            "전용면적(평)":"23평",
            "법정동주소":"경기도 고양시 덕양구 고양동 240-6",
            "도로명주소":"경기도 고양시 덕양구 읍내로 28",
            "세대수":50,
            "입주년차":0,
            "용적률점수":"--",
            "건폐율점수":"--",
            "세대당주차수":0,
            "난방방식":30,
            "공급면적":"--",
            "전용률":"--",
            "욕실수":50,
            "현관타입":100,
            "주거총점":35.5,
            "지역구공급총점":0.0,
            "역세권":0,
            "30분내 이동가능 거점":0,
            "1시간내 이동가능 거점":0,
            "교통총점":0.0,
            "백화점":0,
            "아울렛몰":0,
            "대형마트":0,
            "은행":0,
            "병원":60,
            "종합병원":0,
            "공원":80,
            "혐오시설":0,
            "인프라총점":8.4,
            "초등학군":86.4,
            "중학군":37.76,
            "학군총점":47.488,
            "인구수":53.57,
            "인구증감":25.08,
            "인구총점":45.023,
            "일자리":5.0,
            "소득수준":51.54,
            "일자리총점":18.962,
            "가치 총점":16.7432,
            "매매실거래년":20211126.0,
            "매매실거래가":27000.0,
            "전세실거래년":20211214.0,
            "전세실거래가":22000.0,
            "전세가율":81.48,
            "장기전세가율평균":74.41,
            "전세가율거품지수":-7.07,
            "검색코드":2599,
            "세대수":680.0,
            "준공년월":"1997-11-21",
            "준공년차":26.0,
            "가까운역이름":"삼송",
            "가까운역거리":5392.44,
            "역세권여부":"비역세권",
            "30분이내주요거점역":0,
            "1시간이내주요거점역":0,
            "3km이내백화점수":0,
            "5km이내아울렛몰수":0,
            "1km이내대형먀트수":0,
            "500m이내은행수":1,
            "500m이내병원수":17,
            "5km이내대형병원수":0,
            "500m이내공원수":1,
            "3km이내혐오시설수":0,
            "초등학교학업성취도":86.4,
            "중학교학업성취도":61.0,
            "용적률":262,
            "건폐율":21,
            "Y":37.701461,
            "X":126.899818,
            "rank":148.0,
            "area_info":"23평(76.84), 33평(109.2), 33평(109.98)",
            "last_sales":"2021-11-26,27000.0,23평(76.84)"
        },
        {
            "index":22,
            "아파트명":"푸른2단지동익미라벨",
            "투자타입":"일반",
            "전용면적(m2)":"138.04",
            "전용면적(평)":"41평",
            "법정동주소":"경기도 고양시 덕양구 고양동 720",
            "도로명주소":"경기도 고양시 덕양구 푸른마을로 16",
            "세대수":0,
            "입주년차":40,
            "용적률점수":"--",
            "건폐율점수":"--",
            "세대당주차수":60,
            "난방방식":30,
            "공급면적":"--",
            "전용률":"--",
            "욕실수":100,
            "현관타입":100,
            "주거총점":40.0,
            "지역구공급총점":0.0,
            "역세권":0,
            "30분내 이동가능 거점":0,
            "1시간내 이동가능 거점":0,
            "교통총점":0.0,
            "백화점":0,
            "아울렛몰":0,
            "대형마트":0,
            "은행":0,
            "병원":10,
            "종합병원":0,
            "공원":100,
            "혐오시설":0,
            "인프라총점":4.0,
            "초등학군":84.52,
            "중학군":37.76,
            "학군총점":47.112,
            "인구수":53.57,
            "인구증감":25.08,
            "인구총점":45.023,
            "일자리":5.0,
            "소득수준":51.54,
            "일자리총점":18.962,
            "가치 총점":16.2668,
            "매매실거래년":20211025.0,
            "매매실거래가":42000.0,
            "전세실거래년":20211012.0,
            "전세실거래가":25000.0,
            "전세가율":59.52,
            "장기전세가율평균":74.41,
            "전세가율거품지수":14.89,
            "검색코드":9401,
            "세대수":188.0,
            "준공년월":"2004-09-23",
            "준공년차":19.0,
            "가까운역이름":"삼송",
            "가까운역거리":6376.89,
            "역세권여부":"비역세권",
            "30분이내주요거점역":0,
            "1시간이내주요거점역":0,
            "3km이내백화점수":0,
            "5km이내아울렛몰수":0,
            "1km이내대형먀트수":0,
            "500m이내은행수":0,
            "500m이내병원수":3,
            "5km이내대형병원수":0,
            "500m이내공원수":4,
            "3km이내혐오시설수":0,
            "초등학교학업성취도":84.52,
            "중학교학업성취도":61.0,
            "용적률":273,
            "건폐율":15,
            "Y":37.70991,
            "X":126.90531,
            "rank":149.0,
            "area_info":"41평(138.04), 51평(171.76)",
            "last_sales":"2021-10-25,42000.0,41평(138.04)"
        },
        {
            "index":29,
            "아파트명":"푸른4단지동익미라벨",
            "투자타입":"일반",
            "전용면적(m2)":"133.18",
            "전용면적(평)":"40평",
            "법정동주소":"경기도 고양시 덕양구 고양동 734",
            "도로명주소":"경기도 고양시 덕양구 푸른마을로 54",
            "세대수":0,
            "입주년차":40,
            "용적률점수":"--",
            "건폐율점수":"--",
            "세대당주차수":60,
            "난방방식":30,
            "공급면적":"--",
            "전용률":"--",
            "욕실수":100,
            "현관타입":100,
            "주거총점":40.0,
            "지역구공급총점":0.0,
            "역세권":0,
            "30분내 이동가능 거점":0,
            "1시간내 이동가능 거점":0,
            "교통총점":0.0,
            "백화점":0,
            "아울렛몰":0,
            "대형마트":0,
            "은행":0,
            "병원":10,
            "종합병원":0,
            "공원":100,
            "혐오시설":0,
            "인프라총점":4.0,
            "초등학군":84.52,
            "중학군":37.76,
            "학군총점":47.112,
            "인구수":53.57,
            "인구증감":25.08,
            "인구총점":45.023,
            "일자리":5.0,
            "소득수준":51.54,
            "일자리총점":18.962,
            "가치 총점":16.2668,
            "매매실거래년":20211218.0,
            "매매실거래가":59000.0,
            "전세실거래년":20220118.0,
            "전세실거래가":24000.0,
            "전세가율":52.75,
            "장기전세가율평균":74.41,
            "전세가율거품지수":21.66,
            "검색코드":26502,
            "세대수":241.0,
            "준공년월":"2008-09-26",
            "준공년차":15.0,
            "가까운역이름":"삼송",
            "가까운역거리":6575.68,
            "역세권여부":"비역세권",
            "30분이내주요거점역":0,
            "1시간이내주요거점역":0,
            "3km이내백화점수":0,
            "5km이내아울렛몰수":0,
            "1km이내대형먀트수":0,
            "500m이내은행수":0,
            "500m이내병원수":3,
            "5km이내대형병원수":0,
            "500m이내공원수":3,
            "3km이내혐오시설수":0,
            "초등학교학업성취도":84.52,
            "중학교학업성취도":61.0,
            "용적률":260,
            "건폐율":21,
            "Y":37.711637,
            "X":126.906019,
            "rank":149.0,
            "area_info":"40평(133.18), 48평(160.16)",
            "last_sales":"2021-12-18,59000.0,48평(160.16)"
        },
        {
            "index":56,
            "아파트명":"유승",
            "투자타입":"일반",
            "전용면적(m2)":"78.91",
            "전용면적(평)":"23평",
            "법정동주소":"경기도 고양시 덕양구 관산동 126",
            "도로명주소":"경기도 고양시 덕양구 통일로742번길 63",
            "세대수":0,
            "입주년차":20,
            "용적률점수":"--",
            "건폐율점수":"--",
            "세대당주차수":30,
            "난방방식":30,
            "공급면적":"--",
            "전용률":"--",
            "욕실수":50,
            "현관타입":100,
            "주거총점":26.5,
            "지역구공급총점":0.0,
            "역세권":0,
            "30분내 이동가능 거점":0,
            "1시간내 이동가능 거점":20,
            "교통총점":4.0,
            "백화점":0,
            "아울렛몰":0,
            "대형마트":0,
            "은행":0,
            "병원":30,
            "종합병원":0,
            "공원":80,
            "혐오시설":0,
            "인프라총점":5.4,
            "초등학군":84.8,
            "중학군":44.52,
            "학군총점":52.576,
            "인구수":53.57,
            "인구증감":25.08,
            "인구총점":45.023,
            "일자리":5.0,
            "소득수준":51.54,
            "일자리총점":18.962,
            "가치 총점":16.2064,
            "매매실거래년":20210705.0,
            "매매실거래가":25000.0,
            "전세실거래년":null,
            "전세실거래가":null,
            "전세가율":null,
            "장기전세가율평균":74.41,
            "전세가율거품지수":null,
            "검색코드":2602,
            "세대수":218.0,
            "준공년월":"2000-04-29",
            "준공년차":23.0,
            "가까운역이름":"원흥",
            "가까운역거리":4484.61,
            "역세권여부":"비역세권",
            "30분이내주요거점역":0,
            "1시간이내주요거점역":2,
            "3km이내백화점수":0,
            "5km이내아울렛몰수":0,
            "1km이내대형먀트수":0,
            "500m이내은행수":0,
            "500m이내병원수":5,
            "5km이내대형병원수":0,
            "500m이내공원수":1,
            "3km이내혐오시설수":0,
            "초등학교학업성취도":84.8,
            "중학교학업성취도":69.6,
            "용적률":0,
            "건폐율":0,
            "Y":37.69086,
            "X":126.86857,
            "rank":150.0,
            "area_info":"23평(78.91), 24평(80.25), 25평(82.94), 32평(106.4), 32평(108.58), 43평(143.84)",
            "last_sales":"2021-07-05,25000.0,43평(143.84)"
        },
        {
            "index":35,
            "아파트명":"푸른7단지풍림아이원",
            "투자타입":"일반",
            "전용면적(m2)":"109.93",
            "전용면적(평)":"33평",
            "법정동주소":"경기도 고양시 덕양구 고양동 752",
            "도로명주소":"경기도 고양시 덕양구 푸른마을로 37",
            "세대수":0,
            "입주년차":60,
            "용적률점수":"--",
            "건폐율점수":"--",
            "세대당주차수":30,
            "난방방식":30,
            "공급면적":"--",
            "전용률":"--",
            "욕실수":100,
            "현관타입":100,
            "주거총점":39.5,
            "지역구공급총점":0.0,
            "역세권":0,
            "30분내 이동가능 거점":0,
            "1시간내 이동가능 거점":0,
            "교통총점":0.0,
            "백화점":0,
            "아울렛몰":0,
            "대형마트":0,
            "은행":0,
            "병원":10,
            "종합병원":0,
            "공원":100,
            "혐오시설":0,
            "인프라총점":4.0,
            "초등학군":84.52,
            "중학군":37.76,
            "학군총점":47.112,
            "인구수":53.57,
            "인구증감":25.08,
            "인구총점":45.023,
            "일자리":5.0,
            "소득수준":51.54,
            "일자리총점":18.962,
            "가치 총점":16.1668,
            "매매실거래년":20210821.0,
            "매매실거래가":42000.0,
            "전세실거래년":20211227.0,
            "전세실거래가":24500.0,
            "전세가율":58.33,
            "장기전세가율평균":74.41,
            "전세가율거품지수":16.08,
            "검색코드":100256,
            "세대수":211.0,
            "준공년월":"2010-10-22",
            "준공년차":13.0,
            "가까운역이름":"삼송",
            "가까운역거리":6565.59,
            "역세권여부":"비역세권",
            "30분이내주요거점역":0,
            "1시간이내주요거점역":0,
            "3km이내백화점수":0,
            "5km이내아울렛몰수":0,
            "1km이내대형먀트수":0,
            "500m이내은행수":0,
            "500m이내병원수":3,
            "5km이내대형병원수":0,
            "500m이내공원수":4,
            "3km이내혐오시설수":0,
            "초등학교학업성취도":84.52,
            "중학교학업성취도":61.0,
            "용적률":240,
            "건폐율":20,
            "Y":37.711679,
            "X":126.904748,
            "rank":151.0,
            "area_info":"33평(109.93)",
            "last_sales":"2021-08-21,42000.0,33평(109.93)"
        },
        {
            "index":42,
            "아파트명":"화성",
            "투자타입":"일반",
            "전용면적(m2)":"81.67",
            "전용면적(평)":"24평",
            "법정동주소":"경기도 고양시 덕양구 고양동 103",
            "도로명주소":"경기도 고양시 덕양구 벽제관로 45-10",
            "세대수":0,
            "입주년차":0,
            "용적률점수":"--",
            "건폐율점수":"--",
            "세대당주차수":80,
            "난방방식":30,
            "공급면적":"--",
            "전용률":"--",
            "욕실수":50,
            "현관타입":100,
            "주거총점":30.0,
            "지역구공급총점":0.0,
            "역세권":0,
            "30분내 이동가능 거점":0,
            "1시간내 이동가능 거점":0,
            "교통총점":0.0,
            "백화점":0,
            "아울렛몰":0,
            "대형마트":0,
            "은행":0,
            "병원":60,
            "종합병원":0,
            "공원":100,
            "혐오시설":0,
            "인프라총점":9.0,
            "초등학군":86.4,
            "중학군":37.76,
            "학군총점":47.488,
            "인구수":53.57,
            "인구증감":25.08,
            "인구총점":45.023,
            "일자리":5.0,
            "소득수준":51.54,
            "일자리총점":18.962,
            "가치 총점":15.8232,
            "매매실거래년":20220110.0,
            "매매실거래가":25000.0,
            "전세실거래년":20210621.0,
            "전세실거래가":15000.0,
            "전세가율":60.0,
            "장기전세가율평균":74.41,
            "전세가율거품지수":14.41,
            "검색코드":2601,
            "세대수":122.0,
            "준공년월":"1998-06-16",
            "준공년차":25.0,
            "가까운역이름":"삼송",
            "가까운역거리":5597.52,
            "역세권여부":"비역세권",
            "30분이내주요거점역":0,
            "1시간이내주요거점역":0,
            "3km이내백화점수":0,
            "5km이내아울렛몰수":0,
            "1km이내대형먀트수":0,
            "500m이내은행수":1,
            "500m이내병원수":17,
            "5km이내대형병원수":0,
            "500m이내공원수":2,
            "3km이내혐오시설수":0,
            "초등학교학업성취도":86.4,
            "중학교학업성취도":61.0,
            "용적률":242,
            "건폐율":22,
            "Y":37.70336,
            "X":126.89873,
            "rank":152.0,
            "area_info":"24평(81.67), 32평(107.82), 47평(158.41)",
            "last_sales":"2022-01-10,25000.0,24평(81.67)"
        },
        {
            "index":73,
            "아파트명":"킹스빌타운1차",
            "투자타입":"일반",
            "전용면적(m2)":"64.99",
            "전용면적(평)":"19평",
            "법정동주소":"경기도 고양시 덕양구 내유동 653-21",
            "도로명주소":"경기도 고양시 덕양구 유산길 59-15",
            "세대수":0,
            "입주년차":20,
            "용적률점수":"--",
            "건폐율점수":"--",
            "세대당주차수":0,
            "난방방식":30,
            "공급면적":"--",
            "전용률":"--",
            "욕실수":100,
            "현관타입":100,
            "주거총점":27.0,
            "지역구공급총점":0.0,
            "역세권":0,
            "30분내 이동가능 거점":0,
            "1시간내 이동가능 거점":0,
            "교통총점":0.0,
            "백화점":0,
            "아울렛몰":0,
            "대형마트":0,
            "은행":0,
            "병원":10,
            "종합병원":0,
            "공원":80,
            "혐오시설":0,
            "인프라총점":3.4,
            "초등학군":88.55,
            "중학군":48.58,
            "학군총점":56.574,
            "인구수":53.57,
            "인구증감":25.08,
            "인구총점":45.023,
            "일자리":5.0,
            "소득수준":51.54,
            "일자리총점":18.962,
            "가치 총점":14.9061,
            "매매실거래년":"18000101",
            "매매실거래가":null,
            "전세실거래년":null,
            "전세실거래가":null,
            "전세가율":null,
            "장기전세가율평균":74.41,
            "전세가율거품지수":null,
            "검색코드":100081,
            "세대수":105.0,
            "준공년월":"2001-01-12",
            "준공년차":22.0,
            "가까운역이름":"운정",
            "가까운역거리":7041.96,
            "역세권여부":"비역세권",
            "30분이내주요거점역":0,
            "1시간이내주요거점역":0,
            "3km이내백화점수":0,
            "5km이내아울렛몰수":0,
            "1km이내대형먀트수":0,
            "500m이내은행수":0,
            "500m이내병원수":3,
            "5km이내대형병원수":0,
            "500m이내공원수":1,
            "3km이내혐오시설수":0,
            "초등학교학업성취도":88.55,
            "중학교학업성취도":79.9,
            "용적률":0,
            "건폐율":0,
            "Y":37.728052,
            "X":126.847277,
            "rank":153.0,
            "area_info":"19평(64.99), 19평(65.12), 24평(82.43), 24평(82.43)",
            "last_sales":"1800-01-01,nan,19평(64.99)"
        },
        {
            "index":4,
            "아파트명":"삼성",
            "투자타입":"일반",
            "전용면적(m2)":"81.35",
            "전용면적(평)":"24평",
            "법정동주소":"경기도 고양시 덕양구 고양동 197",
            "도로명주소":"경기도 고양시 덕양구 혜음로 30",
            "세대수":0,
            "입주년차":0,
            "용적률점수":"--",
            "건폐율점수":"--",
            "세대당주차수":30,
            "난방방식":30,
            "공급면적":"--",
            "전용률":"--",
            "욕실수":50,
            "현관타입":100,
            "주거총점":22.5,
            "지역구공급총점":0.0,
            "역세권":0,
            "30분내 이동가능 거점":0,
            "1시간내 이동가능 거점":0,
            "교통총점":0.0,
            "백화점":0,
            "아울렛몰":0,
            "대형마트":0,
            "은행":0,
            "병원":60,
            "종합병원":0,
            "공원":100,
            "혐오시설":0,
            "인프라총점":9.0,
            "초등학군":86.4,
            "중학군":37.76,
            "학군총점":47.488,
            "인구수":53.57,
            "인구증감":25.08,
            "인구총점":45.023,
            "일자리":5.0,
            "소득수준":51.54,
            "일자리총점":18.962,
            "가치 총점":14.3232,
            "매매실거래년":20211222.0,
            "매매실거래가":35500.0,
            "전세실거래년":20210929.0,
            "전세실거래가":17000.0,
            "전세가율":66.67,
            "장기전세가율평균":74.41,
            "전세가율거품지수":7.74,
            "검색코드":2596,
            "세대수":282.0,
            "준공년월":"1998-11-11",
            "준공년차":25.0,
            "가까운역이름":"삼송",
            "가까운역거리":5578.25,
            "역세권여부":"비역세권",
            "30분이내주요거점역":0,
            "1시간이내주요거점역":0,
            "3km이내백화점수":0,
            "5km이내아울렛몰수":0,
            "1km이내대형먀트수":0,
            "500m이내은행수":1,
            "500m이내병원수":17,
            "5km이내대형병원수":0,
            "500m이내공원수":2,
            "3km이내혐오시설수":0,
            "초등학교학업성취도":86.4,
            "중학교학업성취도":61.0,
            "용적률":287,
            "건폐율":33,
            "Y":37.702946,
            "X":126.902518,
            "rank":154.0,
            "area_info":"24평(81.35), 32평(108.97), 33평(109.12), 37평(125.51)",
            "last_sales":"2021-12-22,35500.0,33평(109.12)"
        },
        {
            "index":87,
            "아파트명":"킹스빌타운3차",
            "투자타입":"일반",
            "전용면적(m2)":"35.91",
            "전용면적(평)":"10평",
            "법정동주소":"경기도 고양시 덕양구 내유동 636",
            "도로명주소":"경기도 고양시 덕양구 유산길42번길 46",
            "세대수":30,
            "입주년차":20,
            "용적률점수":"--",
            "건폐율점수":"--",
            "세대당주차수":0,
            "난방방식":30,
            "공급면적":"--",
            "전용률":"--",
            "욕실수":50,
            "현관타입":50,
            "주거총점":27.5,
            "지역구공급총점":0.0,
            "역세권":0,
            "30분내 이동가능 거점":0,
            "1시간내 이동가능 거점":0,
            "교통총점":0.0,
            "백화점":0,
            "아울렛몰":0,
            "대형마트":0,
            "은행":0,
            "병원":10,
            "종합병원":0,
            "공원":0,
            "혐오시설":0,
            "인프라총점":1.0,
            "초등학군":88.55,
            "중학군":44.52,
            "학군총점":53.326,
            "인구수":53.57,
            "인구증감":25.08,
            "인구총점":45.023,
            "일자리":5.0,
            "소득수준":51.54,
            "일자리총점":18.962,
            "가치 총점":13.7989,
            "매매실거래년":"18000101",
            "매매실거래가":null,
            "전세실거래년":null,
            "전세실거래가":null,
            "전세가율":null,
            "장기전세가율평균":74.41,
            "전세가율거품지수":null,
            "검색코드":100092,
            "세대수":328.0,
            "준공년월":"2002-11-25",
            "준공년차":21.0,
            "가까운역이름":"운정",
            "가까운역거리":7256.47,
            "역세권여부":"비역세권",
            "30분이내주요거점역":0,
            "1시간이내주요거점역":0,
            "3km이내백화점수":0,
            "5km이내아울렛몰수":0,
            "1km이내대형먀트수":0,
            "500m이내은행수":0,
            "500m이내병원수":2,
            "5km이내대형병원수":0,
            "500m이내공원수":0,
            "3km이내혐오시설수":0,
            "초등학교학업성취도":88.55,
            "중학교학업성취도":69.6,
            "용적률":0,
            "건폐율":0,
            "Y":37.72568,
            "X":126.849764,
            "rank":155.0,
            "area_info":"10평(35.91), 11평(38.7), 12평(40.4), 12평(41.65), 14평(48.45), 16평(55.4), 19평(64.99), 21평(71.82), 23평(77.4), 24평(81.78)",
            "last_sales":"1800-01-01,nan,10평(35.91)"
        },
        {
            "index":39,
            "아파트명":"현대2차",
            "투자타입":"일반",
            "전용면적(m2)":"78.37",
            "전용면적(평)":"23평",
            "법정동주소":"경기도 고양시 덕양구 고양동 255",
            "도로명주소":"경기도 고양시 덕양구 읍내로 36",
            "세대수":0,
            "입주년차":0,
            "용적률점수":"--",
            "건폐율점수":"--",
            "세대당주차수":0,
            "난방방식":30,
            "공급면적":"--",
            "전용률":"--",
            "욕실수":50,
            "현관타입":100,
            "주거총점":18.0,
            "지역구공급총점":0.0,
            "역세권":0,
            "30분내 이동가능 거점":0,
            "1시간내 이동가능 거점":0,
            "교통총점":0.0,
            "백화점":0,
            "아울렛몰":0,
            "대형마트":0,
            "은행":0,
            "병원":60,
            "종합병원":0,
            "공원":80,
            "혐오시설":0,
            "인프라총점":8.4,
            "초등학군":86.4,
            "중학군":37.76,
            "학군총점":47.488,
            "인구수":53.57,
            "인구증감":25.08,
            "인구총점":45.023,
            "일자리":5.0,
            "소득수준":51.54,
            "일자리총점":18.962,
            "가치 총점":13.2432,
            "매매실거래년":20210618.0,
            "매매실거래가":21000.0,
            "전세실거래년":20210907.0,
            "전세실거래가":22000.0,
            "전세가율":104.76,
            "장기전세가율평균":74.41,
            "전세가율거품지수":-30.35,
            "검색코드":2600,
            "세대수":111.0,
            "준공년월":"1997-11-21",
            "준공년차":26.0,
            "가까운역이름":"삼송",
            "가까운역거리":5366.53,
            "역세권여부":"비역세권",
            "30분이내주요거점역":0,
            "1시간이내주요거점역":0,
            "3km이내백화점수":0,
            "5km이내아울렛몰수":0,
            "1km이내대형먀트수":0,
            "500m이내은행수":1,
            "500m이내병원수":17,
            "5km이내대형병원수":0,
            "500m이내공원수":1,
            "3km이내혐오시설수":0,
            "초등학교학업성취도":86.4,
            "중학교학업성취도":61.0,
            "용적률":209,
            "건폐율":19,
            "Y":37.70128,
            "X":126.89873,
            "rank":156.0,
            "area_info":"23평(78.37), 33평(110.78), 33평(111.08)",
            "last_sales":"2021-06-18,21000.0,23평(78.37)"
        },
        {
            "index":77,
            "아파트명":"킹스빌타운2차",
            "투자타입":"일반",
            "전용면적(m2)":"38.67",
            "전용면적(평)":"11평",
            "법정동주소":"경기도 고양시 덕양구 내유동 676-1",
            "도로명주소":"경기도 고양시 덕양구 통일로 1276-17",
            "세대수":0,
            "입주년차":20,
            "용적률점수":"--",
            "건폐율점수":"--",
            "세대당주차수":0,
            "난방방식":30,
            "공급면적":"--",
            "전용률":"--",
            "욕실수":50,
            "현관타입":100,
            "주거총점":22.0,
            "지역구공급총점":0.0,
            "역세권":0,
            "30분내 이동가능 거점":0,
            "1시간내 이동가능 거점":0,
            "교통총점":0.0,
            "백화점":0,
            "아울렛몰":0,
            "대형마트":0,
            "은행":0,
            "병원":10,
            "종합병원":0,
            "공원":0,
            "혐오시설":0,
            "인프라총점":1.0,
            "초등학군":88.55,
            "중학군":48.58,
            "학군총점":56.574,
            "인구수":53.57,
            "인구증감":25.08,
            "인구총점":45.023,
            "일자리":5.0,
            "소득수준":51.54,
            "일자리총점":18.962,
            "가치 총점":13.1861,
            "매매실거래년":"18000101",
            "매매실거래가":null,
            "전세실거래년":null,
            "전세실거래가":null,
            "전세가율":null,
            "장기전세가율평균":74.41,
            "전세가율거품지수":null,
            "검색코드":100086,
            "세대수":170.0,
            "준공년월":"2001-11-16",
            "준공년차":22.0,
            "가까운역이름":"운정",
            "가까운역거리":6732.93,
            "역세권여부":"비역세권",
            "30분이내주요거점역":0,
            "1시간이내주요거점역":0,
            "3km이내백화점수":0,
            "5km이내아울렛몰수":0,
            "1km이내대형먀트수":0,
            "500m이내은행수":0,
            "500m이내병원수":4,
            "5km이내대형병원수":0,
            "500m이내공원수":0,
            "3km이내혐오시설수":0,
            "초등학교학업성취도":88.55,
            "중학교학업성취도":79.9,
            "용적률":0,
            "건폐율":0,
            "Y":37.726856,
            "X":126.843801,
            "rank":157.0,
            "area_info":"11평(38.67), 12평(40.39), 12평(41.8), 13평(44.16), 13평(46.03), 15평(49.87), 15평(51.96), 15평(52.25), 19평(63.62), 19평(64.99)",
            "last_sales":"1800-01-01,nan,11평(38.67)"
        },
        {
            "index":12,
            "아파트명":"청구",
            "투자타입":"일반",
            "전용면적(m2)":"78.16",
            "전용면적(평)":"23평",
            "법정동주소":"경기도 고양시 덕양구 고양동 399",
            "도로명주소":"경기도 고양시 덕양구 동헌로 408-8",
            "세대수":0,
            "입주년차":0,
            "용적률점수":"--",
            "건폐율점수":"--",
            "세대당주차수":0,
            "난방방식":30,
            "공급면적":"--",
            "전용률":"--",
            "욕실수":50,
            "현관타입":100,
            "주거총점":18.0,
            "지역구공급총점":0.0,
            "역세권":0,
            "30분내 이동가능 거점":0,
            "1시간내 이동가능 거점":0,
            "교통총점":0.0,
            "백화점":0,
            "아울렛몰":0,
            "대형마트":0,
            "은행":0,
            "병원":10,
            "종합병원":0,
            "공원":100,
            "혐오시설":0,
            "인프라총점":4.0,
            "초등학군":86.4,
            "중학군":37.76,
            "학군총점":47.488,
            "인구수":53.57,
            "인구증감":25.08,
            "인구총점":45.023,
            "일자리":5.0,
            "소득수준":51.54,
            "일자리총점":18.962,
            "가치 총점":11.9232,
            "매매실거래년":20210901.0,
            "매매실거래가":22000.0,
            "전세실거래년":20190909.0,
            "전세실거래가":12000.0,
            "전세가율":71.86,
            "장기전세가율평균":74.41,
            "전세가율거품지수":2.55,
            "검색코드":2598,
            "세대수":168.0,
            "준공년월":"1997-10-30",
            "준공년차":26.0,
            "가까운역이름":"삼송",
            "가까운역거리":5848.95,
            "역세권여부":"비역세권",
            "30분이내주요거점역":0,
            "1시간이내주요거점역":0,
            "3km이내백화점수":0,
            "5km이내아울렛몰수":0,
            "1km이내대형먀트수":0,
            "500m이내은행수":0,
            "500m이내병원수":3,
            "5km이내대형병원수":0,
            "500m이내공원수":2,
            "3km이내혐오시설수":0,
            "초등학교학업성취도":86.4,
            "중학교학업성취도":61.0,
            "용적률":273,
            "건폐율":24,
            "Y":37.705676,
            "X":126.896705,
            "rank":158.0,
            "area_info":"23평(78.16), 32평(107.15)",
            "last_sales":"2021-09-01,22000.0,32평(107.15)"
        },
        {
            "index":8,
            "아파트명":"윤창",
            "투자타입":"일반",
            "전용면적(m2)":"79.56",
            "전용면적(평)":"24평",
            "법정동주소":"경기도 고양시 덕양구 고양동 414-17",
            "도로명주소":"경기도 고양시 덕양구 동헌로 398-22",
            "세대수":0,
            "입주년차":0,
            "용적률점수":"--",
            "건폐율점수":"--",
            "세대당주차수":0,
            "난방방식":30,
            "공급면적":"--",
            "전용률":"--",
            "욕실수":50,
            "현관타입":100,
            "주거총점":18.0,
            "지역구공급총점":0.0,
            "역세권":0,
            "30분내 이동가능 거점":0,
            "1시간내 이동가능 거점":0,
            "교통총점":0.0,
            "백화점":0,
            "아울렛몰":0,
            "대형마트":0,
            "은행":0,
            "병원":0,
            "종합병원":0,
            "공원":100,
            "혐오시설":0,
            "인프라총점":3.0,
            "초등학군":86.4,
            "중학군":37.76,
            "학군총점":47.488,
            "인구수":53.57,
            "인구증감":25.08,
            "인구총점":45.023,
            "일자리":5.0,
            "소득수준":51.54,
            "일자리총점":18.962,
            "가치 총점":11.6232,
            "매매실거래년":20220107.0,
            "매매실거래가":20000.0,
            "전세실거래년":20200723.0,
            "전세실거래가":13500.0,
            "전세가율":67.5,
            "장기전세가율평균":74.41,
            "전세가율거품지수":6.91,
            "검색코드":2597,
            "세대수":299.0,
            "준공년월":"1997-08-20",
            "준공년차":26.0,
            "가까운역이름":"삼송",
            "가까운역거리":5879.56,
            "역세권여부":"비역세권",
            "30분이내주요거점역":0,
            "1시간이내주요거점역":0,
            "3km이내백화점수":0,
            "5km이내아울렛몰수":0,
            "1km이내대형먀트수":0,
            "500m이내은행수":0,
            "500m이내병원수":0,
            "5km이내대형병원수":0,
            "500m이내공원수":2,
            "3km이내혐오시설수":0,
            "초등학교학업성취도":86.4,
            "중학교학업성취도":61.0,
            "용적률":184,
            "건폐율":22,
            "Y":37.705958,
            "X":126.895136,
            "rank":159.0,
            "area_info":"24평(79.56), 25평(84.12), 32평(107.96), 32평(108.41)",
            "last_sales":"2022-01-07,20000.0,24평(79.56)"
        }
    ]
}