{
    "schema":{
        "fields":[
            {
                "name":"index",
                "type":"integer"
            },
            {
                "name":"아파트명",
                "type":"string"
            },
            {
                "name":"투자타입",
                "type":"string"
            },
            {
                "name":"전용면적(m2)",
                "type":"string"
            },
            {
                "name":"전용면적(평)",
                "type":"string"
            },
            {
                "name":"법정동주소",
                "type":"string"
            },
            {
                "name":"도로명주소",
                "type":"string"
            },
            {
                "name":"세대수",
                "type":"integer"
            },
            {
                "name":"입주년차",
                "type":"string"
            },
            {
                "name":"용적률점수",
                "type":"string"
            },
            {
                "name":"건폐율점수",
                "type":"string"
            },
            {
                "name":"세대당주차수",
                "type":"string"
            },
            {
                "name":"난방방식",
                "type":"string"
            },
            {
                "name":"공급면적",
                "type":"string"
            },
            {
                "name":"전용률",
                "type":"string"
            },
            {
                "name":"욕실수",
                "type":"string"
            },
            {
                "name":"현관타입",
                "type":"string"
            },
            {
                "name":"주거총점",
                "type":"number"
            },
            {
                "name":"지역구공급총점",
                "type":"number"
            },
            {
                "name":"역세권",
                "type":"integer"
            },
            {
                "name":"30분내 이동가능 거점",
                "type":"integer"
            },
            {
                "name":"1시간내 이동가능 거점",
                "type":"integer"
            },
            {
                "name":"교통총점",
                "type":"number"
            },
            {
                "name":"백화점",
                "type":"integer"
            },
            {
                "name":"아울렛몰",
                "type":"integer"
            },
            {
                "name":"대형마트",
                "type":"integer"
            },
            {
                "name":"은행",
                "type":"integer"
            },
            {
                "name":"병원",
                "type":"integer"
            },
            {
                "name":"종합병원",
                "type":"integer"
            },
            {
                "name":"공원",
                "type":"integer"
            },
            {
                "name":"혐오시설",
                "type":"integer"
            },
            {
                "name":"인프라총점",
                "type":"number"
            },
            {
                "name":"초등학군",
                "type":"number"
            },
            {
                "name":"중학군",
                "type":"number"
            },
            {
                "name":"학군총점",
                "type":"number"
            },
            {
                "name":"인구수",
                "type":"number"
            },
            {
                "name":"인구증감",
                "type":"number"
            },
            {
                "name":"인구총점",
                "type":"number"
            },
            {
                "name":"일자리",
                "type":"number"
            },
            {
                "name":"소득수준",
                "type":"number"
            },
            {
                "name":"일자리총점",
                "type":"number"
            },
            {
                "name":"가치 총점",
                "type":"number"
            },
            {
                "name":"매매실거래년",
                "type":"string"
            },
            {
                "name":"매매실거래가",
                "type":"number"
            },
            {
                "name":"전세실거래년",
                "type":"number"
            },
            {
                "name":"전세실거래가",
                "type":"number"
            },
            {
                "name":"전세가율",
                "type":"number"
            },
            {
                "name":"장기전세가율평균",
                "type":"number"
            },
            {
                "name":"전세가율거품지수",
                "type":"number"
            },
            {
                "name":"검색코드",
                "type":"integer"
            },
            {
                "name":"세대수",
                "type":"number"
            },
            {
                "name":"준공년월",
                "type":"string"
            },
            {
                "name":"준공년차",
                "type":"number"
            },
            {
                "name":"가까운역이름",
                "type":"string"
            },
            {
                "name":"가까운역거리",
                "type":"number"
            },
            {
                "name":"역세권여부",
                "type":"string"
            },
            {
                "name":"30분이내주요거점역",
                "type":"integer"
            },
            {
                "name":"1시간이내주요거점역",
                "type":"integer"
            },
            {
                "name":"3km이내백화점수",
                "type":"integer"
            },
            {
                "name":"5km이내아울렛몰수",
                "type":"integer"
            },
            {
                "name":"1km이내대형먀트수",
                "type":"integer"
            },
            {
                "name":"500m이내은행수",
                "type":"integer"
            },
            {
                "name":"500m이내병원수",
                "type":"integer"
            },
            {
                "name":"5km이내대형병원수",
                "type":"integer"
            },
            {
                "name":"500m이내공원수",
                "type":"integer"
            },
            {
                "name":"3km이내혐오시설수",
                "type":"integer"
            },
            {
                "name":"초등학교학업성취도",
                "type":"number"
            },
            {
                "name":"중학교학업성취도",
                "type":"number"
            },
            {
                "name":"용적률",
                "type":"integer"
            },
            {
                "name":"건폐율",
                "type":"integer"
            },
            {
                "name":"Y",
                "type":"number"
            },
            {
                "name":"X",
                "type":"number"
            },
            {
                "name":"rank",
                "type":"number"
            },
            {
                "name":"area_info",
                "type":"string"
            },
            {
                "name":"last_sales",
                "type":"string"
            }
        ],
        "primaryKey":[
            "index"
        ],
        "pandas_version":"1.4.0"
    },
    "data":[
        {
            "index":7,
            "아파트명":"강촌라이프",
            "투자타입":"재건축",
            "전용면적(m2)":"47.27",
            "전용면적(평)":"14평",
            "법정동주소":"경기도 고양시 일산동구 마두동 789",
            "도로명주소":"경기도 고양시 일산동구 강석로 110",
            "세대수":100,
            "입주년차":"--",
            "용적률점수":80,
            "건폐율점수":100,
            "세대당주차수":"--",
            "난방방식":"--",
            "공급면적":50,
            "전용률":60,
            "욕실수":"--",
            "현관타입":"--",
            "주거총점":87.5,
            "지역구공급총점":0.0,
            "역세권":80,
            "30분내 이동가능 거점":20,
            "1시간내 이동가능 거점":70,
            "교통총점":60.0,
            "백화점":100,
            "아울렛몰":80,
            "대형마트":100,
            "은행":70,
            "병원":80,
            "종합병원":100,
            "공원":100,
            "혐오시설":0,
            "인프라총점":91.0,
            "초등학군":90.8,
            "중학군":55.42,
            "학군총점":62.496,
            "인구수":35.06,
            "인구증감":3.42,
            "인구총점":25.568,
            "일자리":7.5,
            "소득수준":51.54,
            "일자리총점":20.712,
            "가치 총점":75.1744,
            "매매실거래년":20211115.0,
            "매매실거래가":78500.0,
            "전세실거래년":20220110.0,
            "전세실거래가":13650.0,
            "전세가율":42.66,
            "장기전세가율평균":72.67,
            "전세가율거품지수":30.01,
            "검색코드":2909,
            "세대수":1558.0,
            "준공년월":"1992-10-30",
            "준공년차":31.0,
            "가까운역이름":"마두",
            "가까운역거리":277.55,
            "역세권여부":"역세권",
            "30분이내주요거점역":1,
            "1시간이내주요거점역":7,
            "3km이내백화점수":1,
            "5km이내아울렛몰수":1,
            "1km이내대형먀트수":2,
            "500m이내은행수":4,
            "500m이내병원수":56,
            "5km이내대형병원수":6,
            "500m이내공원수":2,
            "3km이내혐오시설수":0,
            "초등학교학업성취도":90.8,
            "중학교학업성취도":88.1,
            "용적률":163,
            "건폐율":14,
            "Y":37.651942,
            "X":126.780755,
            "rank":1.0,
            "area_info":"14평(47.27), 14평(47.16), 19평(63.08), 19평(65.19), 31평(102.86), 31평(102.71), 31평(102.76), 31평(105.07)",
            "last_sales":"2021-11-15,78500.0,31평(105.07)"
        },
        {
            "index":106,
            "아파트명":"일산요진와이시티",
            "투자타입":"일반",
            "전용면적(m2)":"84.32",
            "전용면적(평)":"25평",
            "법정동주소":"경기도 고양시 일산동구 백석동 1237",
            "도로명주소":"경기도 고양시 일산동구 강송로 33",
            "세대수":100,
            "입주년차":80,
            "용적률점수":"--",
            "건폐율점수":"--",
            "세대당주차수":80,
            "난방방식":100,
            "공급면적":"--",
            "전용률":"--",
            "욕실수":100,
            "현관타입":100,
            "주거총점":93.0,
            "지역구공급총점":0.0,
            "역세권":80,
            "30분내 이동가능 거점":20,
            "1시간내 이동가능 거점":80,
            "교통총점":62.0,
            "백화점":100,
            "아울렛몰":80,
            "대형마트":100,
            "은행":0,
            "병원":60,
            "종합병원":100,
            "공원":80,
            "혐오시설":-50,
            "인프라총점":80.4,
            "초등학군":88.32,
            "중학군":52.64,
            "학군총점":59.776,
            "인구수":35.06,
            "인구증감":3.42,
            "인구총점":25.568,
            "일자리":7.5,
            "소득수준":51.54,
            "일자리총점":20.712,
            "가치 총점":73.3864,
            "매매실거래년":20201111.0,
            "매매실거래가":300000.0,
            "전세실거래년":null,
            "전세실거래가":null,
            "전세가율":null,
            "장기전세가율평균":72.67,
            "전세가율거품지수":null,
            "검색코드":107014,
            "세대수":2404.0,
            "준공년월":"2016-06-20",
            "준공년차":7.0,
            "가까운역이름":"백석",
            "가까운역거리":476.66,
            "역세권여부":"역세권",
            "30분이내주요거점역":1,
            "1시간이내주요거점역":8,
            "3km이내백화점수":1,
            "5km이내아울렛몰수":1,
            "1km이내대형먀트수":2,
            "500m이내은행수":1,
            "500m이내병원수":12,
            "5km이내대형병원수":5,
            "500m이내공원수":1,
            "3km이내혐오시설수":1,
            "초등학교학업성취도":88.32,
            "중학교학업성취도":85.4,
            "용적률":510,
            "건폐율":37,
            "Y":37.642979,
            "X":126.793281,
            "rank":2.0,
            "area_info":"25평(84.32), 25평(84.32), 25평(84.37), 35평(118.96), 35평(118.71), 35평(118.69), 35평(118.96), 35평(118.96), 38평(127.18), 44평(145.6), 44평(146.18), 44평(146.22), 54평(180.03), 66평(220.66), 69평(229.86), 104평(344.06)",
            "last_sales":"2020-11-11,300000.0,104평(344.06)"
        },
        {
            "index":15,
            "아파트명":"강촌선경코오롱",
            "투자타입":"일반",
            "전용면적(m2)":"121.36",
            "전용면적(평)":"36평",
            "법정동주소":"경기도 고양시 일산동구 마두동 796",
            "도로명주소":"경기도 고양시 일산동구 강석로 152",
            "세대수":80,
            "입주년차":0,
            "용적률점수":"--",
            "건폐율점수":"--",
            "세대당주차수":60,
            "난방방식":100,
            "공급면적":"--",
            "전용률":"--",
            "욕실수":100,
            "현관타입":100,
            "주거총점":67.0,
            "지역구공급총점":0.0,
            "역세권":80,
            "30분내 이동가능 거점":20,
            "1시간내 이동가능 거점":70,
            "교통총점":60.0,
            "백화점":100,
            "아울렛몰":80,
            "대형마트":100,
            "은행":70,
            "병원":80,
            "종합병원":100,
            "공원":100,
            "혐오시설":0,
            "인프라총점":91.0,
            "초등학군":90.8,
            "중학군":55.42,
            "학군총점":62.496,
            "인구수":35.06,
            "인구증감":3.42,
            "인구총점":25.568,
            "일자리":7.5,
            "소득수준":51.54,
            "일자리총점":20.712,
            "가치 총점":71.0744,
            "매매실거래년":20210906.0,
            "매매실거래가":99000.0,
            "전세실거래년":20210812.0,
            "전세실거래가":45000.0,
            "전세가율":58.06,
            "장기전세가율평균":72.67,
            "전세가율거품지수":14.61,
            "검색코드":25777,
            "세대수":702.0,
            "준공년월":"1993-06-29",
            "준공년차":30.0,
            "가까운역이름":"마두",
            "가까운역거리":298.3,
            "역세권여부":"역세권",
            "30분이내주요거점역":1,
            "1시간이내주요거점역":7,
            "3km이내백화점수":2,
            "5km이내아울렛몰수":1,
            "1km이내대형먀트수":2,
            "500m이내은행수":4,
            "500m이내병원수":53,
            "5km이내대형병원수":6,
            "500m이내공원수":3,
            "3km이내혐오시설수":0,
            "초등학교학업성취도":90.8,
            "중학교학업성취도":88.1,
            "용적률":182,
            "건폐율":13,
            "Y":37.654522,
            "X":126.77933,
            "rank":3.0,
            "area_info":"36평(121.36), 37평(123.74), 45평(148.87), 48평(159.14), 49평(165.2)",
            "last_sales":"2021-09-06,99000.0,49평(165.2)"
        },
        {
            "index":20,
            "아파트명":"강촌우방",
            "투자타입":"일반",
            "전용면적(m2)":"106.05",
            "전용면적(평)":"32평",
            "법정동주소":"경기도 고양시 일산동구 마두동 794",
            "도로명주소":"경기도 고양시 일산동구 강송로 195",
            "세대수":80,
            "입주년차":0,
            "용적률점수":"--",
            "건폐율점수":"--",
            "세대당주차수":30,
            "난방방식":100,
            "공급면적":"--",
            "전용률":"--",
            "욕실수":100,
            "현관타입":100,
            "주거총점":62.5,
            "지역구공급총점":0.0,
            "역세권":80,
            "30분내 이동가능 거점":20,
            "1시간내 이동가능 거점":40,
            "교통총점":54.0,
            "백화점":100,
            "아울렛몰":80,
            "대형마트":100,
            "은행":70,
            "병원":80,
            "종합병원":100,
            "공원":100,
            "혐오시설":0,
            "인프라총점":91.0,
            "초등학군":90.8,
            "중학군":56.66,
            "학군총점":63.488,
            "인구수":35.06,
            "인구증감":3.42,
            "인구총점":25.568,
            "일자리":7.5,
            "소득수준":51.54,
            "일자리총점":20.712,
            "가치 총점":68.2232,
            "매매실거래년":20211218.0,
            "매매실거래가":73000.0,
            "전세실거래년":20220116.0,
            "전세실거래가":49000.0,
            "전세가율":67.12,
            "장기전세가율평균":72.67,
            "전세가율거품지수":5.55,
            "검색코드":2920,
            "세대수":766.0,
            "준공년월":"1993-02-20",
            "준공년차":30.0,
            "가까운역이름":"마두",
            "가까운역거리":487.01,
            "역세권여부":"역세권",
            "30분이내주요거점역":1,
            "1시간이내주요거점역":4,
            "3km이내백화점수":2,
            "5km이내아울렛몰수":1,
            "1km이내대형먀트수":2,
            "500m이내은행수":3,
            "500m이내병원수":38,
            "5km이내대형병원수":6,
            "500m이내공원수":6,
            "3km이내혐오시설수":0,
            "초등학교학업성취도":90.8,
            "중학교학업성취도":89.7,
            "용적률":184,
            "건폐율":16,
            "Y":37.655861,
            "X":126.780668,
            "rank":4.0,
            "area_info":"32평(106.05), 48평(159.76), 59평(195.99), 68평(225.46)",
            "last_sales":"2021-12-18,73000.0,32평(106.05)"
        },
        {
            "index":273,
            "아파트명":"호수4단지럭키롯데",
            "투자타입":"일반",
            "전용면적(m2)":"121.45",
            "전용면적(평)":"36평",
            "법정동주소":"경기도 고양시 일산동구 장항동 875",
            "도로명주소":"경기도 고양시 일산동구 노루목로 79",
            "세대수":50,
            "입주년차":0,
            "용적률점수":"--",
            "건폐율점수":"--",
            "세대당주차수":80,
            "난방방식":100,
            "공급면적":"--",
            "전용률":"--",
            "욕실수":100,
            "현관타입":100,
            "주거총점":59.5,
            "지역구공급총점":0.0,
            "역세권":80,
            "30분내 이동가능 거점":20,
            "1시간내 이동가능 거점":40,
            "교통총점":54.0,
            "백화점":100,
            "아울렛몰":80,
            "대형마트":100,
            "은행":70,
            "병원":80,
            "종합병원":100,
            "공원":100,
            "혐오시설":0,
            "인프라총점":91.0,
            "초등학군":86.56,
            "중학군":55.42,
            "학군총점":61.648,
            "인구수":35.06,
            "인구증감":3.42,
            "인구총점":25.568,
            "일자리":7.5,
            "소득수준":51.54,
            "일자리총점":20.712,
            "가치 총점":67.3472,
            "매매실거래년":20201121.0,
            "매매실거래가":97500.0,
            "전세실거래년":null,
            "전세실거래가":null,
            "전세가율":null,
            "장기전세가율평균":72.67,
            "전세가율거품지수":null,
            "검색코드":17253,
            "세대수":472.0,
            "준공년월":"1994-07-29",
            "준공년차":29.0,
            "가까운역이름":"마두",
            "가까운역거리":427.62,
            "역세권여부":"역세권",
            "30분이내주요거점역":1,
            "1시간이내주요거점역":4,
            "3km이내백화점수":2,
            "5km이내아울렛몰수":1,
            "1km이내대형먀트수":2,
            "500m이내은행수":3,
            "500m이내병원수":41,
            "5km이내대형병원수":5,
            "500m이내공원수":3,
            "3km이내혐오시설수":0,
            "초등학교학업성취도":86.56,
            "중학교학업성취도":88.1,
            "용적률":182,
            "건폐율":16,
            "Y":37.649371,
            "X":126.774338,
            "rank":5.0,
            "area_info":"36평(121.45), 36평(121.45), 47평(158.42), 47평(158.35), 56평(187.87), 56평(188.12)",
            "last_sales":"2020-11-21,97500.0,56평(188.12)"
        },
        {
            "index":126,
            "아파트명":"흰돌3단지국제,한진",
            "투자타입":"일반",
            "전용면적(m2)":"66.55",
            "전용면적(평)":"20평",
            "법정동주소":"경기도 고양시 일산동구 백석동 1349",
            "도로명주소":"경기도 고양시 일산동구 백석로 26",
            "세대수":80,
            "입주년차":0,
            "용적률점수":"--",
            "건폐율점수":"--",
            "세대당주차수":0,
            "난방방식":100,
            "공급면적":"--",
            "전용률":"--",
            "욕실수":50,
            "현관타입":100,
            "주거총점":53.0,
            "지역구공급총점":0.0,
            "역세권":80,
            "30분내 이동가능 거점":20,
            "1시간내 이동가능 거점":80,
            "교통총점":62.0,
            "백화점":100,
            "아울렛몰":80,
            "대형마트":100,
            "은행":20,
            "병원":80,
            "종합병원":100,
            "공원":100,
            "혐오시설":0,
            "인프라총점":86.0,
            "초등학군":86.95,
            "중학군":52.64,
            "학군총점":59.502,
            "인구수":35.06,
            "인구증감":3.42,
            "인구총점":25.568,
            "일자리":7.5,
            "소득수준":51.54,
            "일자리총점":20.712,
            "가치 총점":67.0253,
            "매매실거래년":20211219.0,
            "매매실거래가":43000.0,
            "전세실거래년":20220111.0,
            "전세실거래가":21500.0,
            "전세가율":50.0,
            "장기전세가율평균":72.67,
            "전세가율거품지수":22.67,
            "검색코드":2950,
            "세대수":816.0,
            "준공년월":"1994-08-30",
            "준공년차":29.0,
            "가까운역이름":"백석",
            "가까운역거리":394.44,
            "역세권여부":"역세권",
            "30분이내주요거점역":1,
            "1시간이내주요거점역":8,
            "3km이내백화점수":1,
            "5km이내아울렛몰수":1,
            "1km이내대형먀트수":3,
            "500m이내은행수":2,
            "500m이내병원수":34,
            "5km이내대형병원수":6,
            "500m이내공원수":5,
            "3km이내혐오시설수":0,
            "초등학교학업성취도":86.95,
            "중학교학업성취도":85.4,
            "용적률":160,
            "건폐율":14,
            "Y":37.643789,
            "X":126.783472,
            "rank":6.0,
            "area_info":"20평(66.55), 26평(87.61), 31평(104.62)",
            "last_sales":"2021-12-19,43000.0,20평(66.55)"
        },
        {
            "index":266,
            "아파트명":"호수2단지현대",
            "투자타입":"일반",
            "전용면적(m2)":"78.41",
            "전용면적(평)":"23평",
            "법정동주소":"경기도 고양시 일산동구 장항동 881",
            "도로명주소":"경기도 고양시 일산동구 노루목로 100",
            "세대수":90,
            "입주년차":0,
            "용적률점수":"--",
            "건폐율점수":"--",
            "세대당주차수":0,
            "난방방식":100,
            "공급면적":"--",
            "전용률":"--",
            "욕실수":50,
            "현관타입":10,
            "주거총점":47.5,
            "지역구공급총점":0.0,
            "역세권":80,
            "30분내 이동가능 거점":20,
            "1시간내 이동가능 거점":60,
            "교통총점":58.0,
            "백화점":100,
            "아울렛몰":80,
            "대형마트":100,
            "은행":70,
            "병원":80,
            "종합병원":100,
            "공원":100,
            "혐오시설":0,
            "인프라총점":91.0,
            "초등학군":86.56,
            "중학군":55.42,
            "학군총점":61.648,
            "인구수":35.06,
            "인구증감":3.42,
            "인구총점":25.568,
            "일자리":7.5,
            "소득수준":51.54,
            "일자리총점":20.712,
            "가치 총점":66.3472,
            "매매실거래년":20211213.0,
            "매매실거래가":67500.0,
            "전세실거래년":20211223.0,
            "전세실거래가":24500.0,
            "전세가율":46.23,
            "장기전세가율평균":72.67,
            "전세가율거품지수":26.44,
            "검색코드":1357,
            "세대수":1144.0,
            "준공년월":"1994-10-29",
            "준공년차":29.0,
            "가까운역이름":"마두",
            "가까운역거리":392.32,
            "역세권여부":"역세권",
            "30분이내주요거점역":1,
            "1시간이내주요거점역":6,
            "3km이내백화점수":1,
            "5km이내아울렛몰수":1,
            "1km이내대형먀트수":2,
            "500m이내은행수":3,
            "500m이내병원수":41,
            "5km이내대형병원수":6,
            "500m이내공원수":2,
            "3km이내혐오시설수":0,
            "초등학교학업성취도":86.56,
            "중학교학업성취도":88.1,
            "용적률":182,
            "건폐율":16,
            "Y":37.648705,
            "X":126.777068,
            "rank":7.0,
            "area_info":"23평(78.41), 26평(86.76), 31평(105.7)",
            "last_sales":"2021-12-13,67500.0,31평(105.7)"
        },
        {
            "index":129,
            "아파트명":"흰돌5단지서안",
            "투자타입":"일반",
            "전용면적(m2)":"75.25",
            "전용면적(평)":"22평",
            "법정동주소":"경기도 고양시 일산동구 백석동 1344",
            "도로명주소":"경기도 고양시 일산동구 일산로 11",
            "세대수":50,
            "입주년차":0,
            "용적률점수":"--",
            "건폐율점수":"--",
            "세대당주차수":0,
            "난방방식":100,
            "공급면적":"--",
            "전용률":"--",
            "욕실수":50,
            "현관타입":100,
            "주거총점":42.5,
            "지역구공급총점":0.0,
            "역세권":80,
            "30분내 이동가능 거점":20,
            "1시간내 이동가능 거점":80,
            "교통총점":62.0,
            "백화점":100,
            "아울렛몰":100,
            "대형마트":100,
            "은행":20,
            "병원":60,
            "종합병원":100,
            "공원":80,
            "혐오시설":0,
            "인프라총점":85.4,
            "초등학군":86.95,
            "중학군":52.64,
            "학군총점":59.502,
            "인구수":35.06,
            "인구증감":3.42,
            "인구총점":25.568,
            "일자리":7.5,
            "소득수준":51.54,
            "일자리총점":20.712,
            "가치 총점":64.7453,
            "매매실거래년":20211224.0,
            "매매실거래가":57800.0,
            "전세실거래년":20211015.0,
            "전세실거래가":23000.0,
            "전세가율":39.72,
            "장기전세가율평균":72.67,
            "전세가율거품지수":32.95,
            "검색코드":2948,
            "세대수":628.0,
            "준공년월":"1994-06-29",
            "준공년차":29.0,
            "가까운역이름":"백석",
            "가까운역거리":398.18,
            "역세권여부":"역세권",
            "30분이내주요거점역":1,
            "1시간이내주요거점역":8,
            "3km이내백화점수":1,
            "5km이내아울렛몰수":2,
            "1km이내대형먀트수":3,
            "500m이내은행수":2,
            "500m이내병원수":27,
            "5km이내대형병원수":6,
            "500m이내공원수":1,
            "3km이내혐오시설수":0,
            "초등학교학업성취도":86.95,
            "중학교학업성취도":85.4,
            "용적률":181,
            "건폐율":19,
            "Y":37.64121,
            "X":126.78404,
            "rank":8.0,
            "area_info":"22평(75.25), 27평(91.48), 31평(105.31)",
            "last_sales":"2021-12-24,57800.0,27평(91.48)"
        },
        {
            "index":279,
            "아파트명":"호수5단지청구",
            "투자타입":"일반",
            "전용면적(m2)":"69.78",
            "전용면적(평)":"21평",
            "법정동주소":"경기도 고양시 일산동구 장항동 883",
            "도로명주소":"경기도 고양시 일산동구 노루목로 99",
            "세대수":50,
            "입주년차":0,
            "용적률점수":"--",
            "건폐율점수":"--",
            "세대당주차수":0,
            "난방방식":100,
            "공급면적":"--",
            "전용률":"--",
            "욕실수":50,
            "현관타입":10,
            "주거총점":33.5,
            "지역구공급총점":0.0,
            "역세권":80,
            "30분내 이동가능 거점":20,
            "1시간내 이동가능 거점":70,
            "교통총점":60.0,
            "백화점":100,
            "아울렛몰":80,
            "대형마트":100,
            "은행":70,
            "병원":80,
            "종합병원":100,
            "공원":100,
            "혐오시설":0,
            "인프라총점":91.0,
            "초등학군":86.56,
            "중학군":55.42,
            "학군총점":61.648,
            "인구수":35.06,
            "인구증감":3.42,
            "인구총점":25.568,
            "일자리":7.5,
            "소득수준":51.54,
            "일자리총점":20.712,
            "가치 총점":64.2472,
            "매매실거래년":20211202.0,
            "매매실거래가":64000.0,
            "전세실거래년":20220113.0,
            "전세실거래가":24000.0,
            "전세가율":53.33,
            "장기전세가율평균":72.67,
            "전세가율거품지수":19.34,
            "검색코드":1356,
            "세대수":668.0,
            "준공년월":"1994-02-28",
            "준공년차":29.0,
            "가까운역이름":"마두",
            "가까운역거리":275.32,
            "역세권여부":"역세권",
            "30분이내주요거점역":1,
            "1시간이내주요거점역":7,
            "3km이내백화점수":2,
            "5km이내아울렛몰수":1,
            "1km이내대형먀트수":2,
            "500m이내은행수":4,
            "500m이내병원수":49,
            "5km이내대형병원수":6,
            "500m이내공원수":2,
            "3km이내혐오시설수":0,
            "초등학교학업성취도":86.56,
            "중학교학업성취도":88.1,
            "용적률":184,
            "건폐율":16,
            "Y":37.65006,
            "X":126.77606,
            "rank":9.0,
            "area_info":"21평(69.78), 25평(85.72), 32평(107.34)",
            "last_sales":"2021-12-02,64000.0,25평(85.72)"
        },
        {
            "index":27,
            "아파트명":"강촌한양",
            "투자타입":"일반",
            "전용면적(m2)":"50.79",
            "전용면적(평)":"15평",
            "법정동주소":"경기도 고양시 일산동구 마두동 806",
            "도로명주소":"경기도 고양시 일산동구 중앙로 1130",
            "세대수":50,
            "입주년차":0,
            "용적률점수":"--",
            "건폐율점수":"--",
            "세대당주차수":0,
            "난방방식":100,
            "공급면적":"--",
            "전용률":"--",
            "욕실수":50,
            "현관타입":10,
            "주거총점":33.5,
            "지역구공급총점":0.0,
            "역세권":80,
            "30분내 이동가능 거점":20,
            "1시간내 이동가능 거점":70,
            "교통총점":60.0,
            "백화점":100,
            "아울렛몰":80,
            "대형마트":100,
            "은행":70,
            "병원":80,
            "종합병원":100,
            "공원":100,
            "혐오시설":0,
            "인프라총점":91.0,
            "초등학군":86.56,
            "중학군":55.42,
            "학군총점":61.648,
            "인구수":35.06,
            "인구증감":3.42,
            "인구총점":25.568,
            "일자리":7.5,
            "소득수준":51.54,
            "일자리총점":20.712,
            "가치 총점":64.2472,
            "매매실거래년":20211217.0,
            "매매실거래가":25200.0,
            "전세실거래년":20220113.0,
            "전세실거래가":15200.0,
            "전세가율":60.32,
            "장기전세가율평균":72.67,
            "전세가율거품지수":12.35,
            "검색코드":2933,
            "세대수":494.0,
            "준공년월":"1998-04-01",
            "준공년차":25.0,
            "가까운역이름":"마두",
            "가까운역거리":274.7,
            "역세권여부":"역세권",
            "30분이내주요거점역":1,
            "1시간이내주요거점역":7,
            "3km이내백화점수":1,
            "5km이내아울렛몰수":1,
            "1km이내대형먀트수":2,
            "500m이내은행수":4,
            "500m이내병원수":51,
            "5km이내대형병원수":6,
            "500m이내공원수":4,
            "3km이내혐오시설수":0,
            "초등학교학업성취도":86.56,
            "중학교학업성취도":88.1,
            "용적률":183,
            "건폐율":37,
            "Y":37.650263,
            "X":126.779547,
            "rank":9.0,
            "area_info":"15평(50.79)",
            "last_sales":"2021-12-17,25200.0,15평(50.79)"
        },
        {
            "index":96,
            "아파트명":"백송풍림,삼호",
            "투자타입":"재건축",
            "전용면적(m2)":"73.22",
            "전용면적(평)":"22평",
            "법정동주소":"경기도 고양시 일산동구 백석동 1190",
            "도로명주소":"경기도 고양시 일산동구 강촌로 114",
            "세대수":80,
            "입주년차":"--",
            "용적률점수":80,
            "건폐율점수":100,
            "세대당주차수":"--",
            "난방방식":"--",
            "공급면적":50,
            "전용률":80,
            "욕실수":"--",
            "현관타입":"--",
            "주거총점":82.5,
            "지역구공급총점":0.0,
            "역세권":50,
            "30분내 이동가능 거점":20,
            "1시간내 이동가능 거점":40,
            "교통총점":39.0,
            "백화점":100,
            "아울렛몰":80,
            "대형마트":100,
            "은행":0,
            "병원":60,
            "종합병원":100,
            "공원":100,
            "혐오시설":0,
            "인프라총점":82.0,
            "초등학군":88.32,
            "중학군":55.42,
            "학군총점":62.0,
            "인구수":35.06,
            "인구증감":3.42,
            "인구총점":25.568,
            "일자리":7.5,
            "소득수준":51.54,
            "일자리총점":20.712,
            "가치 총점":64.05,
            "매매실거래년":20211204.0,
            "매매실거래가":63200.0,
            "전세실거래년":20210924.0,
            "전세실거래가":32000.0,
            "전세가율":106.67,
            "장기전세가율평균":72.67,
            "전세가율거품지수":-34.0,
            "검색코드":2945,
            "세대수":786.0,
            "준공년월":"1992-08-29",
            "준공년차":31.0,
            "가까운역이름":"마두",
            "가까운역거리":806.43,
            "역세권여부":"준역세권",
            "30분이내주요거점역":1,
            "1시간이내주요거점역":4,
            "3km이내백화점수":1,
            "5km이내아울렛몰수":1,
            "1km이내대형먀트수":4,
            "500m이내은행수":1,
            "500m이내병원수":18,
            "5km이내대형병원수":6,
            "500m이내공원수":5,
            "3km이내혐오시설수":0,
            "초등학교학업성취도":88.32,
            "중학교학업성취도":88.1,
            "용적률":164,
            "건폐율":16,
            "Y":37.650903,
            "X":126.786631,
            "rank":10.0,
            "area_info":"22평(73.22), 22평(73.4), 23평(76.76), 23평(76.93), 31평(103.98), 31평(104.12)",
            "last_sales":"2021-12-04,63200.0,31평(104.12)"
        },
        {
            "index":0,
            "아파트명":"강촌3단지훼미리",
            "투자타입":"재건축",
            "전용면적(m2)":"124.43",
            "전용면적(평)":"37평",
            "법정동주소":"경기도 고양시 일산동구 마두동 787",
            "도로명주소":"경기도 고양시 일산동구 강송로 153",
            "세대수":50,
            "입주년차":"--",
            "용적률점수":60,
            "건폐율점수":100,
            "세대당주차수":"--",
            "난방방식":"--",
            "공급면적":100,
            "전용률":80,
            "욕실수":"--",
            "현관타입":"--",
            "주거총점":68.0,
            "지역구공급총점":0.0,
            "역세권":50,
            "30분내 이동가능 거점":20,
            "1시간내 이동가능 거점":40,
            "교통총점":39.0,
            "백화점":100,
            "아울렛몰":80,
            "대형마트":100,
            "은행":70,
            "병원":60,
            "종합병원":100,
            "공원":100,
            "혐오시설":0,
            "인프라총점":89.0,
            "초등학군":90.8,
            "중학군":55.42,
            "학군총점":62.496,
            "인구수":35.06,
            "인구증감":3.42,
            "인구총점":25.568,
            "일자리":7.5,
            "소득수준":51.54,
            "일자리총점":20.712,
            "가치 총점":63.3244,
            "매매실거래년":20211218.0,
            "매매실거래가":89000.0,
            "전세실거래년":20211222.0,
            "전세실거래가":40950.0,
            "전세가율":51.19,
            "장기전세가율평균":72.67,
            "전세가율거품지수":21.48,
            "검색코드":2921,
            "세대수":590.0,
            "준공년월":"1992-10-30",
            "준공년차":31.0,
            "가까운역이름":"마두",
            "가까운역거리":521.2,
            "역세권여부":"준역세권",
            "30분이내주요거점역":1,
            "1시간이내주요거점역":4,
            "3km이내백화점수":1,
            "5km이내아울렛몰수":1,
            "1km이내대형먀트수":2,
            "500m이내은행수":3,
            "500m이내병원수":25,
            "5km이내대형병원수":6,
            "500m이내공원수":5,
            "3km이내혐오시설수":0,
            "초등학교학업성취도":90.8,
            "중학교학업성취도":88.1,
            "용적률":183,
            "건폐율":14,
            "Y":37.652862,
            "X":126.783482,
            "rank":11.0,
            "area_info":"37평(124.43), 48평(160.26), 54평(181.45), 59평(196.7)",
            "last_sales":"2021-12-18,89000.0,48평(160.26)"
        },
        {
            "index":263,
            "아파트명":"호수1단지대우",
            "투자타입":"일반",
            "전용면적(m2)":"71.5",
            "전용면적(평)":"21평",
            "법정동주소":"경기도 고양시 일산동구 장항동 902",
            "도로명주소":"경기도 고양시 일산동구 중앙로 1129",
            "세대수":30,
            "입주년차":0,
            "용적률점수":"--",
            "건폐율점수":"--",
            "세대당주차수":0,
            "난방방식":100,
            "공급면적":"--",
            "전용률":"--",
            "욕실수":50,
            "현관타입":10,
            "주거총점":26.5,
            "지역구공급총점":0.0,
            "역세권":80,
            "30분내 이동가능 거점":20,
            "1시간내 이동가능 거점":70,
            "교통총점":60.0,
            "백화점":100,
            "아울렛몰":80,
            "대형마트":100,
            "은행":70,
            "병원":80,
            "종합병원":100,
            "공원":100,
            "혐오시설":0,
            "인프라총점":91.0,
            "초등학군":86.56,
            "중학군":55.42,
            "학군총점":61.648,
            "인구수":35.06,
            "인구증감":3.42,
            "인구총점":25.568,
            "일자리":7.5,
            "소득수준":51.54,
            "일자리총점":20.712,
            "가치 총점":62.8472,
            "매매실거래년":20211229.0,
            "매매실거래가":60200.0,
            "전세실거래년":20211231.0,
            "전세실거래가":22000.0,
            "전세가율":57.89,
            "장기전세가율평균":72.67,
            "전세가율거품지수":14.78,
            "검색코드":2606,
            "세대수":388.0,
            "준공년월":"1996-02-28",
            "준공년차":27.0,
            "가까운역이름":"마두",
            "가까운역거리":351.16,
            "역세권여부":"역세권",
            "30분이내주요거점역":1,
            "1시간이내주요거점역":7,
            "3km이내백화점수":1,
            "5km이내아울렛몰수":1,
            "1km이내대형먀트수":2,
            "500m이내은행수":3,
            "500m이내병원수":47,
            "5km이내대형병원수":6,
            "500m이내공원수":4,
            "3km이내혐오시설수":0,
            "초등학교학업성취도":86.56,
            "중학교학업성취도":88.1,
            "용적률":152,
            "건폐율":32,
            "Y":37.649211,
            "X":126.778885,
            "rank":12.0,
            "area_info":"21평(71.5), 28평(93.18), 33평(109.53)",
            "last_sales":"2021-12-29,60200.0,33평(109.53)"
        },
        {
            "index":30,
            "아파트명":"백마2단지극동,삼환",
            "투자타입":"재건축",
            "전용면적(m2)":"121.24",
            "전용면적(평)":"36평",
            "법정동주소":"경기도 고양시 일산동구 마두동 739",
            "도로명주소":"경기도 고양시 일산동구 일산로 205",
            "세대수":80,
            "입주년차":"--",
            "용적률점수":60,
            "건폐율점수":100,
            "세대당주차수":"--",
            "난방방식":"--",
            "공급면적":100,
            "전용률":80,
            "욕실수":"--",
            "현관타입":"--",
            "주거총점":77.0,
            "지역구공급총점":0.0,
            "역세권":50,
            "30분내 이동가능 거점":0,
            "1시간내 이동가능 거점":60,
            "교통총점":37.0,
            "백화점":100,
            "아울렛몰":80,
            "대형마트":100,
            "은행":20,
            "병원":60,
            "종합병원":100,
            "공원":100,
            "혐오시설":0,
            "인프라총점":84.0,
            "초등학군":88.42,
            "중학군":52.28,
            "학군총점":59.508,
            "인구수":35.06,
            "인구증감":3.42,
            "인구총점":25.568,
            "일자리":7.5,
            "소득수준":51.54,
            "일자리총점":20.712,
            "가치 총점":62.4762,
            "매매실거래년":20211004.0,
            "매매실거래가":100000.0,
            "전세실거래년":20211107.0,
            "전세실거래가":63000.0,
            "전세가율":77.78,
            "장기전세가율평균":72.67,
            "전세가율거품지수":-5.11,
            "검색코드":2923,
            "세대수":806.0,
            "준공년월":"1992-09-29",
            "준공년차":31.0,
            "가까운역이름":"백마",
            "가까운역거리":706.8,
            "역세권여부":"준역세권",
            "30분이내주요거점역":0,
            "1시간이내주요거점역":6,
            "3km이내백화점수":1,
            "5km이내아울렛몰수":1,
            "1km이내대형먀트수":2,
            "500m이내은행수":2,
            "500m이내병원수":27,
            "5km이내대형병원수":6,
            "500m이내공원수":3,
            "3km이내혐오시설수":0,
            "초등학교학업성취도":88.42,
            "중학교학업성취도":84.2,
            "용적률":185,
            "건폐율":14,
            "Y":37.65412,
            "X":126.788346,
            "rank":13.0,
            "area_info":"36평(121.24), 41평(136.58), 47평(157.97)",
            "last_sales":"2021-10-04,100000.0,47평(157.97)"
        },
        {
            "index":269,
            "아파트명":"호수3단지삼환유원",
            "투자타입":"일반",
            "전용면적(m2)":"121.86",
            "전용면적(평)":"36평",
            "법정동주소":"경기도 고양시 일산동구 장항동 877",
            "도로명주소":"경기도 고양시 일산동구 노루목로 80",
            "세대수":80,
            "입주년차":0,
            "용적률점수":"--",
            "건폐율점수":"--",
            "세대당주차수":60,
            "난방방식":100,
            "공급면적":"--",
            "전용률":"--",
            "욕실수":100,
            "현관타입":100,
            "주거총점":67.0,
            "지역구공급총점":0.0,
            "역세권":50,
            "30분내 이동가능 거점":20,
            "1시간내 이동가능 거점":40,
            "교통총점":39.0,
            "백화점":100,
            "아울렛몰":80,
            "대형마트":100,
            "은행":70,
            "병원":30,
            "종합병원":100,
            "공원":100,
            "혐오시설":0,
            "인프라총점":86.0,
            "초등학군":86.56,
            "중학군":55.42,
            "학군총점":61.648,
            "인구수":35.06,
            "인구증감":3.42,
            "인구총점":25.568,
            "일자리":7.5,
            "소득수준":51.54,
            "일자리총점":20.712,
            "가치 총점":62.0972,
            "매매실거래년":20211004.0,
            "매매실거래가":82000.0,
            "전세실거래년":20210929.0,
            "전세실거래가":58000.0,
            "전세가율":70.3,
            "장기전세가율평균":72.67,
            "전세가율거품지수":2.37,
            "검색코드":1355,
            "세대수":876.0,
            "준공년월":"1994-05-26",
            "준공년차":29.0,
            "가까운역이름":"마두",
            "가까운역거리":558.9,
            "역세권여부":"준역세권",
            "30분이내주요거점역":1,
            "1시간이내주요거점역":4,
            "3km이내백화점수":1,
            "5km이내아울렛몰수":1,
            "1km이내대형먀트수":2,
            "500m이내은행수":3,
            "500m이내병원수":9,
            "5km이내대형병원수":6,
            "500m이내공원수":3,
            "3km이내혐오시설수":0,
            "초등학교학업성취도":86.56,
            "중학교학업성취도":88.1,
            "용적률":183,
            "건폐율":17,
            "Y":37.64736,
            "X":126.775935,
            "rank":14.0,
            "area_info":"36평(121.86), 46평(154.34), 46평(154.34), 55평(183.99)",
            "last_sales":"2021-10-04,82000.0,46평(154.34)"
        },
        {
            "index":37,
            "아파트명":"백마4단지한양,청구",
            "투자타입":"일반",
            "전용면적(m2)":"120.42",
            "전용면적(평)":"36평",
            "법정동주소":"경기도 고양시 일산동구 마두동 734",
            "도로명주소":"경기도 고양시 일산동구 강촌로 191",
            "세대수":50,
            "입주년차":0,
            "용적률점수":"--",
            "건폐율점수":"--",
            "세대당주차수":60,
            "난방방식":100,
            "공급면적":"--",
            "전용률":"--",
            "욕실수":100,
            "현관타입":100,
            "주거총점":56.5,
            "지역구공급총점":0.0,
            "역세권":80,
            "30분내 이동가능 거점":20,
            "1시간내 이동가능 거점":80,
            "교통총점":62.0,
            "백화점":100,
            "아울렛몰":80,
            "대형마트":0,
            "은행":0,
            "병원":60,
            "종합병원":100,
            "공원":80,
            "혐오시설":0,
            "인프라총점":66.4,
            "초등학군":93.94,
            "중학군":52.28,
            "학군총점":60.612,
            "인구수":35.06,
            "인구증감":3.42,
            "인구총점":25.568,
            "일자리":7.5,
            "소득수준":51.54,
            "일자리총점":20.712,
            "가치 총점":62.0118,
            "매매실거래년":20211222.0,
            "매매실거래가":93000.0,
            "전세실거래년":20220115.0,
            "전세실거래가":31000.0,
            "전세가율":48.44,
            "장기전세가율평균":72.67,
            "전세가율거품지수":24.23,
            "검색코드":2931,
            "세대수":668.0,
            "준공년월":"1994-07-30",
            "준공년차":29.0,
            "가까운역이름":"백마",
            "가까운역거리":238.83,
            "역세권여부":"역세권",
            "30분이내주요거점역":1,
            "1시간이내주요거점역":8,
            "3km이내백화점수":1,
            "5km이내아울렛몰수":1,
            "1km이내대형먀트수":0,
            "500m이내은행수":1,
            "500m이내병원수":21,
            "5km이내대형병원수":6,
            "500m이내공원수":1,
            "3km이내혐오시설수":0,
            "초등학교학업성취도":93.94,
            "중학교학업성취도":84.2,
            "용적률":182,
            "건폐율":7,
            "Y":37.65621,
            "X":126.793571,
            "rank":15.0,
            "area_info":"36평(120.42), 36평(121.86), 48평(159.48), 48평(159.62)",
            "last_sales":"2021-12-22,93000.0,48평(159.48)"
        },
        {
            "index":370,
            "아파트명":"일산센트럴아이파크",
            "투자타입":"일반",
            "전용면적(m2)":"81.13",
            "전용면적(평)":"24평",
            "법정동주소":"경기도 고양시 일산동구 중산동 1841",
            "도로명주소":"경기도 고양시 일산동구 중산로 70",
            "세대수":100,
            "입주년차":80,
            "용적률점수":"--",
            "건폐율점수":"--",
            "세대당주차수":60,
            "난방방식":100,
            "공급면적":"--",
            "전용률":"--",
            "욕실수":100,
            "현관타입":100,
            "주거총점":90.0,
            "지역구공급총점":0.0,
            "역세권":50,
            "30분내 이동가능 거점":20,
            "1시간내 이동가능 거점":30,
            "교통총점":37.0,
            "백화점":100,
            "아울렛몰":80,
            "대형마트":80,
            "은행":0,
            "병원":30,
            "종합병원":100,
            "공원":100,
            "혐오시설":0,
            "인프라총점":76.0,
            "초등학군":86.3,
            "중학군":46.98,
            "학군총점":54.844,
            "인구수":35.06,
            "인구증감":3.42,
            "인구총점":25.568,
            "일자리":7.5,
            "소득수준":51.54,
            "일자리총점":20.712,
            "가치 총점":61.9766,
            "매매실거래년":20211222.0,
            "매매실거래가":66000.0,
            "전세실거래년":20211015.0,
            "전세실거래가":50000.0,
            "전세가율":75.76,
            "장기전세가율평균":72.67,
            "전세가율거품지수":-3.09,
            "검색코드":112003,
            "세대수":1802.0,
            "준공년월":"2018-05-29",
            "준공년차":5.0,
            "가까운역이름":"풍산",
            "가까운역거리":725.99,
            "역세권여부":"준역세권",
            "30분이내주요거점역":1,
            "1시간이내주요거점역":3,
            "3km이내백화점수":1,
            "5km이내아울렛몰수":1,
            "1km이내대형먀트수":1,
            "500m이내은행수":0,
            "500m이내병원수":6,
            "5km이내대형병원수":5,
            "500m이내공원수":4,
            "3km이내혐오시설수":0,
            "초등학교학업성취도":86.3,
            "중학교학업성취도":76.1,
            "용적률":229,
            "건폐율":14,
            "Y":37.678675,
            "X":126.784217,
            "rank":16.0,
            "area_info":"24평(81.13), 24평(82.3), 34평(113.56), 34평(115.35), 39평(130.37)",
            "last_sales":"2021-12-22,66000.0,24평(81.13)"
        },
        {
            "index":4,
            "아파트명":"강촌동아",
            "투자타입":"일반",
            "전용면적(m2)":"105.68",
            "전용면적(평)":"31평",
            "법정동주소":"경기도 고양시 일산동구 마두동 757",
            "도로명주소":"경기도 고양시 일산동구 강송로 196",
            "세대수":80,
            "입주년차":0,
            "용적률점수":"--",
            "건폐율점수":"--",
            "세대당주차수":30,
            "난방방식":100,
            "공급면적":"--",
            "전용률":"--",
            "욕실수":100,
            "현관타입":100,
            "주거총점":62.5,
            "지역구공급총점":0.0,
            "역세권":50,
            "30분내 이동가능 거점":20,
            "1시간내 이동가능 거점":30,
            "교통총점":37.0,
            "백화점":100,
            "아울렛몰":80,
            "대형마트":100,
            "은행":70,
            "병원":60,
            "종합병원":100,
            "공원":100,
            "혐오시설":0,
            "인프라총점":89.0,
            "초등학군":96.45,
            "중학군":56.66,
            "학군총점":64.618,
            "인구수":35.06,
            "인구증감":3.42,
            "인구총점":25.568,
            "일자리":7.5,
            "소득수준":51.54,
            "일자리총점":20.712,
            "가치 총점":61.8427,
            "매매실거래년":20211028.0,
            "매매실거래가":74800.0,
            "전세실거래년":20220117.0,
            "전세실거래가":50000.0,
            "전세가율":66.84,
            "장기전세가율평균":72.67,
            "전세가율거품지수":5.83,
            "검색코드":2918,
            "세대수":720.0,
            "준공년월":"1993-05-29",
            "준공년차":30.0,
            "가까운역이름":"마두",
            "가까운역거리":756.83,
            "역세권여부":"준역세권",
            "30분이내주요거점역":1,
            "1시간이내주요거점역":3,
            "3km이내백화점수":1,
            "5km이내아울렛몰수":1,
            "1km이내대형먀트수":2,
            "500m이내은행수":4,
            "500m이내병원수":10,
            "5km이내대형병원수":6,
            "500m이내공원수":6,
            "3km이내혐오시설수":0,
            "초등학교학업성취도":96.45,
            "중학교학업성취도":89.7,
            "용적률":177,
            "건폐율":15,
            "Y":37.656974,
            "X":126.783755,
            "rank":17.0,
            "area_info":"31평(105.68), 33평(109.68), 56평(186.36)",
            "last_sales":"2021-10-28,74800.0,31평(105.68)"
        },
        {
            "index":46,
            "아파트명":"백마6단지벽산",
            "투자타입":"일반",
            "전용면적(m2)":"76.72",
            "전용면적(평)":"23평",
            "법정동주소":"경기도 고양시 일산동구 마두동 719",
            "도로명주소":"경기도 고양시 일산동구 일산로 242",
            "세대수":50,
            "입주년차":0,
            "용적률점수":"--",
            "건폐율점수":"--",
            "세대당주차수":60,
            "난방방식":100,
            "공급면적":"--",
            "전용률":"--",
            "욕실수":50,
            "현관타입":100,
            "주거총점":51.5,
            "지역구공급총점":0.0,
            "역세권":80,
            "30분내 이동가능 거점":0,
            "1시간내 이동가능 거점":80,
            "교통총점":56.0,
            "백화점":100,
            "아울렛몰":80,
            "대형마트":0,
            "은행":70,
            "병원":60,
            "종합병원":100,
            "공원":100,
            "혐오시설":0,
            "인프라총점":74.0,
            "초등학군":93.94,
            "중학군":52.28,
            "학군총점":60.612,
            "인구수":35.06,
            "인구증감":3.42,
            "인구총점":25.568,
            "일자리":7.5,
            "소득수준":51.54,
            "일자리총점":20.712,
            "가치 총점":61.1918,
            "매매실거래년":20211108.0,
            "매매실거래가":52800.0,
            "전세실거래년":20211124.0,
            "전세실거래가":24150.0,
            "전세가율":45.74,
            "장기전세가율평균":72.67,
            "전세가율거품지수":26.93,
            "검색코드":2925,
            "세대수":438.0,
            "준공년월":"1994-08-30",
            "준공년차":29.0,
            "가까운역이름":"백마",
            "가까운역거리":476.5,
            "역세권여부":"역세권",
            "30분이내주요거점역":0,
            "1시간이내주요거점역":8,
            "3km이내백화점수":1,
            "5km이내아울렛몰수":1,
            "1km이내대형먀트수":0,
            "500m이내은행수":4,
            "500m이내병원수":17,
            "5km이내대형병원수":6,
            "500m이내공원수":3,
            "3km이내혐오시설수":0,
            "초등학교학업성취도":93.94,
            "중학교학업성취도":84.2,
            "용적률":182,
            "건폐율":17,
            "Y":37.658317,
            "X":126.789049,
            "rank":18.0,
            "area_info":"23평(76.72), 31평(103.61), 37평(123.43), 49평(162.85)",
            "last_sales":"2021-11-08,52800.0,23평(76.72)"
        },
        {
            "index":89,
            "아파트명":"백송우성",
            "투자타입":"재건축",
            "전용면적(m2)":"49.66",
            "전용면적(평)":"15평",
            "법정동주소":"경기도 고양시 일산동구 백석동 1183",
            "도로명주소":"경기도 고양시 일산동구 백석로 109",
            "세대수":50,
            "입주년차":"--",
            "용적률점수":100,
            "건폐율점수":0,
            "세대당주차수":"--",
            "난방방식":"--",
            "공급면적":50,
            "전용률":80,
            "욕실수":"--",
            "현관타입":"--",
            "주거총점":61.5,
            "지역구공급총점":0.0,
            "역세권":50,
            "30분내 이동가능 거점":20,
            "1시간내 이동가능 거점":50,
            "교통총점":41.0,
            "백화점":100,
            "아울렛몰":80,
            "대형마트":100,
            "은행":0,
            "병원":60,
            "종합병원":100,
            "공원":100,
            "혐오시설":0,
            "인프라총점":82.0,
            "초등학군":88.42,
            "중학군":55.42,
            "학군총점":62.02,
            "인구수":35.06,
            "인구증감":3.42,
            "인구총점":25.568,
            "일자리":7.5,
            "소득수준":51.54,
            "일자리총점":20.712,
            "가치 총점":60.553,
            "매매실거래년":20211229.0,
            "매매실거래가":30000.0,
            "전세실거래년":20220108.0,
            "전세실거래가":11000.0,
            "전세가율":47.83,
            "장기전세가율평균":72.67,
            "전세가율거품지수":24.84,
            "검색코드":2941,
            "세대수":426.0,
            "준공년월":"1992-09-29",
            "준공년차":31.0,
            "가까운역이름":"백석",
            "가까운역거리":788.0,
            "역세권여부":"준역세권",
            "30분이내주요거점역":1,
            "1시간이내주요거점역":5,
            "3km이내백화점수":1,
            "5km이내아울렛몰수":1,
            "1km이내대형먀트수":3,
            "500m이내은행수":1,
            "500m이내병원수":10,
            "5km이내대형병원수":6,
            "500m이내공원수":4,
            "3km이내혐오시설수":0,
            "초등학교학업성취도":88.42,
            "중학교학업성취도":88.1,
            "용적률":134,
            "건폐율":0,
            "Y":37.650168,
            "X":126.788728,
            "rank":19.0,
            "area_info":"15평(49.66), 15평(50.29), 18평(60.89), 21평(69.92)",
            "last_sales":"2021-12-29,30000.0,21평(69.92)"
        },
        {
            "index":450,
            "아파트명":"숲속6단지두산위브",
            "투자타입":"일반",
            "전용면적(m2)":"126.12",
            "전용면적(평)":"38평",
            "법정동주소":"경기도 고양시 일산동구 풍동 1268",
            "도로명주소":"경기도 고양시 일산동구 숲속마을로 68",
            "세대수":80,
            "입주년차":40,
            "용적률점수":"--",
            "건폐율점수":"--",
            "세대당주차수":80,
            "난방방식":100,
            "공급면적":"--",
            "전용률":"--",
            "욕실수":100,
            "현관타입":100,
            "주거총점":78.0,
            "지역구공급총점":0.0,
            "역세권":50,
            "30분내 이동가능 거점":0,
            "1시간내 이동가능 거점":20,
            "교통총점":29.0,
            "백화점":100,
            "아울렛몰":80,
            "대형마트":80,
            "은행":70,
            "병원":60,
            "종합병원":100,
            "공원":100,
            "혐오시설":0,
            "인프라총점":86.0,
            "초등학군":87.44,
            "중학군":52.3,
            "학군총점":59.328,
            "인구수":35.06,
            "인구증감":3.42,
            "인구총점":25.568,
            "일자리":7.5,
            "소득수준":51.54,
            "일자리총점":20.712,
            "가치 총점":60.4492,
            "매매실거래년":20210821.0,
            "매매실거래가":86500.0,
            "전세실거래년":20210809.0,
            "전세실거래가":36750.0,
            "전세가율":70.67,
            "장기전세가율평균":72.67,
            "전세가율거품지수":2.0,
            "검색코드":19243,
            "세대수":730.0,
            "준공년월":"2006-09-28",
            "준공년차":17.0,
            "가까운역이름":"풍산",
            "가까운역거리":912.8,
            "역세권여부":"준역세권",
            "30분이내주요거점역":0,
            "1시간이내주요거점역":2,
            "3km이내백화점수":1,
            "5km이내아울렛몰수":1,
            "1km이내대형먀트수":1,
            "500m이내은행수":4,
            "500m이내병원수":23,
            "5km이내대형병원수":6,
            "500m이내공원수":5,
            "3km이내혐오시설수":0,
            "초등학교학업성취도":87.44,
            "중학교학업성취도":84.9,
            "용적률":219,
            "건폐율":14,
            "Y":37.669053,
            "X":126.795743,
            "rank":20.0,
            "area_info":"38평(126.12), 38평(127.13), 38평(127.94), 47평(156.65), 47평(157.56), 47평(157.34), 47평(157.32), 47평(158.36), 48평(159.83), 48평(161.58), 48평(161.58), 48평(161.22), 53평(175.41), 53평(175.67), 53평(176.26), 53평(177.21), 57평(191.02), 70평(233.86)",
            "last_sales":"2021-08-21,86500.0,57평(191.02)"
        },
        {
            "index":28,
            "아파트명":"백마1단지삼성",
            "투자타입":"일반",
            "전용면적(m2)":"122.15",
            "전용면적(평)":"36평",
            "법정동주소":"경기도 고양시 일산동구 마두동 755",
            "도로명주소":"경기도 고양시 일산동구 일산로 241",
            "세대수":80,
            "입주년차":0,
            "용적률점수":"--",
            "건폐율점수":"--",
            "세대당주차수":0,
            "난방방식":100,
            "공급면적":"--",
            "전용률":"--",
            "욕실수":100,
            "현관타입":100,
            "주거총점":58.0,
            "지역구공급총점":0.0,
            "역세권":50,
            "30분내 이동가능 거점":0,
            "1시간내 이동가능 거점":60,
            "교통총점":37.0,
            "백화점":100,
            "아울렛몰":80,
            "대형마트":80,
            "은행":70,
            "병원":60,
            "종합병원":100,
            "공원":100,
            "혐오시설":0,
            "인프라총점":86.0,
            "초등학군":96.45,
            "중학군":56.66,
            "학군총점":64.618,
            "인구수":35.06,
            "인구증감":3.42,
            "인구총점":25.568,
            "일자리":7.5,
            "소득수준":51.54,
            "일자리총점":20.712,
            "가치 총점":60.0427,
            "매매실거래년":20211217.0,
            "매매실거래가":76000.0,
            "전세실거래년":20220112.0,
            "전세실거래가":67000.0,
            "전세가율":88.16,
            "장기전세가율평균":72.67,
            "전세가율거품지수":-15.49,
            "검색코드":2926,
            "세대수":772.0,
            "준공년월":"1993-01-29",
            "준공년차":30.0,
            "가까운역이름":"백마",
            "가까운역거리":697.99,
            "역세권여부":"준역세권",
            "30분이내주요거점역":0,
            "1시간이내주요거점역":6,
            "3km이내백화점수":1,
            "5km이내아울렛몰수":1,
            "1km이내대형먀트수":1,
            "500m이내은행수":4,
            "500m이내병원수":21,
            "5km이내대형병원수":6,
            "500m이내공원수":3,
            "3km이내혐오시설수":0,
            "초등학교학업성취도":96.45,
            "중학교학업성취도":89.7,
            "용적률":187,
            "건폐율":14,
            "Y":37.65704,
            "X":126.786678,
            "rank":21.0,
            "area_info":"36평(122.15), 47평(158.34)",
            "last_sales":"2021-12-17,76000.0,36평(122.15)"
        },
        {
            "index":482,
            "아파트명":"쌍용",
            "투자타입":"일반",
            "전용면적(m2)":"179.33",
            "전용면적(평)":"54평",
            "법정동주소":"경기도 고양시 일산동구 풍동 1127-1",
            "도로명주소":"경기도 고양시 일산동구 애니골길 7-27",
            "세대수":0,
            "입주년차":20,
            "용적률점수":"--",
            "건폐율점수":"--",
            "세대당주차수":80,
            "난방방식":100,
            "공급면적":"--",
            "전용률":"--",
            "욕실수":100,
            "현관타입":100,
            "주거총점":46.0,
            "지역구공급총점":0.0,
            "역세권":80,
            "30분내 이동가능 거점":0,
            "1시간내 이동가능 거점":80,
            "교통총점":56.0,
            "백화점":100,
            "아울렛몰":80,
            "대형마트":80,
            "은행":0,
            "병원":10,
            "종합병원":100,
            "공원":80,
            "혐오시설":0,
            "인프라총점":73.4,
            "초등학군":87.16,
            "중학군":52.3,
            "학군총점":59.272,
            "인구수":35.06,
            "인구증감":3.42,
            "인구총점":25.568,
            "일자리":7.5,
            "소득수준":51.54,
            "일자리총점":20.712,
            "가치 총점":59.7108,
            "매매실거래년":20210727.0,
            "매매실거래가":70000.0,
            "전세실거래년":20210830.0,
            "전세실거래가":57500.0,
            "전세가율":84.81,
            "장기전세가율평균":72.67,
            "전세가율거품지수":-12.14,
            "검색코드":3563,
            "세대수":238.0,
            "준공년월":"2002-06-26",
            "준공년차":21.0,
            "가까운역이름":"풍산",
            "가까운역거리":330.67,
            "역세권여부":"역세권",
            "30분이내주요거점역":0,
            "1시간이내주요거점역":8,
            "3km이내백화점수":1,
            "5km이내아울렛몰수":1,
            "1km이내대형먀트수":1,
            "500m이내은행수":0,
            "500m이내병원수":2,
            "5km이내대형병원수":6,
            "500m이내공원수":1,
            "3km이내혐오시설수":0,
            "초등학교학업성취도":87.16,
            "중학교학업성취도":84.9,
            "용적률":198,
            "건폐율":14,
            "Y":37.670536,
            "X":126.789224,
            "rank":22.0,
            "area_info":"54평(179.33), 63평(211.54)",
            "last_sales":"2021-07-27,70000.0,63평(211.54)"
        },
        {
            "index":24,
            "아파트명":"강촌한신2단지",
            "투자타입":"일반",
            "전용면적(m2)":"113.34",
            "전용면적(평)":"34평",
            "법정동주소":"경기도 고양시 일산동구 마두동 783",
            "도로명주소":"경기도 고양시 일산동구 강송로 156",
            "세대수":50,
            "입주년차":0,
            "용적률점수":"--",
            "건폐율점수":"--",
            "세대당주차수":60,
            "난방방식":100,
            "공급면적":"--",
            "전용률":"--",
            "욕실수":100,
            "현관타입":100,
            "주거총점":56.5,
            "지역구공급총점":0.0,
            "역세권":50,
            "30분내 이동가능 거점":20,
            "1시간내 이동가능 거점":40,
            "교통총점":39.0,
            "백화점":100,
            "아울렛몰":80,
            "대형마트":100,
            "은행":20,
            "병원":60,
            "종합병원":100,
            "공원":100,
            "혐오시설":0,
            "인프라총점":84.0,
            "초등학군":96.45,
            "중학군":55.42,
            "학군총점":63.626,
            "인구수":35.06,
            "인구증감":3.42,
            "인구총점":25.568,
            "일자리":7.5,
            "소득수준":51.54,
            "일자리총점":20.712,
            "가치 총점":59.6939,
            "매매실거래년":20211004.0,
            "매매실거래가":91000.0,
            "전세실거래년":20211231.0,
            "전세실거래가":55000.0,
            "전세가율":68.75,
            "장기전세가율평균":72.67,
            "전세가율거품지수":3.92,
            "검색코드":2922,
            "세대수":608.0,
            "준공년월":"1993-03-27",
            "준공년차":30.0,
            "가까운역이름":"마두",
            "가까운역거리":749.82,
            "역세권여부":"준역세권",
            "30분이내주요거점역":1,
            "1시간이내주요거점역":4,
            "3km이내백화점수":1,
            "5km이내아울렛몰수":1,
            "1km이내대형먀트수":2,
            "500m이내은행수":2,
            "500m이내병원수":26,
            "5km이내대형병원수":6,
            "500m이내공원수":5,
            "3km이내혐오시설수":0,
            "초등학교학업성취도":96.45,
            "중학교학업성취도":88.1,
            "용적률":196,
            "건폐율":14,
            "Y":37.654093,
            "X":126.785797,
            "rank":23.0,
            "area_info":"34평(113.34), 48평(159.3), 62평(206.11)",
            "last_sales":"2021-10-04,91000.0,48평(159.3)"
        },
        {
            "index":322,
            "아파트명":"밤가시건영9단지드림팰리스",
            "투자타입":"일반",
            "전용면적(m2)":"152.56",
            "전용면적(평)":"46평",
            "법정동주소":"경기도 고양시 일산동구 정발산동 1354",
            "도로명주소":"경기도 고양시 일산동구 산두로 128",
            "세대수":0,
            "입주년차":0,
            "용적률점수":"--",
            "건폐율점수":"--",
            "세대당주차수":80,
            "난방방식":100,
            "공급면적":"--",
            "전용률":"--",
            "욕실수":100,
            "현관타입":100,
            "주거총점":42.0,
            "지역구공급총점":0.0,
            "역세권":80,
            "30분내 이동가능 거점":20,
            "1시간내 이동가능 거점":80,
            "교통총점":62.0,
            "백화점":100,
            "아울렛몰":80,
            "대형마트":80,
            "은행":0,
            "병원":0,
            "종합병원":100,
            "공원":100,
            "혐오시설":0,
            "인프라총점":73.0,
            "초등학군":87.16,
            "중학군":42.22,
            "학군총점":51.208,
            "인구수":35.06,
            "인구증감":3.42,
            "인구총점":25.568,
            "일자리":7.5,
            "소득수준":51.54,
            "일자리총점":20.712,
            "가치 총점":59.6812,
            "매매실거래년":"18000101",
            "매매실거래가":null,
            "전세실거래년":null,
            "전세실거래가":null,
            "전세가율":null,
            "장기전세가율평균":72.67,
            "전세가율거품지수":null,
            "검색코드":10684,
            "세대수":144.0,
            "준공년월":"1996-02-03",
            "준공년차":27.0,
            "가까운역이름":"풍산",
            "가까운역거리":346.22,
            "역세권여부":"역세권",
            "30분이내주요거점역":1,
            "1시간이내주요거점역":8,
            "3km이내백화점수":1,
            "5km이내아울렛몰수":1,
            "1km이내대형먀트수":1,
            "500m이내은행수":0,
            "500m이내병원수":0,
            "5km이내대형병원수":6,
            "500m이내공원수":2,
            "3km이내혐오시설수":0,
            "초등학교학업성취도":87.16,
            "중학교학업성취도":69.9,
            "용적률":95,
            "건폐율":36,
            "Y":37.669234,
            "X":126.786117,
            "rank":24.0,
            "area_info":"46평(152.56), 46평(153.37), 46평(153.93), 57평(188.54), 57평(190.43), 58평(192.6), 60평(199.31), 75평(248.38)",
            "last_sales":"1800-01-01,nan,46평(152.56)"
        },
        {
            "index":102,
            "아파트명":"백송한신",
            "투자타입":"재건축",
            "전용면적(m2)":"49.32",
            "전용면적(평)":"14평",
            "법정동주소":"경기도 고양시 일산동구 백석동 1183",
            "도로명주소":"경기도 고양시 일산동구 백석로 109",
            "세대수":50,
            "입주년차":"--",
            "용적률점수":100,
            "건폐율점수":0,
            "세대당주차수":"--",
            "난방방식":"--",
            "공급면적":50,
            "전용률":80,
            "욕실수":"--",
            "현관타입":"--",
            "주거총점":61.5,
            "지역구공급총점":0.0,
            "역세권":50,
            "30분내 이동가능 거점":20,
            "1시간내 이동가능 거점":50,
            "교통총점":41.0,
            "백화점":100,
            "아울렛몰":80,
            "대형마트":100,
            "은행":0,
            "병원":30,
            "종합병원":100,
            "공원":100,
            "혐오시설":0,
            "인프라총점":79.0,
            "초등학군":88.42,
            "중학군":55.42,
            "학군총점":62.02,
            "인구수":35.06,
            "인구증감":3.42,
            "인구총점":25.568,
            "일자리":7.5,
            "소득수준":51.54,
            "일자리총점":20.712,
            "가치 총점":59.653,
            "매매실거래년":20220106.0,
            "매매실거래가":30000.0,
            "전세실거래년":20211220.0,
            "전세실거래가":13500.0,
            "전세가율":45.0,
            "장기전세가율평균":72.67,
            "전세가율거품지수":27.67,
            "검색코드":2565,
            "세대수":436.0,
            "준공년월":"1992-09-29",
            "준공년차":31.0,
            "가까운역이름":"백석",
            "가까운역거리":760.09,
            "역세권여부":"준역세권",
            "30분이내주요거점역":1,
            "1시간이내주요거점역":5,
            "3km이내백화점수":1,
            "5km이내아울렛몰수":1,
            "1km이내대형먀트수":3,
            "500m이내은행수":1,
            "500m이내병원수":9,
            "5km이내대형병원수":6,
            "500m이내공원수":4,
            "3km이내혐오시설수":0,
            "초등학교학업성취도":88.42,
            "중학교학업성취도":88.1,
            "용적률":134,
            "건폐율":0,
            "Y":37.649946,
            "X":126.788153,
            "rank":25.0,
            "area_info":"14평(49.32), 15평(50.84), 18평(60.3), 21평(71.18)",
            "last_sales":"2022-01-06,30000.0,14평(49.32)"
        },
        {
            "index":33,
            "아파트명":"백마3단지금호,한양",
            "투자타입":"일반",
            "전용면적(m2)":"54.75",
            "전용면적(평)":"16평",
            "법정동주소":"경기도 고양시 일산동구 마두동 732",
            "도로명주소":"경기도 고양시 일산동구 일산로 206",
            "세대수":90,
            "입주년차":0,
            "용적률점수":"--",
            "건폐율점수":"--",
            "세대당주차수":0,
            "난방방식":100,
            "공급면적":"--",
            "전용률":"--",
            "욕실수":50,
            "현관타입":10,
            "주거총점":47.5,
            "지역구공급총점":0.0,
            "역세권":80,
            "30분내 이동가능 거점":0,
            "1시간내 이동가능 거점":80,
            "교통총점":56.0,
            "백화점":100,
            "아울렛몰":80,
            "대형마트":0,
            "은행":20,
            "병원":60,
            "종합병원":100,
            "공원":100,
            "혐오시설":0,
            "인프라총점":69.0,
            "초등학군":93.94,
            "중학군":52.28,
            "학군총점":60.612,
            "인구수":35.06,
            "인구증감":3.42,
            "인구총점":25.568,
            "일자리":7.5,
            "소득수준":51.54,
            "일자리총점":20.712,
            "가치 총점":58.8918,
            "매매실거래년":20211218.0,
            "매매실거래가":34000.0,
            "전세실거래년":20220117.0,
            "전세실거래가":14700.0,
            "전세가율":50.17,
            "장기전세가율평균":72.67,
            "전세가율거품지수":22.5,
            "검색코드":25588,
            "세대수":1116.0,
            "준공년월":"1995-04-28",
            "준공년차":28.0,
            "가까운역이름":"백마",
            "가까운역거리":416.29,
            "역세권여부":"역세권",
            "30분이내주요거점역":0,
            "1시간이내주요거점역":8,
            "3km이내백화점수":1,
            "5km이내아울렛몰수":1,
            "1km이내대형먀트수":0,
            "500m이내은행수":2,
            "500m이내병원수":22,
            "5km이내대형병원수":6,
            "500m이내공원수":3,
            "3km이내혐오시설수":0,
            "초등학교학업성취도":93.94,
            "중학교학업성취도":84.2,
            "용적률":181,
            "건폐율":15,
            "Y":37.655403,
            "X":126.791374,
            "rank":26.0,
            "area_info":"16평(54.75), 17평(57.17), 31평(102.5), 31평(103.23)",
            "last_sales":"2021-12-18,34000.0,17평(57.17)"
        },
        {
            "index":484,
            "아파트명":"요진와이하우스(도시형)",
            "투자타입":"일반",
            "전용면적(m2)":"52.93",
            "전용면적(평)":"16평",
            "법정동주소":"경기도 고양시 일산동구 풍동 1377",
            "도로명주소":"경기도 고양시 일산동구 무궁화로 255",
            "세대수":0,
            "입주년차":60,
            "용적률점수":"--",
            "건폐율점수":"--",
            "세대당주차수":30,
            "난방방식":100,
            "공급면적":"--",
            "전용률":"--",
            "욕실수":50,
            "현관타입":100,
            "주거총점":41.5,
            "지역구공급총점":0.0,
            "역세권":80,
            "30분내 이동가능 거점":0,
            "1시간내 이동가능 거점":80,
            "교통총점":56.0,
            "백화점":100,
            "아울렛몰":80,
            "대형마트":80,
            "은행":0,
            "병원":10,
            "종합병원":100,
            "공원":100,
            "혐오시설":0,
            "인프라총점":74.0,
            "초등학군":86.15,
            "중학군":46.98,
            "학군총점":54.814,
            "인구수":35.06,
            "인구증감":3.42,
            "인구총점":25.568,
            "일자리":7.5,
            "소득수준":51.54,
            "일자리총점":20.712,
            "가치 총점":58.3221,
            "매매실거래년":"18000101",
            "매매실거래가":null,
            "전세실거래년":null,
            "전세실거래가":null,
            "전세가율":null,
            "장기전세가율평균":72.67,
            "전세가율거품지수":null,
            "검색코드":104645,
            "세대수":258.0,
            "준공년월":"2013-04-26",
            "준공년차":10.0,
            "가까운역이름":"풍산",
            "가까운역거리":373.46,
            "역세권여부":"역세권",
            "30분이내주요거점역":0,
            "1시간이내주요거점역":8,
            "3km이내백화점수":1,
            "5km이내아울렛몰수":1,
            "1km이내대형먀트수":1,
            "500m이내은행수":0,
            "500m이내병원수":4,
            "5km이내대형병원수":5,
            "500m이내공원수":2,
            "3km이내혐오시설수":0,
            "초등학교학업성취도":86.15,
            "중학교학업성취도":76.1,
            "용적률":95,
            "건폐율":30,
            "Y":37.675249,
            "X":126.788377,
            "rank":27.0,
            "area_info":"16평(52.93), 16평(53.22), 16평(53.31), 20평(68.63), 23평(78.98)",
            "last_sales":"1800-01-01,nan,16평(52.93)"
        },
        {
            "index":418,
            "아파트명":"하늘5단지휴먼시아",
            "투자타입":"일반",
            "전용면적(m2)":"99.5",
            "전용면적(평)":"30평",
            "법정동주소":"경기도 고양시 일산동구 중산동 1800",
            "도로명주소":"경기도 고양시 일산동구 하늘마을1로 25",
            "세대수":90,
            "입주년차":40,
            "용적률점수":"--",
            "건폐율점수":"--",
            "세대당주차수":30,
            "난방방식":100,
            "공급면적":"--",
            "전용률":"--",
            "욕실수":100,
            "현관타입":100,
            "주거총점":74.0,
            "지역구공급총점":0.0,
            "역세권":50,
            "30분내 이동가능 거점":0,
            "1시간내 이동가능 거점":60,
            "교통총점":37.0,
            "백화점":100,
            "아울렛몰":80,
            "대형마트":80,
            "은행":0,
            "병원":10,
            "종합병원":100,
            "공원":100,
            "혐오시설":0,
            "인프라총점":74.0,
            "초등학군":86.15,
            "중학군":46.98,
            "학군총점":54.814,
            "인구수":35.06,
            "인구증감":3.42,
            "인구총점":25.568,
            "일자리":7.5,
            "소득수준":51.54,
            "일자리총점":20.712,
            "가치 총점":58.1721,
            "매매실거래년":20201219.0,
            "매매실거래가":54000.0,
            "전세실거래년":20201114.0,
            "전세실거래가":28000.0,
            "전세가율":66.67,
            "장기전세가율평균":72.67,
            "전세가율거품지수":6.0,
            "검색코드":26001,
            "세대수":1150.0,
            "준공년월":"2007-08-16",
            "준공년차":16.0,
            "가까운역이름":"풍산",
            "가까운역거리":548.53,
            "역세권여부":"준역세권",
            "30분이내주요거점역":0,
            "1시간이내주요거점역":6,
            "3km이내백화점수":1,
            "5km이내아울렛몰수":1,
            "1km이내대형먀트수":1,
            "500m이내은행수":0,
            "500m이내병원수":4,
            "5km이내대형병원수":5,
            "500m이내공원수":5,
            "3km이내혐오시설수":0,
            "초등학교학업성취도":86.15,
            "중학교학업성취도":76.1,
            "용적률":199,
            "건폐율":13,
            "Y":37.677151,
            "X":126.787654,
            "rank":28.0,
            "area_info":"30평(99.5), 33평(110.93), 33평(110.96), 33평(110.93), 33평(110.93), 33평(111.22)",
            "last_sales":"2020-12-19,54000.0,33평(111.22)"
        },
        {
            "index":315,
            "아파트명":"밤가시건영8단지",
            "투자타입":"일반",
            "전용면적(m2)":"72.93",
            "전용면적(평)":"22평",
            "법정동주소":"경기도 고양시 일산동구 정발산동 1269",
            "도로명주소":"경기도 고양시 일산동구 산두로 156",
            "세대수":0,
            "입주년차":0,
            "용적률점수":"--",
            "건폐율점수":"--",
            "세대당주차수":30,
            "난방방식":100,
            "공급면적":"--",
            "전용률":"--",
            "욕실수":50,
            "현관타입":100,
            "주거총점":29.5,
            "지역구공급총점":0.0,
            "역세권":80,
            "30분내 이동가능 거점":20,
            "1시간내 이동가능 거점":80,
            "교통총점":62.0,
            "백화점":100,
            "아울렛몰":80,
            "대형마트":80,
            "은행":0,
            "병원":30,
            "종합병원":100,
            "공원":100,
            "혐오시설":0,
            "인프라총점":76.0,
            "초등학군":87.16,
            "중학군":42.22,
            "학군총점":51.208,
            "인구수":35.06,
            "인구증감":3.42,
            "인구총점":25.568,
            "일자리":7.5,
            "소득수준":51.54,
            "일자리총점":20.712,
            "가치 총점":58.0812,
            "매매실거래년":"18000101",
            "매매실거래가":null,
            "전세실거래년":null,
            "전세실거래가":null,
            "전세가율":null,
            "장기전세가율평균":72.67,
            "전세가율거품지수":null,
            "검색코드":10683,
            "세대수":128.0,
            "준공년월":"1996-03-29",
            "준공년차":27.0,
            "가까운역이름":"풍산",
            "가까운역거리":109.85,
            "역세권여부":"역세권",
            "30분이내주요거점역":1,
            "1시간이내주요거점역":8,
            "3km이내백화점수":2,
            "5km이내아울렛몰수":1,
            "1km이내대형먀트수":1,
            "500m이내은행수":0,
            "500m이내병원수":5,
            "5km이내대형병원수":5,
            "500m이내공원수":2,
            "3km이내혐오시설수":0,
            "초등학교학업성취도":87.16,
            "중학교학업성취도":69.9,
            "용적률":98,
            "건폐율":33,
            "Y":37.671801,
            "X":126.785202,
            "rank":29.0,
            "area_info":"22평(72.93), 22평(72.99), 22평(73.01), 30평(100.85), 30평(100.9), 30평(100.82), 30평(100.72)",
            "last_sales":"1800-01-01,nan,22평(72.93)"
        },
        {
            "index":41,
            "아파트명":"백마5단지쌍용,한성",
            "투자타입":"일반",
            "전용면적(m2)":"73.63",
            "전용면적(평)":"22평",
            "법정동주소":"경기도 고양시 일산동구 마두동 717",
            "도로명주소":"경기도 고양시 일산동구 경의로 333",
            "세대수":90,
            "입주년차":0,
            "용적률점수":"--",
            "건폐율점수":"--",
            "세대당주차수":0,
            "난방방식":100,
            "공급면적":"--",
            "전용률":"--",
            "욕실수":50,
            "현관타입":10,
            "주거총점":47.5,
            "지역구공급총점":0.0,
            "역세권":80,
            "30분내 이동가능 거점":0,
            "1시간내 이동가능 거점":80,
            "교통총점":56.0,
            "백화점":100,
            "아울렛몰":80,
            "대형마트":0,
            "은행":20,
            "병원":30,
            "종합병원":100,
            "공원":80,
            "혐오시설":0,
            "인프라총점":65.4,
            "초등학군":93.94,
            "중학군":52.28,
            "학군총점":60.612,
            "인구수":35.06,
            "인구증감":3.42,
            "인구총점":25.568,
            "일자리":7.5,
            "소득수준":51.54,
            "일자리총점":20.712,
            "가치 총점":57.8118,
            "매매실거래년":20220112.0,
            "매매실거래가":45500.0,
            "전세실거래년":20211230.0,
            "전세실거래가":18900.0,
            "전세가율":41.54,
            "장기전세가율평균":72.67,
            "전세가율거품지수":31.13,
            "검색코드":2928,
            "세대수":1152.0,
            "준공년월":"1994-11-14",
            "준공년차":29.0,
            "가까운역이름":"백마",
            "가까운역거리":358.03,
            "역세권여부":"역세권",
            "30분이내주요거점역":0,
            "1시간이내주요거점역":8,
            "3km이내백화점수":1,
            "5km이내아울렛몰수":1,
            "1km이내대형먀트수":0,
            "500m이내은행수":2,
            "500m이내병원수":7,
            "5km이내대형병원수":6,
            "500m이내공원수":1,
            "3km이내혐오시설수":0,
            "초등학교학업성취도":93.94,
            "중학교학업성취도":84.2,
            "용적률":168,
            "건폐율":15,
            "Y":37.659478,
            "X":126.790707,
            "rank":30.0,
            "area_info":"22평(73.63), 27평(89.67), 32평(106.2), 37평(122.63), 48평(158.83)",
            "last_sales":"2022-01-12,45500.0,22평(73.63)"
        },
        {
            "index":313,
            "아파트명":"밤가시건영7단지",
            "투자타입":"일반",
            "전용면적(m2)":"72.87",
            "전용면적(평)":"22평",
            "법정동주소":"경기도 고양시 일산동구 정발산동 1266",
            "도로명주소":"경기도 고양시 일산동구 산두로 180",
            "세대수":0,
            "입주년차":0,
            "용적률점수":"--",
            "건폐율점수":"--",
            "세대당주차수":0,
            "난방방식":100,
            "공급면적":"--",
            "전용률":"--",
            "욕실수":50,
            "현관타입":100,
            "주거총점":25.0,
            "지역구공급총점":0.0,
            "역세권":80,
            "30분내 이동가능 거점":20,
            "1시간내 이동가능 거점":80,
            "교통총점":62.0,
            "백화점":100,
            "아울렛몰":80,
            "대형마트":80,
            "은행":0,
            "병원":30,
            "종합병원":100,
            "공원":100,
            "혐오시설":0,
            "인프라총점":76.0,
            "초등학군":86.77,
            "중학군":42.22,
            "학군총점":51.13,
            "인구수":35.06,
            "인구증감":3.42,
            "인구총점":25.568,
            "일자리":7.5,
            "소득수준":51.54,
            "일자리총점":20.712,
            "가치 총점":57.1695,
            "매매실거래년":"18000101",
            "매매실거래가":null,
            "전세실거래년":null,
            "전세실거래가":null,
            "전세가율":null,
            "장기전세가율평균":72.67,
            "전세가율거품지수":null,
            "검색코드":10682,
            "세대수":216.0,
            "준공년월":"1996-03-22",
            "준공년차":27.0,
            "가까운역이름":"풍산",
            "가까운역거리":265.18,
            "역세권여부":"역세권",
            "30분이내주요거점역":1,
            "1시간이내주요거점역":8,
            "3km이내백화점수":2,
            "5km이내아울렛몰수":1,
            "1km이내대형먀트수":1,
            "500m이내은행수":0,
            "500m이내병원수":5,
            "5km이내대형병원수":5,
            "500m이내공원수":3,
            "3km이내혐오시설수":0,
            "초등학교학업성취도":86.77,
            "중학교학업성취도":69.9,
            "용적률":97,
            "건폐율":32,
            "Y":37.673596,
            "X":126.783677,
            "rank":31.0,
            "area_info":"22평(72.87), 30평(99.93)",
            "last_sales":"1800-01-01,nan,22평(72.87)"
        },
        {
            "index":330,
            "아파트명":"양지건영1단지",
            "투자타입":"일반",
            "전용면적(m2)":"152.55",
            "전용면적(평)":"46평",
            "법정동주소":"경기도 고양시 일산동구 정발산동 786",
            "도로명주소":"경기도 고양시 일산동구 무궁화로76번길 12",
            "세대수":0,
            "입주년차":0,
            "용적률점수":"--",
            "건폐율점수":"--",
            "세대당주차수":80,
            "난방방식":100,
            "공급면적":"--",
            "전용률":"--",
            "욕실수":100,
            "현관타입":100,
            "주거총점":42.0,
            "지역구공급총점":0.0,
            "역세권":50,
            "30분내 이동가능 거점":20,
            "1시간내 이동가능 거점":50,
            "교통총점":41.0,
            "백화점":100,
            "아울렛몰":80,
            "대형마트":80,
            "은행":70,
            "병원":30,
            "종합병원":100,
            "공원":100,
            "혐오시설":0,
            "인프라총점":83.0,
            "초등학군":87.1,
            "중학군":55.24,
            "학군총점":61.612,
            "인구수":35.06,
            "인구증감":3.42,
            "인구총점":25.568,
            "일자리":7.5,
            "소득수준":51.54,
            "일자리총점":20.712,
            "가치 총점":56.8918,
            "매매실거래년":"18000101",
            "매매실거래가":null,
            "전세실거래년":null,
            "전세실거래가":null,
            "전세가율":null,
            "장기전세가율평균":72.67,
            "전세가율거품지수":null,
            "검색코드":25791,
            "세대수":108.0,
            "준공년월":"1996-02-29",
            "준공년차":27.0,
            "가까운역이름":"정발산",
            "가까운역거리":564.16,
            "역세권여부":"준역세권",
            "30분이내주요거점역":1,
            "1시간이내주요거점역":5,
            "3km이내백화점수":2,
            "5km이내아울렛몰수":1,
            "1km이내대형먀트수":1,
            "500m이내은행수":4,
            "500m이내병원수":9,
            "5km이내대형병원수":5,
            "500m이내공원수":2,
            "3km이내혐오시설수":0,
            "초등학교학업성취도":87.1,
            "중학교학업성취도":89.0,
            "용적률":96,
            "건폐율":37,
            "Y":37.664458,
            "X":126.77214,
            "rank":32.0,
            "area_info":"46평(152.55), 46평(153.92), 57평(188.52), 57평(190.41), 60평(199.29), 75평(248.36)",
            "last_sales":"1800-01-01,nan,46평(152.55)"
        },
        {
            "index":234,
            "아파트명":"킨텍스원시티(2블럭)",
            "투자타입":"일반",
            "전용면적(m2)":"118.58",
            "전용면적(평)":"35평",
            "법정동주소":"경기도 고양시 일산동구 장항동 1761",
            "도로명주소":"경기도 고양시 일산동구 월드고양로 19",
            "세대수":90,
            "입주년차":100,
            "용적률점수":"--",
            "건폐율점수":"--",
            "세대당주차수":60,
            "난방방식":100,
            "공급면적":"--",
            "전용률":"--",
            "욕실수":100,
            "현관타입":100,
            "주거총점":90.5,
            "지역구공급총점":0.0,
            "역세권":0,
            "30분내 이동가능 거점":20,
            "1시간내 이동가능 거점":70,
            "교통총점":20.0,
            "백화점":100,
            "아울렛몰":80,
            "대형마트":100,
            "은행":0,
            "병원":30,
            "종합병원":100,
            "공원":0,
            "혐오시설":0,
            "인프라총점":76.0,
            "초등학군":91.26,
            "중학군":51.84,
            "학군총점":59.724,
            "인구수":35.06,
            "인구증감":3.42,
            "인구총점":25.568,
            "일자리":7.5,
            "소득수준":51.54,
            "일자리총점":20.712,
            "가치 총점":56.8586,
            "매매실거래년":20200207.0,
            "매매실거래가":117474.0,
            "전세실거래년":20220113.0,
            "전세실거래가":73000.0,
            "전세가율":69.52,
            "장기전세가율평균":72.67,
            "전세가율거품지수":3.15,
            "검색코드":116752,
            "세대수":959.0,
            "준공년월":"2019-08-22",
            "준공년차":4.0,
            "가까운역이름":"주엽",
            "가까운역거리":1367.42,
            "역세권여부":"비역세권",
            "30분이내주요거점역":1,
            "1시간이내주요거점역":7,
            "3km이내백화점수":2,
            "5km이내아울렛몰수":1,
            "1km이내대형먀트수":2,
            "500m이내은행수":0,
            "500m이내병원수":5,
            "5km이내대형병원수":5,
            "500m이내공원수":0,
            "3km이내혐오시설수":0,
            "초등학교학업성취도":91.26,
            "중학교학업성취도":84.2,
            "용적률":359,
            "건폐율":20,
            "Y":37.663196,
            "X":126.748454,
            "rank":33.0,
            "area_info":"35평(118.58), 35평(118.56), 35평(118.56), 35평(118.57), 35평(118.55), 35평(119.0), 44평(147.34), 51평(170.57), 51평(170.57), 51평(171.12), 61평(203.7), 61평(204.08), 61평(204.05)",
            "last_sales":"2020-02-07,117474.0,51평(170.57)"
        },
        {
            "index":68,
            "아파트명":"정발4단지건영",
            "투자타입":"일반",
            "전용면적(m2)":"73.52",
            "전용면적(평)":"22평",
            "법정동주소":"경기도 고양시 일산동구 마두동 867",
            "도로명주소":"경기도 고양시 일산동구 산두로 26",
            "세대수":0,
            "입주년차":0,
            "용적률점수":"--",
            "건폐율점수":"--",
            "세대당주차수":0,
            "난방방식":100,
            "공급면적":"--",
            "전용률":"--",
            "욕실수":100,
            "현관타입":100,
            "주거총점":30.0,
            "지역구공급총점":0.0,
            "역세권":80,
            "30분내 이동가능 거점":20,
            "1시간내 이동가능 거점":80,
            "교통총점":62.0,
            "백화점":100,
            "아울렛몰":80,
            "대형마트":0,
            "은행":0,
            "병원":30,
            "종합병원":100,
            "공원":80,
            "혐오시설":0,
            "인프라총점":63.4,
            "초등학군":93.94,
            "중학군":52.28,
            "학군총점":60.612,
            "인구수":35.06,
            "인구증감":3.42,
            "인구총점":25.568,
            "일자리":7.5,
            "소득수준":51.54,
            "일자리총점":20.712,
            "가치 총점":55.8118,
            "매매실거래년":"18000101",
            "매매실거래가":null,
            "전세실거래년":null,
            "전세실거래가":null,
            "전세가율":null,
            "장기전세가율평균":72.67,
            "전세가율거품지수":null,
            "검색코드":10843,
            "세대수":280.0,
            "준공년월":"1996-03-12",
            "준공년차":27.0,
            "가까운역이름":"백마",
            "가까운역거리":488.61,
            "역세권여부":"역세권",
            "30분이내주요거점역":1,
            "1시간이내주요거점역":8,
            "3km이내백화점수":1,
            "5km이내아울렛몰수":1,
            "1km이내대형먀트수":0,
            "500m이내은행수":1,
            "500m이내병원수":5,
            "5km이내대형병원수":6,
            "500m이내공원수":1,
            "3km이내혐오시설수":0,
            "초등학교학업성취도":93.94,
            "중학교학업성취도":84.2,
            "용적률":97,
            "건폐율":32,
            "Y":37.661259,
            "X":126.790429,
            "rank":34.0,
            "area_info":"22평(73.52), 30평(100.41)",
            "last_sales":"1800-01-01,nan,22평(73.52)"
        },
        {
            "index":307,
            "아파트명":"밤가시건영6단지",
            "투자타입":"일반",
            "전용면적(m2)":"152.51",
            "전용면적(평)":"46평",
            "법정동주소":"경기도 고양시 일산동구 정발산동 1260",
            "도로명주소":"경기도 고양시 일산동구 산두로 210",
            "세대수":0,
            "입주년차":0,
            "용적률점수":"--",
            "건폐율점수":"--",
            "세대당주차수":80,
            "난방방식":100,
            "공급면적":"--",
            "전용률":"--",
            "욕실수":100,
            "현관타입":100,
            "주거총점":42.0,
            "지역구공급총점":0.0,
            "역세권":50,
            "30분내 이동가능 거점":20,
            "1시간내 이동가능 거점":50,
            "교통총점":41.0,
            "백화점":100,
            "아울렛몰":80,
            "대형마트":80,
            "은행":0,
            "병원":60,
            "종합병원":100,
            "공원":100,
            "혐오시설":0,
            "인프라총점":79.0,
            "초등학군":86.77,
            "중학군":56.1,
            "학군총점":62.234,
            "인구수":35.06,
            "인구증감":3.42,
            "인구총점":25.568,
            "일자리":7.5,
            "소득수준":51.54,
            "일자리총점":20.712,
            "가치 총점":55.7851,
            "매매실거래년":"18000101",
            "매매실거래가":null,
            "전세실거래년":null,
            "전세실거래가":null,
            "전세가율":null,
            "장기전세가율평균":72.67,
            "전세가율거품지수":null,
            "검색코드":10680,
            "세대수":138.0,
            "준공년월":"1997-01-21",
            "준공년차":26.0,
            "가까운역이름":"풍산",
            "가까운역거리":580.02,
            "역세권여부":"준역세권",
            "30분이내주요거점역":1,
            "1시간이내주요거점역":5,
            "3km이내백화점수":2,
            "5km이내아울렛몰수":1,
            "1km이내대형먀트수":1,
            "500m이내은행수":0,
            "500m이내병원수":11,
            "5km이내대형병원수":5,
            "500m이내공원수":4,
            "3km이내혐오시설수":0,
            "초등학교학업성취도":86.77,
            "중학교학업성취도":89.3,
            "용적률":94,
            "건폐율":36,
            "Y":37.675688,
            "X":126.781183,
            "rank":35.0,
            "area_info":"46평(152.51), 57평(188.48), 57평(190.36), 58평(192.54), 60평(199.25), 75평(248.3)",
            "last_sales":"1800-01-01,nan,46평(152.51)"
        },
        {
            "index":375,
            "아파트명":"일산아이파크2차(민간임대)",
            "투자타입":"일반",
            "전용면적(m2)":"98.48",
            "전용면적(평)":"29평",
            "법정동주소":"경기도 고양시 일산동구 중산동 1842",
            "도로명주소":"경기도 고양시 일산동구 중산로 60",
            "세대수":0,
            "입주년차":100,
            "용적률점수":"--",
            "건폐율점수":"--",
            "세대당주차수":60,
            "난방방식":100,
            "공급면적":"--",
            "전용률":"--",
            "욕실수":100,
            "현관타입":100,
            "주거총점":59.0,
            "지역구공급총점":0.0,
            "역세권":50,
            "30분내 이동가능 거점":20,
            "1시간내 이동가능 거점":30,
            "교통총점":37.0,
            "백화점":100,
            "아울렛몰":80,
            "대형마트":80,
            "은행":0,
            "병원":30,
            "종합병원":100,
            "공원":100,
            "혐오시설":0,
            "인프라총점":76.0,
            "초등학군":86.3,
            "중학군":46.98,
            "학군총점":54.844,
            "인구수":35.06,
            "인구증감":3.42,
            "인구총점":25.568,
            "일자리":7.5,
            "소득수준":51.54,
            "일자리총점":20.712,
            "가치 총점":55.7766,
            "매매실거래년":"18000101",
            "매매실거래가":null,
            "전세실거래년":null,
            "전세실거래가":null,
            "전세가율":null,
            "장기전세가율평균":72.67,
            "전세가율거품지수":null,
            "검색코드":127875,
            "세대수":214.0,
            "준공년월":"2019-09-27",
            "준공년차":4.0,
            "가까운역이름":"풍산",
            "가까운역거리":658.27,
            "역세권여부":"준역세권",
            "30분이내주요거점역":1,
            "1시간이내주요거점역":3,
            "3km이내백화점수":1,
            "5km이내아울렛몰수":1,
            "1km이내대형먀트수":1,
            "500m이내은행수":0,
            "500m이내병원수":6,
            "5km이내대형병원수":5,
            "500m이내공원수":3,
            "3km이내혐오시설수":0,
            "초등학교학업성취도":86.3,
            "중학교학업성취도":76.1,
            "용적률":229,
            "건폐율":28,
            "Y":37.677855,
            "X":126.783505,
            "rank":36.0,
            "area_info":"29평(98.48), 33평(110.46), 33평(110.25), 33평(110.84), 33평(110.84), 33평(111.31), 33평(111.31)",
            "last_sales":"1800-01-01,nan,29평(98.48)"
        },
        {
            "index":432,
            "아파트명":"숲속2단지두산위브",
            "투자타입":"일반",
            "전용면적(m2)":"98.96",
            "전용면적(평)":"29평",
            "법정동주소":"경기도 고양시 일산동구 풍동 1286",
            "도로명주소":"경기도 고양시 일산동구 숲속마을1로 55",
            "세대수":80,
            "입주년차":40,
            "용적률점수":"--",
            "건폐율점수":"--",
            "세대당주차수":30,
            "난방방식":100,
            "공급면적":"--",
            "전용률":"--",
            "욕실수":100,
            "현관타입":100,
            "주거총점":70.5,
            "지역구공급총점":0.0,
            "역세권":50,
            "30분내 이동가능 거점":0,
            "1시간내 이동가능 거점":30,
            "교통총점":31.0,
            "백화점":100,
            "아울렛몰":80,
            "대형마트":0,
            "은행":70,
            "병원":60,
            "종합병원":100,
            "공원":100,
            "혐오시설":0,
            "인프라총점":74.0,
            "초등학군":87.44,
            "중학군":49.66,
            "학군총점":57.216,
            "인구수":35.06,
            "인구증감":3.42,
            "인구총점":25.568,
            "일자리":7.5,
            "소득수준":51.54,
            "일자리총점":20.712,
            "가치 총점":55.7324,
            "매매실거래년":20210925.0,
            "매매실거래가":62400.0,
            "전세실거래년":20210923.0,
            "전세실거래가":27300.0,
            "전세가율":50.09,
            "장기전세가율평균":72.67,
            "전세가율거품지수":22.58,
            "검색코드":18938,
            "세대수":888.0,
            "준공년월":"2006-07-07",
            "준공년차":17.0,
            "가까운역이름":"백마",
            "가까운역거리":933.7,
            "역세권여부":"준역세권",
            "30분이내주요거점역":0,
            "1시간이내주요거점역":3,
            "3km이내백화점수":1,
            "5km이내아울렛몰수":1,
            "1km이내대형먀트수":0,
            "500m이내은행수":4,
            "500m이내병원수":27,
            "5km이내대형병원수":6,
            "500m이내공원수":6,
            "3km이내혐오시설수":0,
            "초등학교학업성취도":87.44,
            "중학교학업성취도":80.5,
            "용적률":206,
            "건폐율":13,
            "Y":37.66593,
            "X":126.798718,
            "rank":37.0,
            "area_info":"29평(98.96), 33평(110.79), 33평(110.67), 33평(110.93), 33평(110.88)",
            "last_sales":"2021-09-25,62400.0,33평(110.67)"
        },
        {
            "index":336,
            "아파트명":"양지건영2단지",
            "투자타입":"일반",
            "전용면적(m2)":"117.2",
            "전용면적(평)":"35평",
            "법정동주소":"경기도 고양시 일산동구 정발산동 720",
            "도로명주소":"경기도 고양시 일산동구 무궁화로75번길 15",
            "세대수":0,
            "입주년차":0,
            "용적률점수":"--",
            "건폐율점수":"--",
            "세대당주차수":60,
            "난방방식":100,
            "공급면적":"--",
            "전용률":"--",
            "욕실수":100,
            "현관타입":50,
            "주거총점":34.0,
            "지역구공급총점":0.0,
            "역세권":50,
            "30분내 이동가능 거점":20,
            "1시간내 이동가능 거점":40,
            "교통총점":39.0,
            "백화점":100,
            "아울렛몰":80,
            "대형마트":80,
            "은행":70,
            "병원":60,
            "종합병원":100,
            "공원":100,
            "혐오시설":0,
            "인프라총점":86.0,
            "초등학군":87.1,
            "중학군":55.24,
            "학군총점":61.612,
            "인구수":35.06,
            "인구증감":3.42,
            "인구총점":25.568,
            "일자리":7.5,
            "소득수준":51.54,
            "일자리총점":20.712,
            "가치 총점":55.4918,
            "매매실거래년":"18000101",
            "매매실거래가":null,
            "전세실거래년":null,
            "전세실거래가":null,
            "전세가율":null,
            "장기전세가율평균":72.67,
            "전세가율거품지수":null,
            "검색코드":25792,
            "세대수":147.0,
            "준공년월":"1996-03-12",
            "준공년차":27.0,
            "가까운역이름":"정발산",
            "가까운역거리":734.64,
            "역세권여부":"준역세권",
            "30분이내주요거점역":1,
            "1시간이내주요거점역":4,
            "3km이내백화점수":2,
            "5km이내아울렛몰수":1,
            "1km이내대형먀트수":1,
            "500m이내은행수":4,
            "500m이내병원수":11,
            "5km이내대형병원수":5,
            "500m이내공원수":3,
            "3km이내혐오시설수":0,
            "초등학교학업성취도":87.1,
            "중학교학업성취도":89.0,
            "용적률":94,
            "건폐율":39,
            "Y":37.665816,
            "X":126.771007,
            "rank":38.0,
            "area_info":"35평(117.2), 35평(117.82), 46평(152.29), 46평(153.37)",
            "last_sales":"1800-01-01,nan,35평(117.2)"
        },
        {
            "index":247,
            "아파트명":"킨텍스원시티(3블럭)",
            "투자타입":"일반",
            "전용면적(m2)":"118.85",
            "전용면적(평)":"35평",
            "법정동주소":"경기도 고양시 일산동구 장항동 1762",
            "도로명주소":"경기도 고양시 일산동구 월드고양로 21",
            "세대수":80,
            "입주년차":100,
            "용적률점수":"--",
            "건폐율점수":"--",
            "세대당주차수":60,
            "난방방식":100,
            "공급면적":"--",
            "전용률":"--",
            "욕실수":100,
            "현관타입":100,
            "주거총점":87.0,
            "지역구공급총점":0.0,
            "역세권":0,
            "30분내 이동가능 거점":20,
            "1시간내 이동가능 거점":60,
            "교통총점":18.0,
            "백화점":100,
            "아울렛몰":80,
            "대형마트":100,
            "은행":0,
            "병원":30,
            "종합병원":100,
            "공원":0,
            "혐오시설":0,
            "인프라총점":76.0,
            "초등학군":91.26,
            "중학군":51.84,
            "학군총점":59.724,
            "인구수":35.06,
            "인구증감":3.42,
            "인구총점":25.568,
            "일자리":7.5,
            "소득수준":51.54,
            "일자리총점":20.712,
            "가치 총점":55.4586,
            "매매실거래년":20211229.0,
            "매매실거래가":165000.0,
            "전세실거래년":20220113.0,
            "전세실거래가":42000.0,
            "전세가율":25.45,
            "장기전세가율평균":72.67,
            "전세가율거품지수":47.22,
            "검색코드":116753,
            "세대수":782.0,
            "준공년월":"2019-08-22",
            "준공년차":4.0,
            "가까운역이름":"주엽",
            "가까운역거리":1439.4,
            "역세권여부":"비역세권",
            "30분이내주요거점역":1,
            "1시간이내주요거점역":6,
            "3km이내백화점수":2,
            "5km이내아울렛몰수":1,
            "1km이내대형먀트수":2,
            "500m이내은행수":0,
            "500m이내병원수":5,
            "5km이내대형병원수":5,
            "500m이내공원수":0,
            "3km이내혐오시설수":0,
            "초등학교학업성취도":91.26,
            "중학교학업성취도":84.2,
            "용적률":359,
            "건폐율":22,
            "Y":37.661679,
            "X":126.748884,
            "rank":39.0,
            "area_info":"35평(118.85), 35평(118.87), 35평(118.85), 35평(118.85), 35평(118.86), 35평(118.84), 37평(122.59), 37평(122.89), 37평(122.56), 44평(147.69), 51평(170.99), 51평(170.99), 51평(171.53), 61평(204.57), 61평(204.57), 63평(211.24)",
            "last_sales":"2021-12-29,165000.0,35평(118.85)"
        },
        {
            "index":77,
            "아파트명":"백송대림",
            "투자타입":"일반",
            "전용면적(m2)":"59.34",
            "전용면적(평)":"17평",
            "법정동주소":"경기도 고양시 일산동구 백석동 1186",
            "도로명주소":"경기도 고양시 일산동구 백석로 119",
            "세대수":80,
            "입주년차":0,
            "용적률점수":"--",
            "건폐율점수":"--",
            "세대당주차수":0,
            "난방방식":100,
            "공급면적":"--",
            "전용률":"--",
            "욕실수":50,
            "현관타입":100,
            "주거총점":53.0,
            "지역구공급총점":0.0,
            "역세권":50,
            "30분내 이동가능 거점":0,
            "1시간내 이동가능 거점":40,
            "교통총점":33.0,
            "백화점":100,
            "아울렛몰":80,
            "대형마트":100,
            "은행":0,
            "병원":60,
            "종합병원":100,
            "공원":100,
            "혐오시설":-50,
            "인프라총점":81.0,
            "초등학군":88.42,
            "중학군":52.28,
            "학군총점":59.508,
            "인구수":35.06,
            "인구증감":3.42,
            "인구총점":25.568,
            "일자리":7.5,
            "소득수준":51.54,
            "일자리총점":20.712,
            "가치 총점":55.3762,
            "매매실거래년":20211120.0,
            "매매실거래가":51200.0,
            "전세실거래년":20211231.0,
            "전세실거래가":19400.0,
            "전세가율":73.21,
            "장기전세가율평균":72.67,
            "전세가율거품지수":-0.54,
            "검색코드":2934,
            "세대수":862.0,
            "준공년월":"1993-03-29",
            "준공년차":30.0,
            "가까운역이름":"백마",
            "가까운역거리":878.43,
            "역세권여부":"준역세권",
            "30분이내주요거점역":0,
            "1시간이내주요거점역":4,
            "3km이내백화점수":1,
            "5km이내아울렛몰수":1,
            "1km이내대형먀트수":3,
            "500m이내은행수":1,
            "500m이내병원수":19,
            "5km이내대형병원수":6,
            "500m이내공원수":4,
            "3km이내혐오시설수":1,
            "초등학교학업성취도":88.42,
            "중학교학업성취도":84.2,
            "용적률":164,
            "건폐율":16,
            "Y":37.650831,
            "X":126.790995,
            "rank":40.0,
            "area_info":"17평(59.34), 22평(75.67)",
            "last_sales":"2021-11-20,51200.0,22평(75.67)"
        },
        {
            "index":359,
            "아파트명":"산들2단지e-편한세상",
            "투자타입":"일반",
            "전용면적(m2)":"116.01",
            "전용면적(평)":"35평",
            "법정동주소":"경기도 고양시 일산동구 중산동 1651",
            "도로명주소":"경기도 고양시 일산동구 고봉로278번길 17",
            "세대수":50,
            "입주년차":20,
            "용적률점수":"--",
            "건폐율점수":"--",
            "세대당주차수":60,
            "난방방식":100,
            "공급면적":"--",
            "전용률":"--",
            "욕실수":100,
            "현관타입":100,
            "주거총점":60.5,
            "지역구공급총점":0.0,
            "역세권":50,
            "30분내 이동가능 거점":20,
            "1시간내 이동가능 거점":20,
            "교통총점":35.0,
            "백화점":100,
            "아울렛몰":80,
            "대형마트":0,
            "은행":70,
            "병원":80,
            "종합병원":100,
            "공원":100,
            "혐오시설":0,
            "인프라총점":76.0,
            "초등학군":85.53,
            "중학군":46.98,
            "학군총점":54.69,
            "인구수":35.06,
            "인구증감":3.42,
            "인구총점":25.568,
            "일자리":7.5,
            "소득수준":51.54,
            "일자리총점":20.712,
            "가치 총점":55.3535,
            "매매실거래년":20211105.0,
            "매매실거래가":52500.0,
            "전세실거래년":20211102.0,
            "전세실거래가":35000.0,
            "전세가율":66.67,
            "장기전세가율평균":72.67,
            "전세가율거품지수":6.0,
            "검색코드":8401,
            "세대수":692.0,
            "준공년월":"2002-09-19",
            "준공년차":21.0,
            "가까운역이름":"일산",
            "가까운역거리":926.4,
            "역세권여부":"준역세권",
            "30분이내주요거점역":1,
            "1시간이내주요거점역":2,
            "3km이내백화점수":1,
            "5km이내아울렛몰수":1,
            "1km이내대형먀트수":0,
            "500m이내은행수":4,
            "500m이내병원수":34,
            "5km이내대형병원수":5,
            "500m이내공원수":4,
            "3km이내혐오시설수":0,
            "초등학교학업성취도":85.53,
            "중학교학업성취도":76.1,
            "용적률":293,
            "건폐율":16,
            "Y":37.68367,
            "X":126.780179,
            "rank":41.0,
            "area_info":"35평(116.01), 46평(154.37), 52평(174.85), 60평(198.65)",
            "last_sales":"2021-11-05,52500.0,35평(116.01)"
        },
        {
            "index":79,
            "아파트명":"백송대우,벽산",
            "투자타입":"일반",
            "전용면적(m2)":"77.39",
            "전용면적(평)":"23평",
            "법정동주소":"경기도 고양시 일산동구 백석동 1135",
            "도로명주소":"경기도 고양시 일산동구 강촌로 192",
            "세대수":50,
            "입주년차":0,
            "용적률점수":"--",
            "건폐율점수":"--",
            "세대당주차수":0,
            "난방방식":100,
            "공급면적":"--",
            "전용률":"--",
            "욕실수":50,
            "현관타입":10,
            "주거총점":33.5,
            "지역구공급총점":0.0,
            "역세권":80,
            "30분내 이동가능 거점":0,
            "1시간내 이동가능 거점":80,
            "교통총점":56.0,
            "백화점":100,
            "아울렛몰":80,
            "대형마트":0,
            "은행":0,
            "병원":60,
            "종합병원":100,
            "공원":80,
            "혐오시설":0,
            "인프라총점":66.4,
            "초등학군":88.42,
            "중학군":52.28,
            "학군총점":59.508,
            "인구수":35.06,
            "인구증감":3.42,
            "인구총점":25.568,
            "일자리":7.5,
            "소득수준":51.54,
            "일자리총점":20.712,
            "가치 총점":55.1462,
            "매매실거래년":20211210.0,
            "매매실거래가":56500.0,
            "전세실거래년":20211229.0,
            "전세실거래가":21000.0,
            "전세가율":58.01,
            "장기전세가율평균":72.67,
            "전세가율거품지수":14.66,
            "검색코드":2935,
            "세대수":456.0,
            "준공년월":"1994-06-29",
            "준공년차":29.0,
            "가까운역이름":"백마",
            "가까운역거리":471.06,
            "역세권여부":"역세권",
            "30분이내주요거점역":0,
            "1시간이내주요거점역":8,
            "3km이내백화점수":1,
            "5km이내아울렛몰수":1,
            "1km이내대형먀트수":0,
            "500m이내은행수":0,
            "500m이내병원수":20,
            "5km이내대형병원수":6,
            "500m이내공원수":1,
            "3km이내혐오시설수":0,
            "초등학교학업성취도":88.42,
            "중학교학업성취도":84.2,
            "용적률":162,
            "건폐율":15,
            "Y":37.654003,
            "X":126.794524,
            "rank":42.0,
            "area_info":"23평(77.39), 26평(87.75), 31평(105.21)",
            "last_sales":"2021-12-10,56500.0,31평(105.21)"
        },
        {
            "index":132,
            "아파트명":"흰돌6단지라이프",
            "투자타입":"일반",
            "전용면적(m2)":"72.55",
            "전용면적(평)":"21평",
            "법정동주소":"경기도 고양시 일산동구 백석동 1193",
            "도로명주소":"경기도 고양시 일산동구 강송로125번길 52",
            "세대수":0,
            "입주년차":0,
            "용적률점수":"--",
            "건폐율점수":"--",
            "세대당주차수":0,
            "난방방식":100,
            "공급면적":"--",
            "전용률":"--",
            "욕실수":50,
            "현관타입":100,
            "주거총점":25.0,
            "지역구공급총점":0.0,
            "역세권":50,
            "30분내 이동가능 거점":20,
            "1시간내 이동가능 거점":40,
            "교통총점":39.0,
            "백화점":100,
            "아울렛몰":80,
            "대형마트":100,
            "은행":70,
            "병원":60,
            "종합병원":100,
            "공원":100,
            "혐오시설":0,
            "인프라총점":89.0,
            "초등학군":88.32,
            "중학군":55.42,
            "학군총점":62.0,
            "인구수":35.06,
            "인구증감":3.42,
            "인구총점":25.568,
            "일자리":7.5,
            "소득수준":51.54,
            "일자리총점":20.712,
            "가치 총점":54.65,
            "매매실거래년":"18000101",
            "매매실거래가":null,
            "전세실거래년":null,
            "전세실거래가":null,
            "전세가율":null,
            "장기전세가율평균":72.67,
            "전세가율거품지수":null,
            "검색코드":9128,
            "세대수":200.0,
            "준공년월":"1994-10-28",
            "준공년차":29.0,
            "가까운역이름":"마두",
            "가까운역거리":608.16,
            "역세권여부":"준역세권",
            "30분이내주요거점역":1,
            "1시간이내주요거점역":4,
            "3km이내백화점수":1,
            "5km이내아울렛몰수":1,
            "1km이내대형먀트수":4,
            "500m이내은행수":3,
            "500m이내병원수":20,
            "5km이내대형병원수":6,
            "500m이내공원수":4,
            "3km이내혐오시설수":0,
            "초등학교학업성취도":88.32,
            "중학교학업성취도":88.1,
            "용적률":94,
            "건폐율":33,
            "Y":37.64894,
            "X":126.783161,
            "rank":43.0,
            "area_info":"21평(72.55), 27평(89.62), 30평(99.91)",
            "last_sales":"1800-01-01,nan,21평(72.55)"
        },
        {
            "index":340,
            "아파트명":"양지건영3단지",
            "투자타입":"일반",
            "전용면적(m2)":"72.66",
            "전용면적(평)":"21평",
            "법정동주소":"경기도 고양시 일산동구 정발산동 721",
            "도로명주소":"경기도 고양시 일산동구 무궁화로75번길 45",
            "세대수":0,
            "입주년차":0,
            "용적률점수":"--",
            "건폐율점수":"--",
            "세대당주차수":30,
            "난방방식":80,
            "공급면적":"--",
            "전용률":"--",
            "욕실수":50,
            "현관타입":100,
            "주거총점":27.5,
            "지역구공급총점":0.0,
            "역세권":50,
            "30분내 이동가능 거점":20,
            "1시간내 이동가능 거점":40,
            "교통총점":39.0,
            "백화점":100,
            "아울렛몰":80,
            "대형마트":80,
            "은행":70,
            "병원":60,
            "종합병원":100,
            "공원":100,
            "혐오시설":0,
            "인프라총점":86.0,
            "초등학군":87.1,
            "중학군":55.24,
            "학군총점":61.612,
            "인구수":35.06,
            "인구증감":3.42,
            "인구총점":25.568,
            "일자리":7.5,
            "소득수준":51.54,
            "일자리총점":20.712,
            "가치 총점":54.1918,
            "매매실거래년":"18000101",
            "매매실거래가":null,
            "전세실거래년":null,
            "전세실거래가":null,
            "전세가율":null,
            "장기전세가율평균":72.67,
            "전세가율거품지수":null,
            "검색코드":25793,
            "세대수":152.0,
            "준공년월":"1996-04-12",
            "준공년차":27.0,
            "가까운역이름":"주엽",
            "가까운역거리":802.37,
            "역세권여부":"준역세권",
            "30분이내주요거점역":1,
            "1시간이내주요거점역":4,
            "3km이내백화점수":2,
            "5km이내아울렛몰수":1,
            "1km이내대형먀트수":1,
            "500m이내은행수":3,
            "500m이내병원수":11,
            "5km이내대형병원수":5,
            "500m이내공원수":2,
            "3km이내혐오시설수":0,
            "초등학교학업성취도":87.1,
            "중학교학업성취도":89.0,
            "용적률":94,
            "건폐율":31,
            "Y":37.666926,
            "X":126.769538,
            "rank":44.0,
            "area_info":"21평(72.66), 21평(72.6), 30평(99.86), 30평(100.51), 30평(100.47), 30평(100.06)",
            "last_sales":"1800-01-01,nan,21평(72.66)"
        },
        {
            "index":86,
            "아파트명":"백송선경,코오롱8단지",
            "투자타입":"일반",
            "전용면적(m2)":"71.67",
            "전용면적(평)":"21평",
            "법정동주소":"경기도 고양시 일산동구 백석동 1139",
            "도로명주소":"경기도 고양시 일산동구 백석로 151",
            "세대수":50,
            "입주년차":0,
            "용적률점수":"--",
            "건폐율점수":"--",
            "세대당주차수":0,
            "난방방식":100,
            "공급면적":"--",
            "전용률":"--",
            "욕실수":50,
            "현관타입":10,
            "주거총점":33.5,
            "지역구공급총점":0.0,
            "역세권":50,
            "30분내 이동가능 거점":20,
            "1시간내 이동가능 거점":40,
            "교통총점":39.0,
            "백화점":100,
            "아울렛몰":80,
            "대형마트":100,
            "은행":0,
            "병원":60,
            "종합병원":100,
            "공원":100,
            "혐오시설":-50,
            "인프라총점":81.0,
            "초등학군":88.42,
            "중학군":52.28,
            "학군총점":59.508,
            "인구수":35.06,
            "인구증감":3.42,
            "인구총점":25.568,
            "일자리":7.5,
            "소득수준":51.54,
            "일자리총점":20.712,
            "가치 총점":53.5762,
            "매매실거래년":20211129.0,
            "매매실거래가":38000.0,
            "전세실거래년":20211022.0,
            "전세실거래가":19950.0,
            "전세가율":52.5,
            "장기전세가율평균":72.67,
            "전세가율거품지수":20.17,
            "검색코드":2940,
            "세대수":604.0,
            "준공년월":"1994-10-28",
            "준공년차":29.0,
            "가까운역이름":"백마",
            "가까운역거리":769.2,
            "역세권여부":"준역세권",
            "30분이내주요거점역":1,
            "1시간이내주요거점역":4,
            "3km이내백화점수":1,
            "5km이내아울렛몰수":1,
            "1km이내대형먀트수":2,
            "500m이내은행수":0,
            "500m이내병원수":19,
            "5km이내대형병원수":6,
            "500m이내공원수":4,
            "3km이내혐오시설수":1,
            "초등학교학업성취도":88.42,
            "중학교학업성취도":84.2,
            "용적률":163,
            "건폐율":14,
            "Y":37.65144,
            "X":126.79285,
            "rank":45.0,
            "area_info":"21평(71.67), 27평(90.88), 31평(105.12)",
            "last_sales":"2021-11-29,38000.0,21평(71.67)"
        },
        {
            "index":70,
            "아파트명":"백송건영",
            "투자타입":"일반",
            "전용면적(m2)":"73.83",
            "전용면적(평)":"22평",
            "법정동주소":"경기도 고양시 일산동구 백석동 1145",
            "도로명주소":"경기도 고양시 일산동구 일산로135번길 17",
            "세대수":0,
            "입주년차":0,
            "용적률점수":"--",
            "건폐율점수":"--",
            "세대당주차수":0,
            "난방방식":100,
            "공급면적":"--",
            "전용률":"--",
            "욕실수":50,
            "현관타입":100,
            "주거총점":25.0,
            "지역구공급총점":0.0,
            "역세권":50,
            "30분내 이동가능 거점":20,
            "1시간내 이동가능 거점":70,
            "교통총점":45.0,
            "백화점":100,
            "아울렛몰":80,
            "대형마트":100,
            "은행":0,
            "병원":10,
            "종합병원":100,
            "공원":100,
            "혐오시설":-50,
            "인프라총점":76.0,
            "초등학군":88.42,
            "중학군":52.28,
            "학군총점":59.508,
            "인구수":35.06,
            "인구증감":3.42,
            "인구총점":25.568,
            "일자리":7.5,
            "소득수준":51.54,
            "일자리총점":20.712,
            "가치 총점":52.4762,
            "매매실거래년":"18000101",
            "매매실거래가":null,
            "전세실거래년":null,
            "전세실거래가":null,
            "전세가율":null,
            "장기전세가율평균":72.67,
            "전세가율거품지수":null,
            "검색코드":10981,
            "세대수":152.0,
            "준공년월":"1996-04-08",
            "준공년차":27.0,
            "가까운역이름":"백석",
            "가까운역거리":688.87,
            "역세권여부":"준역세권",
            "30분이내주요거점역":1,
            "1시간이내주요거점역":7,
            "3km이내백화점수":1,
            "5km이내아울렛몰수":1,
            "1km이내대형먀트수":3,
            "500m이내은행수":1,
            "500m이내병원수":4,
            "5km이내대형병원수":6,
            "500m이내공원수":4,
            "3km이내혐오시설수":1,
            "초등학교학업성취도":88.42,
            "중학교학업성취도":84.2,
            "용적률":96,
            "건폐율":32,
            "Y":37.648134,
            "X":126.792455,
            "rank":46.0,
            "area_info":"22평(73.83), 22평(73.98), 22평(73.89), 30평(100.73), 30평(100.7), 30평(100.67), 30평(100.57)",
            "last_sales":"1800-01-01,nan,22평(73.83)"
        },
        {
            "index":122,
            "아파트명":"흰돌1단지금호타운",
            "투자타입":"일반",
            "전용면적(m2)":"69.33",
            "전용면적(평)":"20평",
            "법정동주소":"경기도 고양시 일산동구 백석동 1194",
            "도로명주소":"경기도 고양시 일산동구 중앙로 1124",
            "세대수":0,
            "입주년차":0,
            "용적률점수":"--",
            "건폐율점수":"--",
            "세대당주차수":30,
            "난방방식":100,
            "공급면적":"--",
            "전용률":"--",
            "욕실수":50,
            "현관타입":10,
            "주거총점":20.5,
            "지역구공급총점":0.0,
            "역세권":50,
            "30분내 이동가능 거점":20,
            "1시간내 이동가능 거점":50,
            "교통총점":41.0,
            "백화점":100,
            "아울렛몰":80,
            "대형마트":100,
            "은행":0,
            "병원":60,
            "종합병원":100,
            "공원":100,
            "혐오시설":0,
            "인프라총점":82.0,
            "초등학군":88.32,
            "중학군":55.42,
            "학군총점":62.0,
            "인구수":35.06,
            "인구증감":3.42,
            "인구총점":25.568,
            "일자리":7.5,
            "소득수준":51.54,
            "일자리총점":20.712,
            "가치 총점":52.35,
            "매매실거래년":20210923.0,
            "매매실거래가":35000.0,
            "전세실거래년":20211120.0,
            "전세실거래가":18900.0,
            "전세가율":54.0,
            "장기전세가율평균":72.67,
            "전세가율거품지수":18.67,
            "검색코드":2947,
            "세대수":299.0,
            "준공년월":"1994-04-09",
            "준공년차":29.0,
            "가까운역이름":"마두",
            "가까운역거리":654.66,
            "역세권여부":"준역세권",
            "30분이내주요거점역":1,
            "1시간이내주요거점역":5,
            "3km이내백화점수":1,
            "5km이내아울렛몰수":1,
            "1km이내대형먀트수":4,
            "500m이내은행수":1,
            "500m이내병원수":22,
            "5km이내대형병원수":6,
            "500m이내공원수":5,
            "3km이내혐오시설수":0,
            "초등학교학업성취도":88.32,
            "중학교학업성취도":88.1,
            "용적률":234,
            "건폐율":35,
            "Y":37.647908,
            "X":126.782702,
            "rank":47.0,
            "area_info":"20평(69.33), 24평(79.83)",
            "last_sales":"2021-09-23,35000.0,20평(69.33)"
        },
        {
            "index":124,
            "아파트명":"흰돌2단지청구",
            "투자타입":"일반",
            "전용면적(m2)":"82.64",
            "전용면적(평)":"24평",
            "법정동주소":"경기도 고양시 일산동구 백석동 1351",
            "도로명주소":"경기도 고양시 일산동구 중앙로 1123",
            "세대수":0,
            "입주년차":0,
            "용적률점수":"--",
            "건폐율점수":"--",
            "세대당주차수":30,
            "난방방식":100,
            "공급면적":"--",
            "전용률":"--",
            "욕실수":50,
            "현관타입":10,
            "주거총점":20.5,
            "지역구공급총점":0.0,
            "역세권":50,
            "30분내 이동가능 거점":20,
            "1시간내 이동가능 거점":50,
            "교통총점":41.0,
            "백화점":100,
            "아울렛몰":80,
            "대형마트":100,
            "은행":0,
            "병원":60,
            "종합병원":100,
            "공원":100,
            "혐오시설":0,
            "인프라총점":82.0,
            "초등학군":86.95,
            "중학군":55.42,
            "학군총점":61.726,
            "인구수":35.06,
            "인구증감":3.42,
            "인구총점":25.568,
            "일자리":7.5,
            "소득수준":51.54,
            "일자리총점":20.712,
            "가치 총점":52.3089,
            "매매실거래년":20211204.0,
            "매매실거래가":49000.0,
            "전세실거래년":20211001.0,
            "전세실거래가":21000.0,
            "전세가율":57.53,
            "장기전세가율평균":72.67,
            "전세가율거품지수":15.14,
            "검색코드":2949,
            "세대수":276.0,
            "준공년월":"1995-12-15",
            "준공년차":28.0,
            "가까운역이름":"백석",
            "가까운역거리":679.11,
            "역세권여부":"준역세권",
            "30분이내주요거점역":1,
            "1시간이내주요거점역":5,
            "3km이내백화점수":1,
            "5km이내아울렛몰수":1,
            "1km이내대형먀트수":4,
            "500m이내은행수":1,
            "500m이내병원수":19,
            "5km이내대형병원수":6,
            "500m이내공원수":5,
            "3km이내혐오시설수":0,
            "초등학교학업성취도":86.95,
            "중학교학업성취도":88.1,
            "용적률":195,
            "건폐율":26,
            "Y":37.6468,
            "X":126.78172,
            "rank":48.0,
            "area_info":"24평(82.64), 27평(92.56)",
            "last_sales":"2021-12-04,49000.0,27평(92.56)"
        },
        {
            "index":301,
            "아파트명":"밤가시건영5단지",
            "투자타입":"일반",
            "전용면적(m2)":"115.66",
            "전용면적(평)":"34평",
            "법정동주소":"경기도 고양시 일산동구 정발산동 1116",
            "도로명주소":"경기도 고양시 일산동구 산두로 228",
            "세대수":0,
            "입주년차":0,
            "용적률점수":"--",
            "건폐율점수":"--",
            "세대당주차수":60,
            "난방방식":100,
            "공급면적":"--",
            "전용률":"--",
            "욕실수":100,
            "현관타입":100,
            "주거총점":39.0,
            "지역구공급총점":0.0,
            "역세권":50,
            "30분내 이동가능 거점":20,
            "1시간내 이동가능 거점":20,
            "교통총점":35.0,
            "백화점":100,
            "아울렛몰":80,
            "대형마트":80,
            "은행":0,
            "병원":30,
            "종합병원":100,
            "공원":100,
            "혐오시설":0,
            "인프라총점":76.0,
            "초등학군":86.77,
            "중학군":56.1,
            "학군총점":62.234,
            "인구수":35.06,
            "인구증감":3.42,
            "인구총점":25.568,
            "일자리":7.5,
            "소득수준":51.54,
            "일자리총점":20.712,
            "가치 총점":52.1851,
            "매매실거래년":"18000101",
            "매매실거래가":null,
            "전세실거래년":null,
            "전세실거래가":null,
            "전세가율":null,
            "장기전세가율평균":72.67,
            "전세가율거품지수":null,
            "검색코드":10679,
            "세대수":120.0,
            "준공년월":"1996-04-16",
            "준공년차":27.0,
            "가까운역이름":"풍산",
            "가까운역거리":762.22,
            "역세권여부":"준역세권",
            "30분이내주요거점역":1,
            "1시간이내주요거점역":2,
            "3km이내백화점수":2,
            "5km이내아울렛몰수":1,
            "1km이내대형먀트수":1,
            "500m이내은행수":0,
            "500m이내병원수":8,
            "5km이내대형병원수":5,
            "500m이내공원수":3,
            "3km이내혐오시설수":0,
            "초등학교학업성취도":86.77,
            "중학교학업성취도":89.3,
            "용적률":94,
            "건폐율":39,
            "Y":37.676525,
            "X":126.779378,
            "rank":49.0,
            "area_info":"34평(115.66), 35평(115.87), 46평(153.84), 46평(154.48), 46평(154.08), 47평(155.87)",
            "last_sales":"1800-01-01,nan,34평(115.66)"
        },
        {
            "index":85,
            "아파트명":"백송삼부",
            "투자타입":"일반",
            "전용면적(m2)":"106.55",
            "전용면적(평)":"32평",
            "법정동주소":"경기도 고양시 일산동구 백석동 1187",
            "도로명주소":"경기도 고양시 일산동구 강촌로 146",
            "세대수":0,
            "입주년차":0,
            "용적률점수":"--",
            "건폐율점수":"--",
            "세대당주차수":0,
            "난방방식":100,
            "공급면적":"--",
            "전용률":"--",
            "욕실수":100,
            "현관타입":100,
            "주거총점":30.0,
            "지역구공급총점":0.0,
            "역세권":50,
            "30분내 이동가능 거점":20,
            "1시간내 이동가능 거점":30,
            "교통총점":37.0,
            "백화점":100,
            "아울렛몰":80,
            "대형마트":80,
            "은행":20,
            "병원":60,
            "종합병원":100,
            "공원":100,
            "혐오시설":0,
            "인프라총점":81.0,
            "초등학군":88.42,
            "중학군":52.28,
            "학군총점":59.508,
            "인구수":35.06,
            "인구증감":3.42,
            "인구총점":25.568,
            "일자리":7.5,
            "소득수준":51.54,
            "일자리총점":20.712,
            "가치 총점":52.1762,
            "매매실거래년":20220102.0,
            "매매실거래가":61500.0,
            "전세실거래년":20220110.0,
            "전세실거래가":28350.0,
            "전세가율":46.1,
            "장기전세가율평균":72.67,
            "전세가율거품지수":26.57,
            "검색코드":2938,
            "세대수":222.0,
            "준공년월":"1993-01-29",
            "준공년차":30.0,
            "가까운역이름":"백마",
            "가까운역거리":746.02,
            "역세권여부":"준역세권",
            "30분이내주요거점역":1,
            "1시간이내주요거점역":3,
            "3km이내백화점수":1,
            "5km이내아울렛몰수":1,
            "1km이내대형먀트수":1,
            "500m이내은행수":2,
            "500m이내병원수":21,
            "5km이내대형병원수":6,
            "500m이내공원수":4,
            "3km이내혐오시설수":0,
            "초등학교학업성취도":88.42,
            "중학교학업성취도":84.2,
            "용적률":164,
            "건폐율":14,
            "Y":37.652374,
            "X":126.790346,
            "rank":50.0,
            "area_info":"32평(106.55)",
            "last_sales":"2022-01-02,61500.0,32평(106.55)"
        },
        {
            "index":437,
            "아파트명":"숲속3단지뜨란채",
            "투자타입":"일반",
            "전용면적(m2)":"108.82",
            "전용면적(평)":"32평",
            "법정동주소":"경기도 고양시 일산동구 풍동 1283",
            "도로명주소":"경기도 고양시 일산동구 숲속마을로 65",
            "세대수":30,
            "입주년차":40,
            "용적률점수":"--",
            "건폐율점수":"--",
            "세대당주차수":30,
            "난방방식":100,
            "공급면적":"--",
            "전용률":"--",
            "욕실수":100,
            "현관타입":100,
            "주거총점":53.0,
            "지역구공급총점":0.0,
            "역세권":50,
            "30분내 이동가능 거점":0,
            "1시간내 이동가능 거점":20,
            "교통총점":29.0,
            "백화점":100,
            "아울렛몰":80,
            "대형마트":0,
            "은행":70,
            "병원":60,
            "종합병원":100,
            "공원":100,
            "혐오시설":0,
            "인프라총점":74.0,
            "초등학군":87.44,
            "중학군":49.66,
            "학군총점":57.216,
            "인구수":35.06,
            "인구증감":3.42,
            "인구총점":25.568,
            "일자리":7.5,
            "소득수준":51.54,
            "일자리총점":20.712,
            "가치 총점":51.5324,
            "매매실거래년":20211203.0,
            "매매실거래가":49800.0,
            "전세실거래년":20220103.0,
            "전세실거래가":26500.0,
            "전세가율":44.99,
            "장기전세가율평균":72.67,
            "전세가율거품지수":27.68,
            "검색코드":18939,
            "세대수":382.0,
            "준공년월":"2006-09-20",
            "준공년차":17.0,
            "가까운역이름":"풍산",
            "가까운역거리":988.97,
            "역세권여부":"준역세권",
            "30분이내주요거점역":0,
            "1시간이내주요거점역":2,
            "3km이내백화점수":1,
            "5km이내아울렛몰수":1,
            "1km이내대형먀트수":0,
            "500m이내은행수":4,
            "500m이내병원수":26,
            "5km이내대형병원수":6,
            "500m이내공원수":5,
            "3km이내혐오시설수":0,
            "초등학교학업성취도":87.44,
            "중학교학업성취도":80.5,
            "용적률":197,
            "건폐율":13,
            "Y":37.667266,
            "X":126.795466,
            "rank":51.0,
            "area_info":"32평(108.82), 32평(108.57), 32평(108.63), 33평(109.13)",
            "last_sales":"2021-12-03,49800.0,33평(109.13)"
        },
        {
            "index":424,
            "아파트명":"성원1차",
            "투자타입":"일반",
            "전용면적(m2)":"55.98",
            "전용면적(평)":"16평",
            "법정동주소":"경기도 고양시 일산동구 풍동 532-35",
            "도로명주소":"경기도 고양시 일산동구 고풍로 44-25",
            "세대수":80,
            "입주년차":0,
            "용적률점수":"--",
            "건폐율점수":"--",
            "세대당주차수":30,
            "난방방식":100,
            "공급면적":"--",
            "전용률":"--",
            "욕실수":50,
            "현관타입":10,
            "주거총점":48.5,
            "지역구공급총점":0.0,
            "역세권":50,
            "30분내 이동가능 거점":0,
            "1시간내 이동가능 거점":60,
            "교통총점":37.0,
            "백화점":100,
            "아울렛몰":80,
            "대형마트":0,
            "은행":20,
            "병원":30,
            "종합병원":100,
            "공원":100,
            "혐오시설":0,
            "인프라총점":66.0,
            "초등학군":87.44,
            "중학군":49.66,
            "학군총점":57.216,
            "인구수":35.06,
            "인구증감":3.42,
            "인구총점":25.568,
            "일자리":7.5,
            "소득수준":51.54,
            "일자리총점":20.712,
            "가치 총점":51.0324,
            "매매실거래년":20210930.0,
            "매매실거래가":58000.0,
            "전세실거래년":20211103.0,
            "전세실거래가":18000.0,
            "전세가율":85.71,
            "장기전세가율평균":72.67,
            "전세가율거품지수":-13.04,
            "검색코드":1526,
            "세대수":892.0,
            "준공년월":"1998-02-26",
            "준공년차":25.0,
            "가까운역이름":"백마",
            "가까운역거리":699.28,
            "역세권여부":"준역세권",
            "30분이내주요거점역":0,
            "1시간이내주요거점역":6,
            "3km이내백화점수":1,
            "5km이내아울렛몰수":1,
            "1km이내대형먀트수":0,
            "500m이내은행수":2,
            "500m이내병원수":8,
            "5km이내대형병원수":6,
            "500m이내공원수":3,
            "3km이내혐오시설수":0,
            "초등학교학업성취도":87.44,
            "중학교학업성취도":80.5,
            "용적률":259,
            "건폐율":19,
            "Y":37.66449,
            "X":126.79533,
            "rank":52.0,
            "area_info":"16평(55.98), 26평(87.53), 33평(110.21), 49평(164.34)",
            "last_sales":"2021-09-30,58000.0,49평(164.34)"
        },
        {
            "index":410,
            "아파트명":"하늘2단지휴먼시아",
            "투자타입":"일반",
            "전용면적(m2)":"98.58",
            "전용면적(평)":"29평",
            "법정동주소":"경기도 고양시 일산동구 중산동 1700",
            "도로명주소":"경기도 고양시 일산동구 하늘마을로 94",
            "세대수":90,
            "입주년차":40,
            "용적률점수":"--",
            "건폐율점수":"--",
            "세대당주차수":30,
            "난방방식":100,
            "공급면적":"--",
            "전용률":"--",
            "욕실수":100,
            "현관타입":100,
            "주거총점":74.0,
            "지역구공급총점":0.0,
            "역세권":0,
            "30분내 이동가능 거점":20,
            "1시간내 이동가능 거점":30,
            "교통총점":12.0,
            "백화점":100,
            "아울렛몰":80,
            "대형마트":80,
            "은행":0,
            "병원":60,
            "종합병원":100,
            "공원":100,
            "혐오시설":0,
            "인프라총점":79.0,
            "초등학군":86.3,
            "중학군":46.98,
            "학군총점":54.844,
            "인구수":35.06,
            "인구증감":3.42,
            "인구총점":25.568,
            "일자리":7.5,
            "소득수준":51.54,
            "일자리총점":20.712,
            "가치 총점":50.9266,
            "매매실거래년":20211209.0,
            "매매실거래가":50000.0,
            "전세실거래년":20210709.0,
            "전세실거래가":37000.0,
            "전세가율":75.51,
            "장기전세가율평균":72.67,
            "전세가율거품지수":-2.84,
            "검색코드":100589,
            "세대수":1000.0,
            "준공년월":"2007-11-13",
            "준공년차":16.0,
            "가까운역이름":"풍산",
            "가까운역거리":1004.33,
            "역세권여부":"비역세권",
            "30분이내주요거점역":1,
            "1시간이내주요거점역":3,
            "3km이내백화점수":1,
            "5km이내아울렛몰수":1,
            "1km이내대형먀트수":1,
            "500m이내은행수":1,
            "500m이내병원수":11,
            "5km이내대형병원수":5,
            "500m이내공원수":4,
            "3km이내혐오시설수":0,
            "초등학교학업성취도":86.3,
            "중학교학업성취도":76.1,
            "용적률":192,
            "건폐율":13,
            "Y":37.681128,
            "X":126.783576,
            "rank":53.0,
            "area_info":"29평(98.58), 29평(98.12), 29평(98.28), 33평(110.46), 33평(110.36), 33평(110.44), 33평(110.79), 33평(110.12)",
            "last_sales":"2021-12-09,50000.0,33평(110.46)"
        },
        {
            "index":82,
            "아파트명":"백송두산",
            "투자타입":"일반",
            "전용면적(m2)":"80.02",
            "전용면적(평)":"24평",
            "법정동주소":"경기도 고양시 일산동구 백석동 1140",
            "도로명주소":"경기도 고양시 일산동구 강촌로 166",
            "세대수":50,
            "입주년차":0,
            "용적률점수":"--",
            "건폐율점수":"--",
            "세대당주차수":0,
            "난방방식":100,
            "공급면적":"--",
            "전용률":"--",
            "욕실수":50,
            "현관타입":10,
            "주거총점":33.5,
            "지역구공급총점":0.0,
            "역세권":50,
            "30분내 이동가능 거점":20,
            "1시간내 이동가능 거점":60,
            "교통총점":43.0,
            "백화점":100,
            "아울렛몰":80,
            "대형마트":0,
            "은행":0,
            "병원":60,
            "종합병원":100,
            "공원":100,
            "혐오시설":0,
            "인프라총점":67.0,
            "초등학군":88.42,
            "중학군":52.28,
            "학군총점":59.508,
            "인구수":35.06,
            "인구증감":3.42,
            "인구총점":25.568,
            "일자리":7.5,
            "소득수준":51.54,
            "일자리총점":20.712,
            "가치 총점":50.7762,
            "매매실거래년":20211204.0,
            "매매실거래가":49000.0,
            "전세실거래년":20211112.0,
            "전세실거래가":21000.0,
            "전세가율":48.95,
            "장기전세가율평균":72.67,
            "전세가율거품지수":23.72,
            "검색코드":2936,
            "세대수":462.0,
            "준공년월":"1994-09-02",
            "준공년차":29.0,
            "가까운역이름":"백마",
            "가까운역거리":581.34,
            "역세권여부":"준역세권",
            "30분이내주요거점역":1,
            "1시간이내주요거점역":6,
            "3km이내백화점수":1,
            "5km이내아울렛몰수":1,
            "1km이내대형먀트수":0,
            "500m이내은행수":1,
            "500m이내병원수":21,
            "5km이내대형병원수":6,
            "500m이내공원수":2,
            "3km이내혐오시설수":0,
            "초등학교학업성취도":88.42,
            "중학교학업성취도":84.2,
            "용적률":162,
            "건폐율":15,
            "Y":37.653304,
            "X":126.792281,
            "rank":54.0,
            "area_info":"24평(80.02), 26평(88.71), 32평(106.23)",
            "last_sales":"2021-12-04,49000.0,26평(88.71)"
        },
        {
            "index":50,
            "아파트명":"정발1단지건영",
            "투자타입":"일반",
            "전용면적(m2)":"152.51",
            "전용면적(평)":"46평",
            "법정동주소":"경기도 고양시 일산동구 마두동 821",
            "도로명주소":"경기도 고양시 일산동구 산두로 88",
            "세대수":0,
            "입주년차":0,
            "용적률점수":"--",
            "건폐율점수":"--",
            "세대당주차수":80,
            "난방방식":100,
            "공급면적":"--",
            "전용률":"--",
            "욕실수":100,
            "현관타입":100,
            "주거총점":42.0,
            "지역구공급총점":0.0,
            "역세권":50,
            "30분내 이동가능 거점":20,
            "1시간내 이동가능 거점":20,
            "교통총점":35.0,
            "백화점":100,
            "아울렛몰":80,
            "대형마트":80,
            "은행":0,
            "병원":0,
            "종합병원":100,
            "공원":100,
            "혐오시설":0,
            "인프라총점":73.0,
            "초등학군":87.16,
            "중학군":42.22,
            "학군총점":51.208,
            "인구수":35.06,
            "인구증감":3.42,
            "인구총점":25.568,
            "일자리":7.5,
            "소득수준":51.54,
            "일자리총점":20.712,
            "가치 총점":50.2312,
            "매매실거래년":"18000101",
            "매매실거래가":null,
            "전세실거래년":null,
            "전세실거래가":null,
            "전세가율":null,
            "장기전세가율평균":72.67,
            "전세가율거품지수":null,
            "검색코드":10729,
            "세대수":144.0,
            "준공년월":"1996-02-21",
            "준공년차":27.0,
            "가까운역이름":"풍산",
            "가까운역거리":667.32,
            "역세권여부":"준역세권",
            "30분이내주요거점역":1,
            "1시간이내주요거점역":2,
            "3km이내백화점수":1,
            "5km이내아울렛몰수":1,
            "1km이내대형먀트수":1,
            "500m이내은행수":0,
            "500m이내병원수":1,
            "5km이내대형병원수":6,
            "500m이내공원수":2,
            "3km이내혐오시설수":0,
            "초등학교학업성취도":87.16,
            "중학교학업성취도":69.9,
            "용적률":95,
            "건폐율":36,
            "Y":37.666466,
            "X":126.78776,
            "rank":55.0,
            "area_info":"46평(152.51), 46평(153.31), 46평(153.87), 57평(188.47), 57평(190.35), 58평(192.53), 60평(199.24), 75평(248.28)",
            "last_sales":"1800-01-01,nan,46평(152.51)"
        },
        {
            "index":60,
            "아파트명":"정발3단지건영",
            "투자타입":"일반",
            "전용면적(m2)":"115.52",
            "전용면적(평)":"34평",
            "법정동주소":"경기도 고양시 일산동구 마두동 861",
            "도로명주소":"경기도 고양시 일산동구 산두로 54",
            "세대수":0,
            "입주년차":0,
            "용적률점수":"--",
            "건폐율점수":"--",
            "세대당주차수":60,
            "난방방식":100,
            "공급면적":"--",
            "전용률":"--",
            "욕실수":100,
            "현관타입":100,
            "주거총점":39.0,
            "지역구공급총점":0.0,
            "역세권":50,
            "30분내 이동가능 거점":20,
            "1시간내 이동가능 거점":60,
            "교통총점":43.0,
            "백화점":100,
            "아울렛몰":80,
            "대형마트":0,
            "은행":0,
            "병원":10,
            "종합병원":100,
            "공원":100,
            "혐오시설":0,
            "인프라총점":62.0,
            "초등학군":87.16,
            "중학군":49.66,
            "학군총점":57.16,
            "인구수":35.06,
            "인구증감":3.42,
            "인구총점":25.568,
            "일자리":7.5,
            "소득수준":51.54,
            "일자리총점":20.712,
            "가치 총점":50.024,
            "매매실거래년":"18000101",
            "매매실거래가":null,
            "전세실거래년":null,
            "전세실거래가":null,
            "전세가율":null,
            "장기전세가율평균":72.67,
            "전세가율거품지수":null,
            "검색코드":10841,
            "세대수":126.0,
            "준공년월":"1996-04-03",
            "준공년차":27.0,
            "가까운역이름":"백마",
            "가까운역거리":732.86,
            "역세권여부":"준역세권",
            "30분이내주요거점역":1,
            "1시간이내주요거점역":6,
            "3km이내백화점수":1,
            "5km이내아울렛몰수":1,
            "1km이내대형먀트수":0,
            "500m이내은행수":0,
            "500m이내병원수":2,
            "5km이내대형병원수":6,
            "500m이내공원수":2,
            "3km이내혐오시설수":0,
            "초등학교학업성취도":87.16,
            "중학교학업성취도":80.5,
            "용적률":97,
            "건폐율":39,
            "Y":37.663428,
            "X":126.789328,
            "rank":56.0,
            "area_info":"34평(115.52), 35평(115.85), 34평(115.07), 46평(153.81), 46평(154.45), 46평(154.05), 47평(155.68), 47평(155.4)",
            "last_sales":"1800-01-01,nan,34평(115.52)"
        },
        {
            "index":224,
            "아파트명":"킨텍스원시티(1블럭)",
            "투자타입":"일반",
            "전용면적(m2)":"118.93",
            "전용면적(평)":"35평",
            "법정동주소":"경기도 고양시 일산동구 장항동 1753",
            "도로명주소":"경기도 고양시 일산동구 태극로 8",
            "세대수":0,
            "입주년차":100,
            "용적률점수":"--",
            "건폐율점수":"--",
            "세대당주차수":60,
            "난방방식":100,
            "공급면적":"--",
            "전용률":"--",
            "욕실수":100,
            "현관타입":100,
            "주거총점":59.0,
            "지역구공급총점":0.0,
            "역세권":0,
            "30분내 이동가능 거점":20,
            "1시간내 이동가능 거점":60,
            "교통총점":18.0,
            "백화점":100,
            "아울렛몰":80,
            "대형마트":100,
            "은행":0,
            "병원":30,
            "종합병원":100,
            "공원":0,
            "혐오시설":0,
            "인프라총점":76.0,
            "초등학군":91.26,
            "중학군":51.84,
            "학군총점":59.724,
            "인구수":35.06,
            "인구증감":3.42,
            "인구총점":25.568,
            "일자리":7.5,
            "소득수준":51.54,
            "일자리총점":20.712,
            "가치 총점":49.8586,
            "매매실거래년":20191210.0,
            "매매실거래가":89900.0,
            "전세실거래년":20211209.0,
            "전세실거래가":60000.0,
            "전세가율":79.12,
            "장기전세가율평균":72.67,
            "전세가율거품지수":-6.45,
            "검색코드":116750,
            "세대수":297.0,
            "준공년월":"2019-08-22",
            "준공년차":4.0,
            "가까운역이름":"주엽",
            "가까운역거리":1251.59,
            "역세권여부":"비역세권",
            "30분이내주요거점역":1,
            "1시간이내주요거점역":6,
            "3km이내백화점수":2,
            "5km이내아울렛몰수":1,
            "1km이내대형먀트수":2,
            "500m이내은행수":0,
            "500m이내병원수":5,
            "5km이내대형병원수":5,
            "500m이내공원수":0,
            "3km이내혐오시설수":0,
            "초등학교학업성취도":91.26,
            "중학교학업성취도":84.2,
            "용적률":358,
            "건폐율":26,
            "Y":37.663918,
            "X":126.749428,
            "rank":57.0,
            "area_info":"35평(118.93), 35평(118.95), 35평(118.93), 35평(118.93), 37평(122.67), 37평(122.97), 37평(122.64), 44평(147.79), 61평(204.7), 63평(211.4)",
            "last_sales":"2019-12-10,89900.0,35평(118.95)"
        },
        {
            "index":430,
            "아파트명":"성원3차",
            "투자타입":"일반",
            "전용면적(m2)":"79.85",
            "전용면적(평)":"24평",
            "법정동주소":"경기도 고양시 일산동구 풍동 551-1",
            "도로명주소":"경기도 고양시 일산동구 고풍로 72-11",
            "세대수":30,
            "입주년차":20,
            "용적률점수":"--",
            "건폐율점수":"--",
            "세대당주차수":0,
            "난방방식":100,
            "공급면적":"--",
            "전용률":"--",
            "욕실수":50,
            "현관타입":100,
            "주거총점":39.5,
            "지역구공급총점":0.0,
            "역세권":50,
            "30분내 이동가능 거점":0,
            "1시간내 이동가능 거점":30,
            "교통총점":31.0,
            "백화점":100,
            "아울렛몰":80,
            "대형마트":0,
            "은행":70,
            "병원":60,
            "종합병원":100,
            "공원":100,
            "혐오시설":0,
            "인프라총점":74.0,
            "초등학군":87.44,
            "중학군":49.66,
            "학군총점":57.216,
            "인구수":35.06,
            "인구증감":3.42,
            "인구총점":25.568,
            "일자리":7.5,
            "소득수준":51.54,
            "일자리총점":20.712,
            "가치 총점":49.5324,
            "매매실거래년":20211122.0,
            "매매실거래가":52000.0,
            "전세실거래년":20211122.0,
            "전세실거래가":19000.0,
            "전세가율":45.78,
            "장기전세가율평균":72.67,
            "전세가율거품지수":26.89,
            "검색코드":11790,
            "세대수":333.0,
            "준공년월":"2000-06-29",
            "준공년차":23.0,
            "가까운역이름":"백마",
            "가까운역거리":849.78,
            "역세권여부":"준역세권",
            "30분이내주요거점역":0,
            "1시간이내주요거점역":3,
            "3km이내백화점수":1,
            "5km이내아울렛몰수":1,
            "1km이내대형먀트수":0,
            "500m이내은행수":3,
            "500m이내병원수":19,
            "5km이내대형병원수":6,
            "500m이내공원수":2,
            "3km이내혐오시설수":0,
            "초등학교학업성취도":87.44,
            "중학교학업성취도":80.5,
            "용적률":248,
            "건폐율":19,
            "Y":37.665873,
            "X":126.79491,
            "rank":58.0,
            "area_info":"24평(79.85), 32평(108.92)",
            "last_sales":"2021-11-22,52000.0,32평(108.92)"
        },
        {
            "index":293,
            "아파트명":"밤가시건영4단지",
            "투자타입":"일반",
            "전용면적(m2)":"72.12",
            "전용면적(평)":"21평",
            "법정동주소":"경기도 고양시 일산동구 정발산동 1111",
            "도로명주소":"경기도 고양시 일산동구 산두로 248",
            "세대수":0,
            "입주년차":0,
            "용적률점수":"--",
            "건폐율점수":"--",
            "세대당주차수":0,
            "난방방식":100,
            "공급면적":"--",
            "전용률":"--",
            "욕실수":50,
            "현관타입":100,
            "주거총점":25.0,
            "지역구공급총점":0.0,
            "역세권":50,
            "30분내 이동가능 거점":20,
            "1시간내 이동가능 거점":20,
            "교통총점":35.0,
            "백화점":100,
            "아울렛몰":80,
            "대형마트":80,
            "은행":0,
            "병원":30,
            "종합병원":100,
            "공원":100,
            "혐오시설":0,
            "인프라총점":76.0,
            "초등학군":86.77,
            "중학군":56.1,
            "학군총점":62.234,
            "인구수":35.06,
            "인구증감":3.42,
            "인구총점":25.568,
            "일자리":7.5,
            "소득수준":51.54,
            "일자리총점":20.712,
            "가치 총점":49.3851,
            "매매실거래년":"18000101",
            "매매실거래가":null,
            "전세실거래년":null,
            "전세실거래가":null,
            "전세가율":null,
            "장기전세가율평균":72.67,
            "전세가율거품지수":null,
            "검색코드":10678,
            "세대수":208.0,
            "준공년월":"1996-02-15",
            "준공년차":27.0,
            "가까운역이름":"일산",
            "가까운역거리":853.18,
            "역세권여부":"준역세권",
            "30분이내주요거점역":1,
            "1시간이내주요거점역":2,
            "3km이내백화점수":2,
            "5km이내아울렛몰수":1,
            "1km이내대형먀트수":1,
            "500m이내은행수":1,
            "500m이내병원수":8,
            "5km이내대형병원수":5,
            "500m이내공원수":3,
            "3km이내혐오시설수":0,
            "초등학교학업성취도":86.77,
            "중학교학업성취도":89.3,
            "용적률":95,
            "건폐율":32,
            "Y":37.67707,
            "X":126.777192,
            "rank":59.0,
            "area_info":"21평(72.12), 22평(73.07), 22평(73.13), 22평(73.21), 30평(99.9), 30평(100.56), 30평(100.51), 30평(100.11)",
            "last_sales":"1800-01-01,nan,21평(72.12)"
        },
        {
            "index":428,
            "아파트명":"성원2차",
            "투자타입":"일반",
            "전용면적(m2)":"89.66",
            "전용면적(평)":"27평",
            "법정동주소":"경기도 고양시 일산동구 풍동 551-34",
            "도로명주소":"경기도 고양시 일산동구 고풍로 44-46",
            "세대수":0,
            "입주년차":0,
            "용적률점수":"--",
            "건폐율점수":"--",
            "세대당주차수":30,
            "난방방식":100,
            "공급면적":"--",
            "전용률":"--",
            "욕실수":50,
            "현관타입":100,
            "주거총점":29.5,
            "지역구공급총점":0.0,
            "역세권":50,
            "30분내 이동가능 거점":0,
            "1시간내 이동가능 거점":50,
            "교통총점":35.0,
            "백화점":100,
            "아울렛몰":80,
            "대형마트":0,
            "은행":70,
            "병원":60,
            "종합병원":100,
            "공원":100,
            "혐오시설":0,
            "인프라총점":74.0,
            "초등학군":87.44,
            "중학군":49.66,
            "학군총점":57.216,
            "인구수":35.06,
            "인구증감":3.42,
            "인구총점":25.568,
            "일자리":7.5,
            "소득수준":51.54,
            "일자리총점":20.712,
            "가치 총점":48.9324,
            "매매실거래년":20211027.0,
            "매매실거래가":39900.0,
            "전세실거래년":20211216.0,
            "전세실거래가":29000.0,
            "전세가율":72.68,
            "장기전세가율평균":72.67,
            "전세가율거품지수":-0.01,
            "검색코드":100499,
            "세대수":201.0,
            "준공년월":"1998-02-25",
            "준공년차":25.0,
            "가까운역이름":"백마",
            "가까운역거리":757.16,
            "역세권여부":"준역세권",
            "30분이내주요거점역":0,
            "1시간이내주요거점역":5,
            "3km이내백화점수":1,
            "5km이내아울렛몰수":1,
            "1km이내대형먀트수":0,
            "500m이내은행수":4,
            "500m이내병원수":27,
            "5km이내대형병원수":6,
            "500m이내공원수":3,
            "3km이내혐오시설수":0,
            "초등학교학업성취도":87.44,
            "중학교학업성취도":80.5,
            "용적률":252,
            "건폐율":20,
            "Y":37.664733,
            "X":126.797048,
            "rank":60.0,
            "area_info":"27평(89.66), 33평(110.32)",
            "last_sales":"2021-10-27,39900.0,27평(89.66)"
        },
        {
            "index":499,
            "아파트명":"중앙하이츠빌",
            "투자타입":"일반",
            "전용면적(m2)":"116.13",
            "전용면적(평)":"35평",
            "법정동주소":"경기도 고양시 일산동구 풍동 417-2",
            "도로명주소":"경기도 고양시 일산동구 고일로 171",
            "세대수":0,
            "입주년차":20,
            "용적률점수":"--",
            "건폐율점수":"--",
            "세대당주차수":30,
            "난방방식":100,
            "공급면적":"--",
            "전용률":"--",
            "욕실수":100,
            "현관타입":100,
            "주거총점":38.5,
            "지역구공급총점":0.0,
            "역세권":50,
            "30분내 이동가능 거점":0,
            "1시간내 이동가능 거점":80,
            "교통총점":41.0,
            "백화점":100,
            "아울렛몰":80,
            "대형마트":0,
            "은행":0,
            "병원":0,
            "종합병원":100,
            "공원":0,
            "혐오시설":0,
            "인프라총점":58.0,
            "초등학군":87.44,
            "중학군":49.66,
            "학군총점":57.216,
            "인구수":35.06,
            "인구증감":3.42,
            "인구총점":25.568,
            "일자리":7.5,
            "소득수준":51.54,
            "일자리총점":20.712,
            "가치 총점":48.0324,
            "매매실거래년":20211116.0,
            "매매실거래가":48000.0,
            "전세실거래년":20210707.0,
            "전세실거래가":24100.0,
            "전세가율":50.21,
            "장기전세가율평균":72.67,
            "전세가율거품지수":22.46,
            "검색코드":9542,
            "세대수":270.0,
            "준공년월":"2001-01-05",
            "준공년차":22.0,
            "가까운역이름":"백마",
            "가까운역거리":647.97,
            "역세권여부":"준역세권",
            "30분이내주요거점역":0,
            "1시간이내주요거점역":8,
            "3km이내백화점수":1,
            "5km이내아울렛몰수":1,
            "1km이내대형먀트수":0,
            "500m이내은행수":0,
            "500m이내병원수":0,
            "5km이내대형병원수":6,
            "500m이내공원수":0,
            "3km이내혐오시설수":0,
            "초등학교학업성취도":87.44,
            "중학교학업성취도":80.5,
            "용적률":103,
            "건폐율":9,
            "Y":37.659329,
            "X":126.801692,
            "rank":61.0,
            "area_info":"35평(116.13)",
            "last_sales":"2021-11-16,48000.0,35평(116.13)"
        },
        {
            "index":93,
            "아파트명":"백송임광",
            "투자타입":"일반",
            "전용면적(m2)":"76.07",
            "전용면적(평)":"23평",
            "법정동주소":"경기도 고양시 일산동구 백석동 1136",
            "도로명주소":"경기도 고양시 일산동구 백석로 175",
            "세대수":50,
            "입주년차":0,
            "용적률점수":"--",
            "건폐율점수":"--",
            "세대당주차수":0,
            "난방방식":100,
            "공급면적":"--",
            "전용률":"--",
            "욕실수":50,
            "현관타입":10,
            "주거총점":33.5,
            "지역구공급총점":0.0,
            "역세권":50,
            "30분내 이동가능 거점":0,
            "1시간내 이동가능 거점":60,
            "교통총점":37.0,
            "백화점":100,
            "아울렛몰":80,
            "대형마트":0,
            "은행":0,
            "병원":30,
            "종합병원":100,
            "공원":100,
            "혐오시설":0,
            "인프라총점":64.0,
            "초등학군":88.42,
            "중학군":52.28,
            "학군총점":59.508,
            "인구수":35.06,
            "인구증감":3.42,
            "인구총점":25.568,
            "일자리":7.5,
            "소득수준":51.54,
            "일자리총점":20.712,
            "가치 총점":47.7762,
            "매매실거래년":20211210.0,
            "매매실거래가":58500.0,
            "전세실거래년":20211218.0,
            "전세실거래가":29000.0,
            "전세가율":79.02,
            "장기전세가율평균":72.67,
            "전세가율거품지수":-6.35,
            "검색코드":2943,
            "세대수":617.0,
            "준공년월":"1994-05-25",
            "준공년차":29.0,
            "가까운역이름":"백마",
            "가까운역거리":625.89,
            "역세권여부":"준역세권",
            "30분이내주요거점역":0,
            "1시간이내주요거점역":6,
            "3km이내백화점수":1,
            "5km이내아울렛몰수":1,
            "1km이내대형먀트수":0,
            "500m이내은행수":0,
            "500m이내병원수":8,
            "5km이내대형병원수":6,
            "500m이내공원수":2,
            "3km이내혐오시설수":0,
            "초등학교학업성취도":88.42,
            "중학교학업성취도":84.2,
            "용적률":184,
            "건폐율":17,
            "Y":37.652757,
            "X":126.796074,
            "rank":62.0,
            "area_info":"23평(76.07), 25평(83.23), 31평(105.46)",
            "last_sales":"2021-12-10,58500.0,31평(105.46)"
        },
        {
            "index":468,
            "아파트명":"숲속7단지주공",
            "투자타입":"일반",
            "전용면적(m2)":"100.26",
            "전용면적(평)":"30평",
            "법정동주소":"경기도 고양시 일산동구 풍동 1261",
            "도로명주소":"경기도 고양시 일산동구 숲속마을1로 116",
            "세대수":90,
            "입주년차":40,
            "용적률점수":"--",
            "건폐율점수":"--",
            "세대당주차수":30,
            "난방방식":100,
            "공급면적":"--",
            "전용률":"--",
            "욕실수":100,
            "현관타입":100,
            "주거총점":74.0,
            "지역구공급총점":0.0,
            "역세권":0,
            "30분내 이동가능 거점":0,
            "1시간내 이동가능 거점":20,
            "교통총점":4.0,
            "백화점":100,
            "아울렛몰":80,
            "대형마트":0,
            "은행":70,
            "병원":60,
            "종합병원":100,
            "공원":100,
            "혐오시설":0,
            "인프라총점":74.0,
            "초등학군":90.71,
            "중학군":52.3,
            "학군총점":59.982,
            "인구수":35.06,
            "인구증감":3.42,
            "인구총점":25.568,
            "일자리":7.5,
            "소득수준":51.54,
            "일자리총점":20.712,
            "가치 총점":47.3973,
            "매매실거래년":20211110.0,
            "매매실거래가":56000.0,
            "전세실거래년":20220105.0,
            "전세실거래가":35000.0,
            "전세가율":66.67,
            "장기전세가율평균":72.67,
            "전세가율거품지수":6.0,
            "검색코드":18940,
            "세대수":982.0,
            "준공년월":"2006-09-08",
            "준공년차":17.0,
            "가까운역이름":"풍산",
            "가까운역거리":1366.86,
            "역세권여부":"비역세권",
            "30분이내주요거점역":0,
            "1시간이내주요거점역":2,
            "3km이내백화점수":1,
            "5km이내아울렛몰수":1,
            "1km이내대형먀트수":0,
            "500m이내은행수":3,
            "500m이내병원수":20,
            "5km이내대형병원수":6,
            "500m이내공원수":7,
            "3km이내혐오시설수":0,
            "초등학교학업성취도":90.71,
            "중학교학업성취도":84.9,
            "용적률":206,
            "건폐율":14,
            "Y":37.67133,
            "X":126.80172,
            "rank":63.0,
            "area_info":"30평(100.26), 30평(100.27), 33평(111.88), 33평(111.95), 33평(112.14)",
            "last_sales":"2021-11-10,56000.0,33평(112.14)"
        },
        {
            "index":492,
            "아파트명":"일산풍동성원상떼빌5차",
            "투자타입":"일반",
            "전용면적(m2)":"82.12",
            "전용면적(평)":"24평",
            "법정동주소":"경기도 고양시 일산동구 풍동 1222",
            "도로명주소":"경기도 고양시 일산동구 고풍로 72-41",
            "세대수":0,
            "입주년차":20,
            "용적률점수":"--",
            "건폐율점수":"--",
            "세대당주차수":0,
            "난방방식":100,
            "공급면적":"--",
            "전용률":"--",
            "욕실수":50,
            "현관타입":100,
            "주거총점":29.0,
            "지역구공급총점":0.0,
            "역세권":50,
            "30분내 이동가능 거점":0,
            "1시간내 이동가능 거점":20,
            "교통총점":29.0,
            "백화점":100,
            "아울렛몰":80,
            "대형마트":0,
            "은행":70,
            "병원":60,
            "종합병원":100,
            "공원":100,
            "혐오시설":0,
            "인프라총점":74.0,
            "초등학군":87.44,
            "중학군":49.66,
            "학군총점":57.216,
            "인구수":35.06,
            "인구증감":3.42,
            "인구총점":25.568,
            "일자리":7.5,
            "소득수준":51.54,
            "일자리총점":20.712,
            "가치 총점":46.7324,
            "매매실거래년":20211217.0,
            "매매실거래가":36000.0,
            "전세실거래년":20210820.0,
            "전세실거래가":22575.0,
            "전세가율":62.71,
            "장기전세가율평균":72.67,
            "전세가율거품지수":9.96,
            "검색코드":12968,
            "세대수":295.0,
            "준공년월":"2003-04-30",
            "준공년차":20.0,
            "가까운역이름":"백마",
            "가까운역거리":871.7,
            "역세권여부":"준역세권",
            "30분이내주요거점역":0,
            "1시간이내주요거점역":2,
            "3km이내백화점수":1,
            "5km이내아울렛몰수":1,
            "1km이내대형먀트수":0,
            "500m이내은행수":4,
            "500m이내병원수":27,
            "5km이내대형병원수":6,
            "500m이내공원수":3,
            "3km이내혐오시설수":0,
            "초등학교학업성취도":87.44,
            "중학교학업성취도":80.5,
            "용적률":249,
            "건폐율":23,
            "Y":37.665958,
            "X":126.79619,
            "rank":64.0,
            "area_info":"24평(82.12), 29평(98.12), 32평(108.01)",
            "last_sales":"2021-12-17,36000.0,24평(82.12)"
        },
        {
            "index":346,
            "아파트명":"양지건영4단지",
            "투자타입":"일반",
            "전용면적(m2)":"72.55",
            "전용면적(평)":"21평",
            "법정동주소":"경기도 고양시 일산동구 정발산동 696",
            "도로명주소":"경기도 고양시 일산동구 대산로31번길 68",
            "세대수":0,
            "입주년차":0,
            "용적률점수":"--",
            "건폐율점수":"--",
            "세대당주차수":30,
            "난방방식":80,
            "공급면적":"--",
            "전용률":"--",
            "욕실수":50,
            "현관타입":100,
            "주거총점":27.5,
            "지역구공급총점":0.0,
            "역세권":50,
            "30분내 이동가능 거점":20,
            "1시간내 이동가능 거점":20,
            "교통총점":35.0,
            "백화점":100,
            "아울렛몰":80,
            "대형마트":0,
            "은행":0,
            "병원":30,
            "종합병원":100,
            "공원":100,
            "혐오시설":0,
            "인프라총점":64.0,
            "초등학군":87.1,
            "중학군":55.24,
            "학군총점":61.612,
            "인구수":35.06,
            "인구증감":3.42,
            "인구총점":25.568,
            "일자리":7.5,
            "소득수준":51.54,
            "일자리총점":20.712,
            "가치 총점":46.1918,
            "매매실거래년":"18000101",
            "매매실거래가":null,
            "전세실거래년":null,
            "전세실거래가":null,
            "전세가율":null,
            "장기전세가율평균":72.67,
            "전세가율거품지수":null,
            "검색코드":25794,
            "세대수":152.0,
            "준공년월":"1996-03-12",
            "준공년차":27.0,
            "가까운역이름":"주엽",
            "가까운역거리":862.51,
            "역세권여부":"준역세권",
            "30분이내주요거점역":1,
            "1시간이내주요거점역":2,
            "3km이내백화점수":2,
            "5km이내아울렛몰수":1,
            "1km이내대형먀트수":0,
            "500m이내은행수":1,
            "500m이내병원수":8,
            "5km이내대형병원수":5,
            "500m이내공원수":3,
            "3km이내혐오시설수":0,
            "초등학교학업성취도":87.1,
            "중학교학업성취도":89.0,
            "용적률":94,
            "건폐율":31,
            "Y":37.668066,
            "X":126.7708,
            "rank":65.0,
            "area_info":"21평(72.55), 30평(99.98), 30평(99.38), 30평(100.03)",
            "last_sales":"1800-01-01,nan,21평(72.55)"
        },
        {
            "index":350,
            "아파트명":"양지건영5단지",
            "투자타입":"일반",
            "전용면적(m2)":"72.66",
            "전용면적(평)":"21평",
            "법정동주소":"경기도 고양시 일산동구 정발산동 676",
            "도로명주소":"경기도 고양시 일산동구 대산로31번길 24",
            "세대수":0,
            "입주년차":0,
            "용적률점수":"--",
            "건폐율점수":"--",
            "세대당주차수":30,
            "난방방식":80,
            "공급면적":"--",
            "전용률":"--",
            "욕실수":50,
            "현관타입":100,
            "주거총점":27.5,
            "지역구공급총점":0.0,
            "역세권":50,
            "30분내 이동가능 거점":20,
            "1시간내 이동가능 거점":20,
            "교통총점":35.0,
            "백화점":100,
            "아울렛몰":80,
            "대형마트":0,
            "은행":0,
            "병원":10,
            "종합병원":100,
            "공원":100,
            "혐오시설":0,
            "인프라총점":62.0,
            "초등학군":87.1,
            "중학군":55.24,
            "학군총점":61.612,
            "인구수":35.06,
            "인구증감":3.42,
            "인구총점":25.568,
            "일자리":7.5,
            "소득수준":51.54,
            "일자리총점":20.712,
            "가치 총점":45.5918,
            "매매실거래년":"18000101",
            "매매실거래가":null,
            "전세실거래년":null,
            "전세실거래가":null,
            "전세가율":null,
            "장기전세가율평균":72.67,
            "전세가율거품지수":null,
            "검색코드":25795,
            "세대수":216.0,
            "준공년월":"1996-04-12",
            "준공년차":27.0,
            "가까운역이름":"주엽",
            "가까운역거리":929.28,
            "역세권여부":"준역세권",
            "30분이내주요거점역":1,
            "1시간이내주요거점역":2,
            "3km이내백화점수":2,
            "5km이내아울렛몰수":1,
            "1km이내대형먀트수":0,
            "500m이내은행수":0,
            "500m이내병원수":4,
            "5km이내대형병원수":5,
            "500m이내공원수":5,
            "3km이내혐오시설수":0,
            "초등학교학업성취도":87.1,
            "중학교학업성취도":89.0,
            "용적률":97,
            "건폐율":33,
            "Y":37.669726,
            "X":126.771883,
            "rank":66.0,
            "area_info":"21평(72.66), 21평(72.6), 30평(99.82), 30평(100.47), 30평(100.42), 30평(100.02)",
            "last_sales":"1800-01-01,nan,21평(72.66)"
        },
        {
            "index":441,
            "아파트명":"숲속5단지아이파크",
            "투자타입":"일반",
            "전용면적(m2)":"135.5",
            "전용면적(평)":"40평",
            "법정동주소":"경기도 고양시 일산동구 풍동 1267",
            "도로명주소":"경기도 고양시 일산동구 숲속마을1로 87",
            "세대수":50,
            "입주년차":40,
            "용적률점수":"--",
            "건폐율점수":"--",
            "세대당주차수":60,
            "난방방식":100,
            "공급면적":"--",
            "전용률":"--",
            "욕실수":100,
            "현관타입":100,
            "주거총점":64.5,
            "지역구공급총점":0.0,
            "역세권":0,
            "30분내 이동가능 거점":0,
            "1시간내 이동가능 거점":20,
            "교통총점":4.0,
            "백화점":100,
            "아울렛몰":80,
            "대형마트":0,
            "은행":70,
            "병원":60,
            "종합병원":100,
            "공원":100,
            "혐오시설":0,
            "인프라총점":74.0,
            "초등학군":90.71,
            "중학군":52.3,
            "학군총점":59.982,
            "인구수":35.06,
            "인구증감":3.42,
            "인구총점":25.568,
            "일자리":7.5,
            "소득수준":51.54,
            "일자리총점":20.712,
            "가치 총점":45.4973,
            "매매실거래년":20211113.0,
            "매매실거래가":78000.0,
            "전세실거래년":20211222.0,
            "전세실거래가":53000.0,
            "전세가율":73.1,
            "장기전세가율평균":72.67,
            "전세가율거품지수":-0.43,
            "검색코드":19114,
            "세대수":583.0,
            "준공년월":"2006-06-27",
            "준공년차":17.0,
            "가까운역이름":"풍산",
            "가까운역거리":1161.77,
            "역세권여부":"비역세권",
            "30분이내주요거점역":0,
            "1시간이내주요거점역":2,
            "3km이내백화점수":1,
            "5km이내아울렛몰수":1,
            "1km이내대형먀트수":0,
            "500m이내은행수":4,
            "500m이내병원수":24,
            "5km이내대형병원수":6,
            "500m이내공원수":6,
            "3km이내혐오시설수":0,
            "초등학교학업성취도":90.71,
            "중학교학업성취도":84.9,
            "용적률":219,
            "건폐율":14,
            "Y":37.66915,
            "X":126.79881,
            "rank":67.0,
            "area_info":"40평(135.5), 48평(159.5), 49평(162.36), 50평(166.31), 50평(166.31), 51평(171.76), 58평(193.4), 59평(196.52), 90평(298.06)",
            "last_sales":"2021-11-13,78000.0,49평(162.36)"
        },
        {
            "index":282,
            "아파트명":"힐스테이트킨텍스레이크뷰",
            "투자타입":"일반",
            "전용면적(m2)":"108.83",
            "전용면적(평)":"32평",
            "법정동주소":"경기도 고양시 일산동구 장항동 1784",
            "도로명주소":"경기도 고양시 일산동구 연리지로 50",
            "세대수":0,
            "입주년차":100,
            "용적률점수":"--",
            "건폐율점수":"--",
            "세대당주차수":60,
            "난방방식":100,
            "공급면적":"--",
            "전용률":"--",
            "욕실수":100,
            "현관타입":100,
            "주거총점":59.0,
            "지역구공급총점":0.0,
            "역세권":0,
            "30분내 이동가능 거점":20,
            "1시간내 이동가능 거점":20,
            "교통총점":10.0,
            "백화점":100,
            "아울렛몰":80,
            "대형마트":80,
            "은행":0,
            "병원":0,
            "종합병원":100,
            "공원":0,
            "혐오시설":0,
            "인프라총점":70.0,
            "초등학군":91.26,
            "중학군":51.84,
            "학군총점":59.724,
            "인구수":35.06,
            "인구증감":3.42,
            "인구총점":25.568,
            "일자리":7.5,
            "소득수준":51.54,
            "일자리총점":20.712,
            "가치 총점":45.2586,
            "매매실거래년":20211117.0,
            "매매실거래가":125000.0,
            "전세실거래년":20211230.0,
            "전세실거래가":60000.0,
            "전세가율":48.0,
            "장기전세가율평균":72.67,
            "전세가율거품지수":24.67,
            "검색코드":116838,
            "세대수":299.0,
            "준공년월":"2019-09-26",
            "준공년차":4.0,
            "가까운역이름":"주엽",
            "가까운역거리":1124.83,
            "역세권여부":"비역세권",
            "30분이내주요거점역":1,
            "1시간이내주요거점역":2,
            "3km이내백화점수":2,
            "5km이내아울렛몰수":1,
            "1km이내대형먀트수":1,
            "500m이내은행수":0,
            "500m이내병원수":0,
            "5km이내대형병원수":5,
            "500m이내공원수":0,
            "3km이내혐오시설수":0,
            "초등학교학업성취도":91.26,
            "중학교학업성취도":84.2,
            "용적률":359,
            "건폐율":34,
            "Y":37.660403,
            "X":126.757578,
            "rank":68.0,
            "area_info":"32평(108.83), 33평(109.22), 33평(109.54), 40평(134.09), 54평(179.73), 59평(198.09)",
            "last_sales":"2021-11-17,125000.0,32평(108.83)"
        },
        {
            "index":58,
            "아파트명":"정발2단지건영",
            "투자타입":"일반",
            "전용면적(m2)":"73.06",
            "전용면적(평)":"22평",
            "법정동주소":"경기도 고양시 일산동구 마두동 859",
            "도로명주소":"경기도 고양시 일산동구 산두로 72",
            "세대수":0,
            "입주년차":0,
            "용적률점수":"--",
            "건폐율점수":"--",
            "세대당주차수":30,
            "난방방식":100,
            "공급면적":"--",
            "전용률":"--",
            "욕실수":50,
            "현관타입":100,
            "주거총점":29.5,
            "지역구공급총점":0.0,
            "역세권":50,
            "30분내 이동가능 거점":20,
            "1시간내 이동가능 거점":20,
            "교통총점":35.0,
            "백화점":100,
            "아울렛몰":80,
            "대형마트":0,
            "은행":0,
            "병원":0,
            "종합병원":100,
            "공원":100,
            "혐오시설":0,
            "인프라총점":61.0,
            "초등학군":87.16,
            "중학군":49.66,
            "학군총점":57.16,
            "인구수":35.06,
            "인구증감":3.42,
            "인구총점":25.568,
            "일자리":7.5,
            "소득수준":51.54,
            "일자리총점":20.712,
            "가치 총점":45.024,
            "매매실거래년":"18000101",
            "매매실거래가":null,
            "전세실거래년":null,
            "전세실거래가":null,
            "전세가율":null,
            "장기전세가율평균":72.67,
            "전세가율거품지수":null,
            "검색코드":10842,
            "세대수":136.0,
            "준공년월":"1996-02-13",
            "준공년차":27.0,
            "가까운역이름":"풍산",
            "가까운역거리":874.57,
            "역세권여부":"준역세권",
            "30분이내주요거점역":1,
            "1시간이내주요거점역":2,
            "3km이내백화점수":1,
            "5km이내아울렛몰수":1,
            "1km이내대형먀트수":0,
            "500m이내은행수":0,
            "500m이내병원수":1,
            "5km이내대형병원수":6,
            "500m이내공원수":2,
            "3km이내혐오시설수":0,
            "초등학교학업성취도":87.16,
            "중학교학업성취도":80.5,
            "용적률":97,
            "건폐율":33,
            "Y":37.664738,
            "X":126.788763,
            "rank":69.0,
            "area_info":"22평(73.06), 30평(100.34)",
            "last_sales":"1800-01-01,nan,22평(73.06)"
        },
        {
            "index":495,
            "아파트명":"일산풍동에이스",
            "투자타입":"일반",
            "전용면적(m2)":"75.44",
            "전용면적(평)":"22평",
            "법정동주소":"경기도 고양시 일산동구 풍동 385-1",
            "도로명주소":"경기도 고양시 일산동구 고풍로 20",
            "세대수":0,
            "입주년차":0,
            "용적률점수":"--",
            "건폐율점수":"--",
            "세대당주차수":30,
            "난방방식":30,
            "공급면적":"--",
            "전용률":"--",
            "욕실수":50,
            "현관타입":10,
            "주거총점":13.5,
            "지역구공급총점":0.0,
            "역세권":50,
            "30분내 이동가능 거점":0,
            "1시간내 이동가능 거점":80,
            "교통총점":41.0,
            "백화점":100,
            "아울렛몰":80,
            "대형마트":0,
            "은행":0,
            "병원":10,
            "종합병원":100,
            "공원":100,
            "혐오시설":0,
            "인프라총점":62.0,
            "초등학군":87.44,
            "중학군":49.66,
            "학군총점":57.216,
            "인구수":35.06,
            "인구증감":3.42,
            "인구총점":25.568,
            "일자리":7.5,
            "소득수준":51.54,
            "일자리총점":20.712,
            "가치 총점":44.2324,
            "매매실거래년":20210912.0,
            "매매실거래가":47500.0,
            "전세실거래년":20211218.0,
            "전세실거래가":17850.0,
            "전세가율":78.12,
            "장기전세가율평균":72.67,
            "전세가율거품지수":-5.45,
            "검색코드":2609,
            "세대수":202.0,
            "준공년월":"1998-07-04",
            "준공년차":25.0,
            "가까운역이름":"백마",
            "가까운역거리":556.34,
            "역세권여부":"준역세권",
            "30분이내주요거점역":0,
            "1시간이내주요거점역":8,
            "3km이내백화점수":1,
            "5km이내아울렛몰수":1,
            "1km이내대형먀트수":0,
            "500m이내은행수":0,
            "500m이내병원수":3,
            "5km이내대형병원수":6,
            "500m이내공원수":2,
            "3km이내혐오시설수":0,
            "초등학교학업성취도":87.44,
            "중학교학업성취도":80.5,
            "용적률":245,
            "건폐율":16,
            "Y":37.662293,
            "X":126.798165,
            "rank":70.0,
            "area_info":"22평(75.44), 32평(107.21), 43평(143.82), 48평(159.82)",
            "last_sales":"2021-09-12,47500.0,48평(159.82)"
        },
        {
            "index":363,
            "아파트명":"센트럴더포레",
            "투자타입":"일반",
            "전용면적(m2)":"150.96",
            "전용면적(평)":"45평",
            "법정동주소":"경기도 고양시 일산동구 중산동 1717",
            "도로명주소":"경기도 고양시 일산동구 하늘마을로 76",
            "세대수":50,
            "입주년차":60,
            "용적률점수":"--",
            "건폐율점수":"--",
            "세대당주차수":80,
            "난방방식":100,
            "공급면적":"--",
            "전용률":"--",
            "욕실수":100,
            "현관타입":100,
            "주거총점":71.5,
            "지역구공급총점":0.0,
            "역세권":0,
            "30분내 이동가능 거점":0,
            "1시간내 이동가능 거점":30,
            "교통총점":6.0,
            "백화점":100,
            "아울렛몰":80,
            "대형마트":0,
            "은행":0,
            "병원":30,
            "종합병원":100,
            "공원":100,
            "혐오시설":0,
            "인프라총점":64.0,
            "초등학군":85.53,
            "중학군":46.98,
            "학군총점":54.69,
            "인구수":35.06,
            "인구증감":3.42,
            "인구총점":25.568,
            "일자리":7.5,
            "소득수준":51.54,
            "일자리총점":20.712,
            "가치 총점":43.8035,
            "매매실거래년":20201217.0,
            "매매실거래가":65000.0,
            "전세실거래년":20200612.0,
            "전세실거래가":36000.0,
            "전세가율":65.45,
            "장기전세가율평균":72.67,
            "전세가율거품지수":7.22,
            "검색코드":101523,
            "세대수":410.0,
            "준공년월":"2010-07-02",
            "준공년차":13.0,
            "가까운역이름":"풍산",
            "가까운역거리":1163.05,
            "역세권여부":"비역세권",
            "30분이내주요거점역":0,
            "1시간이내주요거점역":3,
            "3km이내백화점수":1,
            "5km이내아울렛몰수":1,
            "1km이내대형먀트수":0,
            "500m이내은행수":1,
            "500m이내병원수":9,
            "5km이내대형병원수":5,
            "500m이내공원수":4,
            "3km이내혐오시설수":0,
            "초등학교학업성취도":85.53,
            "중학교학업성취도":76.1,
            "용적률":191,
            "건폐율":18,
            "Y":37.682765,
            "X":126.78508,
            "rank":71.0,
            "area_info":"45평(150.96), 45평(150.97), 45평(151.46), 45평(151.42), 50평(167.95), 50평(168.49), 50평(168.59)",
            "last_sales":"2020-12-17,65000.0,50평(168.49)"
        },
        {
            "index":473,
            "아파트명":"숲속8단지주공",
            "투자타입":"일반",
            "전용면적(m2)":"71.85",
            "전용면적(평)":"21평",
            "법정동주소":"경기도 고양시 일산동구 풍동 1258",
            "도로명주소":"경기도 고양시 일산동구 숲속마을1로 115",
            "세대수":90,
            "입주년차":40,
            "용적률점수":"--",
            "건폐율점수":"--",
            "세대당주차수":0,
            "난방방식":100,
            "공급면적":"--",
            "전용률":"--",
            "욕실수":50,
            "현관타입":100,
            "주거총점":64.5,
            "지역구공급총점":0.0,
            "역세권":0,
            "30분내 이동가능 거점":0,
            "1시간내 이동가능 거점":20,
            "교통총점":4.0,
            "백화점":100,
            "아울렛몰":80,
            "대형마트":0,
            "은행":0,
            "병원":60,
            "종합병원":100,
            "공원":100,
            "혐오시설":0,
            "인프라총점":67.0,
            "초등학군":89.3,
            "중학군":52.3,
            "학군총점":59.7,
            "인구수":35.06,
            "인구증감":3.42,
            "인구총점":25.568,
            "일자리":7.5,
            "소득수준":51.54,
            "일자리총점":20.712,
            "가치 총점":43.355,
            "매매실거래년":20220101.0,
            "매매실거래가":41500.0,
            "전세실거래년":20211204.0,
            "전세실거래가":22050.0,
            "전세가율":53.91,
            "장기전세가율평균":72.67,
            "전세가율거품지수":18.76,
            "검색코드":103152,
            "세대수":1034.0,
            "준공년월":"2006-07-06",
            "준공년차":17.0,
            "가까운역이름":"풍산",
            "가까운역거리":1188.22,
            "역세권여부":"비역세권",
            "30분이내주요거점역":0,
            "1시간이내주요거점역":2,
            "3km이내백화점수":1,
            "5km이내아울렛몰수":1,
            "1km이내대형먀트수":0,
            "500m이내은행수":1,
            "500m이내병원수":12,
            "5km이내대형병원수":6,
            "500m이내공원수":6,
            "3km이내혐오시설수":0,
            "초등학교학업성취도":89.3,
            "중학교학업성취도":84.9,
            "용적률":197,
            "건폐율":13,
            "Y":37.671905,
            "X":126.799732,
            "rank":72.0,
            "area_info":"21평(71.85), 21평(72.1), 25평(82.92), 25평(83.18), 25평(83.07)",
            "last_sales":"2022-01-01,41500.0,25평(82.92)"
        },
        {
            "index":356,
            "아파트명":"산들1단지e-편한세상",
            "투자타입":"일반",
            "전용면적(m2)":"118.97",
            "전용면적(평)":"35평",
            "법정동주소":"경기도 고양시 일산동구 중산동 1656",
            "도로명주소":"경기도 고양시 일산동구 중산로 160-10",
            "세대수":0,
            "입주년차":40,
            "용적률점수":"--",
            "건폐율점수":"--",
            "세대당주차수":80,
            "난방방식":100,
            "공급면적":"--",
            "전용률":"--",
            "욕실수":100,
            "현관타입":100,
            "주거총점":50.0,
            "지역구공급총점":0.0,
            "역세권":0,
            "30분내 이동가능 거점":0,
            "1시간내 이동가능 거점":20,
            "교통총점":4.0,
            "백화점":100,
            "아울렛몰":80,
            "대형마트":0,
            "은행":70,
            "병원":60,
            "종합병원":100,
            "공원":100,
            "혐오시설":0,
            "인프라총점":74.0,
            "초등학군":85.53,
            "중학군":50.78,
            "학군총점":57.73,
            "인구수":35.06,
            "인구증감":3.42,
            "인구총점":25.568,
            "일자리":7.5,
            "소득수준":51.54,
            "일자리총점":20.712,
            "가치 총점":42.2595,
            "매매실거래년":20211002.0,
            "매매실거래가":59400.0,
            "전세실거래년":20180406.0,
            "전세실거래가":23000.0,
            "전세가율":79.31,
            "장기전세가율평균":72.67,
            "전세가율거품지수":-6.64,
            "검색코드":10170,
            "세대수":148.0,
            "준공년월":"2004-01-29",
            "준공년차":19.0,
            "가까운역이름":"일산",
            "가까운역거리":1139.58,
            "역세권여부":"비역세권",
            "30분이내주요거점역":0,
            "1시간이내주요거점역":2,
            "3km이내백화점수":1,
            "5km이내아울렛몰수":1,
            "1km이내대형먀트수":0,
            "500m이내은행수":4,
            "500m이내병원수":22,
            "5km이내대형병원수":5,
            "500m이내공원수":6,
            "3km이내혐오시설수":0,
            "초등학교학업성취도":85.53,
            "중학교학업성취도":83.9,
            "용적률":259,
            "건폐율":17,
            "Y":37.686136,
            "X":126.781737,
            "rank":73.0,
            "area_info":"35평(118.97), 43평(144.24), 54평(179.98)",
            "last_sales":"2021-10-02,59400.0,54평(179.98)"
        },
        {
            "index":162,
            "아파트명":"위시티5단지블루밍",
            "투자타입":"일반",
            "전용면적(m2)":"131.45",
            "전용면적(평)":"39평",
            "법정동주소":"경기도 고양시 일산동구 식사동 1565",
            "도로명주소":"경기도 고양시 일산동구 위시티1로 7",
            "세대수":90,
            "입주년차":60,
            "용적률점수":"--",
            "건폐율점수":"--",
            "세대당주차수":80,
            "난방방식":100,
            "공급면적":"--",
            "전용률":"--",
            "욕실수":100,
            "현관타입":100,
            "주거총점":85.5,
            "지역구공급총점":0.0,
            "역세권":0,
            "30분내 이동가능 거점":0,
            "1시간내 이동가능 거점":20,
            "교통총점":4.0,
            "백화점":0,
            "아울렛몰":80,
            "대형마트":0,
            "은행":20,
            "병원":60,
            "종합병원":100,
            "공원":100,
            "혐오시설":0,
            "인프라총점":39.0,
            "초등학군":100.0,
            "중학군":53.22,
            "학군총점":62.576,
            "인구수":35.06,
            "인구증감":3.42,
            "인구총점":25.568,
            "일자리":7.5,
            "소득수준":51.54,
            "일자리총점":20.712,
            "가치 총점":39.5864,
            "매매실거래년":20211228.0,
            "매매실거래가":101500.0,
            "전세실거래년":20211106.0,
            "전세실거래가":65000.0,
            "전세가율":79.27,
            "장기전세가율평균":72.67,
            "전세가율거품지수":-6.6,
            "검색코드":26793,
            "세대수":915.0,
            "준공년월":"2010-10-29",
            "준공년차":13.0,
            "가까운역이름":"풍산",
            "가까운역거리":2216.37,
            "역세권여부":"비역세권",
            "30분이내주요거점역":0,
            "1시간이내주요거점역":2,
            "3km이내백화점수":0,
            "5km이내아울렛몰수":1,
            "1km이내대형먀트수":0,
            "500m이내은행수":2,
            "500m이내병원수":13,
            "5km이내대형병원수":5,
            "500m이내공원수":4,
            "3km이내혐오시설수":0,
            "초등학교학업성취도":100.0,
            "중학교학업성취도":85.5,
            "용적률":221,
            "건폐율":13,
            "Y":37.675768,
            "X":126.811052,
            "rank":74.0,
            "area_info":"39평(131.45), 39평(131.01), 47평(156.75), 47평(156.93), 47평(157.35), 57평(190.27), 86평(285.18)",
            "last_sales":"2021-12-28,101500.0,57평(190.27)"
        },
        {
            "index":187,
            "아파트명":"위시티일산4단지자이",
            "투자타입":"일반",
            "전용면적(m2)":"132.06",
            "전용면적(평)":"39평",
            "법정동주소":"경기도 고양시 일산동구 식사동 1504",
            "도로명주소":"경기도 고양시 일산동구 위시티4로 45",
            "세대수":90,
            "입주년차":60,
            "용적률점수":"--",
            "건폐율점수":"--",
            "세대당주차수":80,
            "난방방식":100,
            "공급면적":"--",
            "전용률":"--",
            "욕실수":100,
            "현관타입":100,
            "주거총점":85.5,
            "지역구공급총점":0.0,
            "역세권":0,
            "30분내 이동가능 거점":0,
            "1시간내 이동가능 거점":10,
            "교통총점":2.0,
            "백화점":0,
            "아울렛몰":80,
            "대형마트":0,
            "은행":0,
            "병원":60,
            "종합병원":100,
            "공원":100,
            "혐오시설":0,
            "인프라총점":37.0,
            "초등학군":100.0,
            "중학군":53.22,
            "학군총점":62.576,
            "인구수":35.06,
            "인구증감":3.42,
            "인구총점":25.568,
            "일자리":7.5,
            "소득수준":51.54,
            "일자리총점":20.712,
            "가치 총점":38.2864,
            "매매실거래년":20210929.0,
            "매매실거래가":154000.0,
            "전세실거래년":20210807.0,
            "전세실거래가":42000.0,
            "전세가율":44.44,
            "장기전세가율평균":72.67,
            "전세가율거품지수":28.23,
            "검색코드":26792,
            "세대수":1288.0,
            "준공년월":"2010-08-23",
            "준공년차":13.0,
            "가까운역이름":"풍산",
            "가까운역거리":2674.16,
            "역세권여부":"비역세권",
            "30분이내주요거점역":0,
            "1시간이내주요거점역":1,
            "3km이내백화점수":0,
            "5km이내아울렛몰수":1,
            "1km이내대형먀트수":0,
            "500m이내은행수":1,
            "500m이내병원수":13,
            "5km이내대형병원수":5,
            "500m이내공원수":4,
            "3km이내혐오시설수":0,
            "초등학교학업성취도":100.0,
            "중학교학업성취도":85.5,
            "용적률":241,
            "건폐율":19,
            "Y":37.679585,
            "X":126.815219,
            "rank":75.0,
            "area_info":"39평(132.06), 49평(162.65), 49평(163.66), 49평(163.89), 50평(168.45), 59평(196.26), 62평(206.1), 74평(245.43), 83평(276.41)",
            "last_sales":"2021-09-29,154000.0,74평(245.43)"
        },
        {
            "index":151,
            "아파트명":"위시티3단지블루밍",
            "투자타입":"일반",
            "전용면적(m2)":"130.83",
            "전용면적(평)":"39평",
            "법정동주소":"경기도 고양시 일산동구 식사동 1510",
            "도로명주소":"경기도 고양시 일산동구 위시티4로 79",
            "세대수":90,
            "입주년차":60,
            "용적률점수":"--",
            "건폐율점수":"--",
            "세대당주차수":80,
            "난방방식":100,
            "공급면적":"--",
            "전용률":"--",
            "욕실수":100,
            "현관타입":100,
            "주거총점":85.5,
            "지역구공급총점":0.0,
            "역세권":0,
            "30분내 이동가능 거점":0,
            "1시간내 이동가능 거점":10,
            "교통총점":2.0,
            "백화점":0,
            "아울렛몰":80,
            "대형마트":0,
            "은행":0,
            "병원":60,
            "종합병원":100,
            "공원":100,
            "혐오시설":0,
            "인프라총점":37.0,
            "초등학군":92.94,
            "중학군":53.22,
            "학군총점":61.164,
            "인구수":35.06,
            "인구증감":3.42,
            "인구총점":25.568,
            "일자리":7.5,
            "소득수준":51.54,
            "일자리총점":20.712,
            "가치 총점":38.0746,
            "매매실거래년":20211206.0,
            "매매실거래가":107500.0,
            "전세실거래년":20211227.0,
            "전세실거래가":50000.0,
            "전세가율":66.67,
            "장기전세가율평균":72.67,
            "전세가율거품지수":6.0,
            "검색코드":27403,
            "세대수":1435.0,
            "준공년월":"2010-10-29",
            "준공년차":13.0,
            "가까운역이름":"풍산",
            "가까운역거리":2348.4,
            "역세권여부":"비역세권",
            "30분이내주요거점역":0,
            "1시간이내주요거점역":1,
            "3km이내백화점수":0,
            "5km이내아울렛몰수":1,
            "1km이내대형먀트수":0,
            "500m이내은행수":1,
            "500m이내병원수":10,
            "5km이내대형병원수":5,
            "500m이내공원수":5,
            "3km이내혐오시설수":0,
            "초등학교학업성취도":92.94,
            "중학교학업성취도":85.5,
            "용적률":241,
            "건폐율":16,
            "Y":37.681285,
            "X":126.810419,
            "rank":76.0,
            "area_info":"39평(130.83), 39평(131.26), 47평(157.18), 47평(157.35), 54평(181.68), 55평(182.4), 62평(206.2), 62평(207.41), 85평(282.36), 88평(292.92), 92평(307.24)",
            "last_sales":"2021-12-06,107500.0,62평(206.2)"
        },
        {
            "index":288,
            "아파트명":"밤가시건영1단지",
            "투자타입":"일반",
            "전용면적(m2)":"73.57",
            "전용면적(평)":"22평",
            "법정동주소":"경기도 고양시 일산동구 정발산동 1170",
            "도로명주소":"경기도 고양시 일산동구 일산로463번길 80",
            "세대수":0,
            "입주년차":0,
            "용적률점수":"--",
            "건폐율점수":"--",
            "세대당주차수":30,
            "난방방식":100,
            "공급면적":"--",
            "전용률":"--",
            "욕실수":50,
            "현관타입":100,
            "주거총점":29.5,
            "지역구공급총점":0.0,
            "역세권":0,
            "30분내 이동가능 거점":20,
            "1시간내 이동가능 거점":20,
            "교통총점":10.0,
            "백화점":100,
            "아울렛몰":80,
            "대형마트":0,
            "은행":0,
            "병원":30,
            "종합병원":100,
            "공원":100,
            "혐오시설":0,
            "인프라총점":64.0,
            "초등학군":87.1,
            "중학군":55.24,
            "학군총점":61.612,
            "인구수":35.06,
            "인구증감":3.42,
            "인구총점":25.568,
            "일자리":7.5,
            "소득수준":51.54,
            "일자리총점":20.712,
            "가치 총점":37.8418,
            "매매실거래년":"18000101",
            "매매실거래가":null,
            "전세실거래년":null,
            "전세실거래가":null,
            "전세가율":null,
            "장기전세가율평균":72.67,
            "전세가율거품지수":null,
            "검색코드":10675,
            "세대수":120.0,
            "준공년월":"1996-03-13",
            "준공년차":27.0,
            "가까운역이름":"주엽",
            "가까운역거리":1026.49,
            "역세권여부":"비역세권",
            "30분이내주요거점역":1,
            "1시간이내주요거점역":2,
            "3km이내백화점수":2,
            "5km이내아울렛몰수":1,
            "1km이내대형먀트수":0,
            "500m이내은행수":0,
            "500m이내병원수":8,
            "5km이내대형병원수":5,
            "500m이내공원수":4,
            "3km이내혐오시설수":0,
            "초등학교학업성취도":87.1,
            "중학교학업성취도":89.0,
            "용적률":96,
            "건폐율":32,
            "Y":37.671169,
            "X":126.772914,
            "rank":77.0,
            "area_info":"22평(73.57), 22평(73.64), 30평(99.36), 30평(99.96), 30평(100.01)",
            "last_sales":"1800-01-01,nan,22평(73.57)"
        },
        {
            "index":216,
            "아파트명":"일산자이2차",
            "투자타입":"일반",
            "전용면적(m2)":"79.0",
            "전용면적(평)":"23평",
            "법정동주소":"경기도 고양시 일산동구 식사동 식사2구역A1블럭",
            "도로명주소":"경기도 고양시 일산동구 위시티3로 110",
            "세대수":80,
            "입주년차":100,
            "용적률점수":"--",
            "건폐율점수":"--",
            "세대당주차수":30,
            "난방방식":100,
            "공급면적":"--",
            "전용률":"--",
            "욕실수":100,
            "현관타입":100,
            "주거총점":82.5,
            "지역구공급총점":0.0,
            "역세권":0,
            "30분내 이동가능 거점":0,
            "1시간내 이동가능 거점":30,
            "교통총점":6.0,
            "백화점":0,
            "아울렛몰":80,
            "대형마트":0,
            "은행":0,
            "병원":10,
            "종합병원":100,
            "공원":100,
            "혐오시설":0,
            "인프라총점":32.0,
            "초등학군":100.0,
            "중학군":53.22,
            "학군총점":62.576,
            "인구수":35.06,
            "인구증감":3.42,
            "인구총점":25.568,
            "일자리":7.5,
            "소득수준":51.54,
            "일자리총점":20.712,
            "가치 총점":37.5864,
            "매매실거래년":20210210.0,
            "매매실거래가":78880.0,
            "전세실거래년":null,
            "전세실거래가":null,
            "전세가율":null,
            "장기전세가율평균":72.67,
            "전세가율거품지수":null,
            "검색코드":120121,
            "세대수":802.0,
            "준공년월":"2020-11-01",
            "준공년차":3.0,
            "가까운역이름":"풍산",
            "가까운역거리":2049.49,
            "역세권여부":"비역세권",
            "30분이내주요거점역":0,
            "1시간이내주요거점역":3,
            "3km이내백화점수":0,
            "5km이내아울렛몰수":1,
            "1km이내대형먀트수":0,
            "500m이내은행수":1,
            "500m이내병원수":4,
            "5km이내대형병원수":5,
            "500m이내공원수":5,
            "3km이내혐오시설수":0,
            "초등학교학업성취도":100.0,
            "중학교학업성취도":85.5,
            "용적률":241,
            "건폐율":14,
            "Y":37.673727,
            "X":126.809464,
            "rank":78.0,
            "area_info":"23평(79.0), 25평(82.67), 26평(87.7), 26평(88.08), 30평(100.87), 31평(102.72), 31평(103.26), 33평(110.41)",
            "last_sales":"2021-02-10,78880.0,30평(100.87)"
        },
        {
            "index":175,
            "아파트명":"위시티일산2단지자이",
            "투자타입":"일반",
            "전용면적(m2)":"134.66",
            "전용면적(평)":"40평",
            "법정동주소":"경기도 고양시 일산동구 식사동 1498",
            "도로명주소":"경기도 고양시 일산동구 위시티4로 46",
            "세대수":100,
            "입주년차":60,
            "용적률점수":"--",
            "건폐율점수":"--",
            "세대당주차수":80,
            "난방방식":100,
            "공급면적":"--",
            "전용률":"--",
            "욕실수":100,
            "현관타입":100,
            "주거총점":89.0,
            "지역구공급총점":0.0,
            "역세권":0,
            "30분내 이동가능 거점":0,
            "1시간내 이동가능 거점":10,
            "교통총점":2.0,
            "백화점":0,
            "아울렛몰":80,
            "대형마트":0,
            "은행":0,
            "병원":10,
            "종합병원":100,
            "공원":100,
            "혐오시설":0,
            "인프라총점":32.0,
            "초등학군":92.94,
            "중학군":53.22,
            "학군총점":61.164,
            "인구수":35.06,
            "인구증감":3.42,
            "인구총점":25.568,
            "일자리":7.5,
            "소득수준":51.54,
            "일자리총점":20.712,
            "가치 총점":37.2746,
            "매매실거래년":20211220.0,
            "매매실거래가":125000.0,
            "전세실거래년":20211030.0,
            "전세실거래가":65000.0,
            "전세가율":118.18,
            "장기전세가율평균":72.67,
            "전세가율거품지수":-45.51,
            "검색코드":27433,
            "세대수":1975.0,
            "준공년월":"2010-09-24",
            "준공년차":13.0,
            "가까운역이름":"풍산",
            "가까운역거리":2880.5,
            "역세권여부":"비역세권",
            "30분이내주요거점역":0,
            "1시간이내주요거점역":1,
            "3km이내백화점수":0,
            "5km이내아울렛몰수":1,
            "1km이내대형먀트수":0,
            "500m이내은행수":0,
            "500m이내병원수":4,
            "5km이내대형병원수":5,
            "500m이내공원수":5,
            "3km이내혐오시설수":0,
            "초등학교학업성취도":92.94,
            "중학교학업성취도":85.5,
            "용적률":241,
            "건폐율":19,
            "Y":37.682677,
            "X":126.816258,
            "rank":79.0,
            "area_info":"40평(134.66), 45평(149.31), 45평(149.58), 47평(157.73), 49평(165.23), 50평(166.79), 50평(167.26), 50평(167.12), 60평(199.14), 61평(203.21), 75평(249.64), 84평(280.2)",
            "last_sales":"2021-12-20,125000.0,84평(280.2)"
        },
        {
            "index":169,
            "아파트명":"위시티일산1단지자이",
            "투자타입":"일반",
            "전용면적(m2)":"112.89",
            "전용면적(평)":"34평",
            "법정동주소":"경기도 고양시 일산동구 식사동 1487",
            "도로명주소":"경기도 고양시 일산동구 위시티4로 80",
            "세대수":90,
            "입주년차":60,
            "용적률점수":"--",
            "건폐율점수":"--",
            "세대당주차수":80,
            "난방방식":100,
            "공급면적":"--",
            "전용률":"--",
            "욕실수":100,
            "현관타입":100,
            "주거총점":85.5,
            "지역구공급총점":0.0,
            "역세권":0,
            "30분내 이동가능 거점":0,
            "1시간내 이동가능 거점":10,
            "교통총점":2.0,
            "백화점":0,
            "아울렛몰":80,
            "대형마트":0,
            "은행":0,
            "병원":30,
            "종합병원":100,
            "공원":100,
            "혐오시설":0,
            "인프라총점":34.0,
            "초등학군":92.94,
            "중학군":53.22,
            "학군총점":61.164,
            "인구수":35.06,
            "인구증감":3.42,
            "인구총점":25.568,
            "일자리":7.5,
            "소득수준":51.54,
            "일자리총점":20.712,
            "가치 총점":37.1746,
            "매매실거래년":20211224.0,
            "매매실거래가":117000.0,
            "전세실거래년":20211213.0,
            "전세실거래가":36750.0,
            "전세가율":50.0,
            "장기전세가율평균":72.67,
            "전세가율거품지수":22.67,
            "검색코드":27432,
            "세대수":1244.0,
            "준공년월":"2010-08-23",
            "준공년차":13.0,
            "가까운역이름":"풍산",
            "가까운역거리":2565.29,
            "역세권여부":"비역세권",
            "30분이내주요거점역":0,
            "1시간이내주요거점역":1,
            "3km이내백화점수":0,
            "5km이내아울렛몰수":1,
            "1km이내대형먀트수":0,
            "500m이내은행수":0,
            "500m이내병원수":6,
            "5km이내대형병원수":5,
            "500m이내공원수":5,
            "3km이내혐오시설수":0,
            "초등학교학업성취도":92.94,
            "중학교학업성취도":85.5,
            "용적률":241,
            "건폐율":18,
            "Y":37.683488,
            "X":126.811767,
            "rank":80.0,
            "area_info":"34평(112.89), 34평(112.68), 49평(163.47), 49평(163.03), 51평(168.85), 59평(196.27)",
            "last_sales":"2021-12-24,117000.0,59평(196.27)"
        },
        {
            "index":196,
            "아파트명":"위시티휴먼빌",
            "투자타입":"일반",
            "전용면적(m2)":"142.7",
            "전용면적(평)":"43평",
            "법정동주소":"경기도 고양시 일산동구 식사동 1533",
            "도로명주소":"경기도 고양시 일산동구 위시티2로11번길 11",
            "세대수":0,
            "입주년차":80,
            "용적률점수":"--",
            "건폐율점수":"--",
            "세대당주차수":80,
            "난방방식":100,
            "공급면적":"--",
            "전용률":"--",
            "욕실수":100,
            "현관타입":100,
            "주거총점":58.0,
            "지역구공급총점":0.0,
            "역세권":0,
            "30분내 이동가능 거점":0,
            "1시간내 이동가능 거점":20,
            "교통총점":4.0,
            "백화점":0,
            "아울렛몰":80,
            "대형마트":0,
            "은행":20,
            "병원":60,
            "종합병원":100,
            "공원":100,
            "혐오시설":0,
            "인프라총점":39.0,
            "초등학군":100.0,
            "중학군":53.22,
            "학군총점":62.576,
            "인구수":35.06,
            "인구증감":3.42,
            "인구총점":25.568,
            "일자리":7.5,
            "소득수준":51.54,
            "일자리총점":20.712,
            "가치 총점":34.0864,
            "매매실거래년":20201205.0,
            "매매실거래가":59700.0,
            "전세실거래년":20210918.0,
            "전세실거래가":30000.0,
            "전세가율":61.22,
            "장기전세가율평균":72.67,
            "전세가율거품지수":11.45,
            "검색코드":27404,
            "세대수":192.0,
            "준공년월":"2014-08-29",
            "준공년차":9.0,
            "가까운역이름":"풍산",
            "가까운역거리":2292.94,
            "역세권여부":"비역세권",
            "30분이내주요거점역":0,
            "1시간이내주요거점역":2,
            "3km이내백화점수":0,
            "5km이내아울렛몰수":1,
            "1km이내대형먀트수":0,
            "500m이내은행수":2,
            "500m이내병원수":12,
            "5km이내대형병원수":5,
            "500m이내공원수":6,
            "3km이내혐오시설수":0,
            "초등학교학업성취도":100.0,
            "중학교학업성취도":85.5,
            "용적률":349,
            "건폐율":55,
            "Y":37.677619,
            "X":126.81143,
            "rank":81.0,
            "area_info":"43평(142.7), 43평(142.94), 43평(142.29), 43평(144.5), 65평(215.17), 65평(216.95), 71평(237.26), 72평(239.61)",
            "last_sales":"2020-12-05,59700.0,43평(144.5)"
        },
        {
            "index":406,
            "아파트명":"중산8단지대우,삼성",
            "투자타입":"일반",
            "전용면적(m2)":"121.08",
            "전용면적(평)":"36평",
            "법정동주소":"경기도 고양시 일산동구 중산동 1574",
            "도로명주소":"경기도 고양시 일산동구 탄중로 398",
            "세대수":80,
            "입주년차":0,
            "용적률점수":"--",
            "건폐율점수":"--",
            "세대당주차수":60,
            "난방방식":100,
            "공급면적":"--",
            "전용률":"--",
            "욕실수":100,
            "현관타입":100,
            "주거총점":67.0,
            "지역구공급총점":0.0,
            "역세권":0,
            "30분내 이동가능 거점":0,
            "1시간내 이동가능 거점":20,
            "교통총점":4.0,
            "백화점":0,
            "아울렛몰":0,
            "대형마트":0,
            "은행":70,
            "병원":30,
            "종합병원":100,
            "공원":100,
            "혐오시설":0,
            "인프라총점":33.0,
            "초등학군":93.02,
            "중학군":50.78,
            "학군총점":59.228,
            "인구수":35.06,
            "인구증감":3.42,
            "인구총점":25.568,
            "일자리":7.5,
            "소득수준":51.54,
            "일자리총점":20.712,
            "가치 총점":33.5842,
            "매매실거래년":20211204.0,
            "매매실거래가":54900.0,
            "전세실거래년":20211208.0,
            "전세실거래가":39000.0,
            "전세가율":81.25,
            "장기전세가율평균":72.67,
            "전세가율거품지수":-8.58,
            "검색코드":2605,
            "세대수":720.0,
            "준공년월":"1995-03-29",
            "준공년차":28.0,
            "가까운역이름":"일산",
            "가까운역거리":1324.57,
            "역세권여부":"비역세권",
            "30분이내주요거점역":0,
            "1시간이내주요거점역":2,
            "3km이내백화점수":0,
            "5km이내아울렛몰수":0,
            "1km이내대형먀트수":0,
            "500m이내은행수":3,
            "500m이내병원수":5,
            "5km이내대형병원수":5,
            "500m이내공원수":8,
            "3km이내혐오시설수":0,
            "초등학교학업성취도":93.02,
            "중학교학업성취도":83.9,
            "용적률":199,
            "건폐율":22,
            "Y":37.689184,
            "X":126.781926,
            "rank":82.0,
            "area_info":"36평(121.08), 48평(159.82)",
            "last_sales":"2021-12-04,54900.0,48평(159.82)"
        },
        {
            "index":489,
            "아파트명":"은행1단지동문굿모닝힐",
            "투자타입":"일반",
            "전용면적(m2)":"86.64",
            "전용면적(평)":"26평",
            "법정동주소":"경기도 고양시 일산동구 풍동 174",
            "도로명주소":"경기도 고양시 일산동구 은행마을로 16",
            "세대수":90,
            "입주년차":20,
            "용적률점수":"--",
            "건폐율점수":"--",
            "세대당주차수":30,
            "난방방식":100,
            "공급면적":"--",
            "전용률":"--",
            "욕실수":100,
            "현관타입":100,
            "주거총점":70.0,
            "지역구공급총점":0.0,
            "역세권":0,
            "30분내 이동가능 거점":0,
            "1시간내 이동가능 거점":20,
            "교통총점":4.0,
            "백화점":0,
            "아울렛몰":80,
            "대형마트":0,
            "은행":0,
            "병원":10,
            "종합병원":100,
            "공원":100,
            "혐오시설":0,
            "인프라총점":32.0,
            "초등학군":83.24,
            "중학군":49.66,
            "학군총점":56.376,
            "인구수":35.06,
            "인구증감":3.42,
            "인구총점":25.568,
            "일자리":7.5,
            "소득수준":51.54,
            "일자리총점":20.712,
            "가치 총점":33.4564,
            "매매실거래년":20211209.0,
            "매매실거래가":46500.0,
            "전세실거래년":20211025.0,
            "전세실거래가":30000.0,
            "전세가율":85.71,
            "장기전세가율평균":72.67,
            "전세가율거품지수":-13.04,
            "검색코드":9350,
            "세대수":964.0,
            "준공년월":"2002-10-25",
            "준공년차":21.0,
            "가까운역이름":"백마",
            "가까운역거리":1276.02,
            "역세권여부":"비역세권",
            "30분이내주요거점역":0,
            "1시간이내주요거점역":2,
            "3km이내백화점수":0,
            "5km이내아울렛몰수":1,
            "1km이내대형먀트수":0,
            "500m이내은행수":1,
            "500m이내병원수":4,
            "5km이내대형병원수":6,
            "500m이내공원수":3,
            "3km이내혐오시설수":0,
            "초등학교학업성취도":83.24,
            "중학교학업성취도":80.5,
            "용적률":199,
            "건폐율":11,
            "Y":37.66563,
            "X":126.80555,
            "rank":83.0,
            "area_info":"26평(86.64), 30평(99.99), 34평(113.14)",
            "last_sales":"2021-12-09,46500.0,34평(113.14)"
        },
        {
            "index":208,
            "아파트명":"일산위시티자이",
            "투자타입":"일반",
            "전용면적(m2)":"139.45",
            "전용면적(평)":"42평",
            "법정동주소":"경기도 고양시 일산동구 식사동 1529",
            "도로명주소":"경기도 고양시 일산동구 위시티2로11번길 45",
            "세대수":0,
            "입주년차":60,
            "용적률점수":"--",
            "건폐율점수":"--",
            "세대당주차수":100,
            "난방방식":100,
            "공급면적":"--",
            "전용률":"--",
            "욕실수":100,
            "현관타입":100,
            "주거총점":57.0,
            "지역구공급총점":0.0,
            "역세권":0,
            "30분내 이동가능 거점":0,
            "1시간내 이동가능 거점":20,
            "교통총점":4.0,
            "백화점":0,
            "아울렛몰":80,
            "대형마트":0,
            "은행":0,
            "병원":60,
            "종합병원":100,
            "공원":100,
            "혐오시설":0,
            "인프라총점":37.0,
            "초등학군":100.0,
            "중학군":53.22,
            "학군총점":62.576,
            "인구수":35.06,
            "인구증감":3.42,
            "인구총점":25.568,
            "일자리":7.5,
            "소득수준":51.54,
            "일자리총점":20.712,
            "가치 총점":33.2864,
            "매매실거래년":20211119.0,
            "매매실거래가":95000.0,
            "전세실거래년":20211215.0,
            "전세실거래가":30000.0,
            "전세가율":46.15,
            "장기전세가율평균":72.67,
            "전세가율거품지수":26.52,
            "검색코드":27434,
            "세대수":176.0,
            "준공년월":"2010-09-20",
            "준공년차":13.0,
            "가까운역이름":"풍산",
            "가까운역거리":2400.72,
            "역세권여부":"비역세권",
            "30분이내주요거점역":0,
            "1시간이내주요거점역":2,
            "3km이내백화점수":0,
            "5km이내아울렛몰수":1,
            "1km이내대형먀트수":0,
            "500m이내은행수":1,
            "500m이내병원수":12,
            "5km이내대형병원수":5,
            "500m이내공원수":4,
            "3km이내혐오시설수":0,
            "초등학교학업성취도":100.0,
            "중학교학업성취도":85.5,
            "용적률":399,
            "건폐율":54,
            "Y":37.678682,
            "X":126.81232,
            "rank":84.0,
            "area_info":"42평(139.45), 42평(141.14), 51평(170.82), 51평(171.53), 85평(284.15), 87평(287.62), 90평(299.82), 91평(303.29)",
            "last_sales":"2021-11-19,95000.0,51평(171.53)"
        },
        {
            "index":478,
            "아파트명":"숲속9단지성원상떼빌",
            "투자타입":"일반",
            "전용면적(m2)":"129.45",
            "전용면적(평)":"39평",
            "법정동주소":"경기도 고양시 일산동구 풍동 1252",
            "도로명주소":"경기도 고양시 일산동구 숲속마을로 195",
            "세대수":50,
            "입주년차":40,
            "용적률점수":"--",
            "건폐율점수":"--",
            "세대당주차수":60,
            "난방방식":100,
            "공급면적":"--",
            "전용률":"--",
            "욕실수":100,
            "현관타입":100,
            "주거총점":64.5,
            "지역구공급총점":0.0,
            "역세권":0,
            "30분내 이동가능 거점":0,
            "1시간내 이동가능 거점":20,
            "교통총점":4.0,
            "백화점":0,
            "아울렛몰":80,
            "대형마트":0,
            "은행":0,
            "병원":0,
            "종합병원":100,
            "공원":100,
            "혐오시설":0,
            "인프라총점":31.0,
            "초등학군":90.71,
            "중학군":52.3,
            "학군총점":59.982,
            "인구수":35.06,
            "인구증감":3.42,
            "인구총점":25.568,
            "일자리":7.5,
            "소득수준":51.54,
            "일자리총점":20.712,
            "가치 총점":32.5973,
            "매매실거래년":20210927.0,
            "매매실거래가":64500.0,
            "전세실거래년":20211122.0,
            "전세실거래가":32550.0,
            "전세가율":50.47,
            "장기전세가율평균":72.67,
            "전세가율거품지수":22.2,
            "검색코드":19194,
            "세대수":469.0,
            "준공년월":"2006-12-08",
            "준공년차":17.0,
            "가까운역이름":"풍산",
            "가까운역거리":1487.79,
            "역세권여부":"비역세권",
            "30분이내주요거점역":0,
            "1시간이내주요거점역":2,
            "3km이내백화점수":0,
            "5km이내아울렛몰수":1,
            "1km이내대형먀트수":0,
            "500m이내은행수":1,
            "500m이내병원수":1,
            "5km이내대형병원수":6,
            "500m이내공원수":6,
            "3km이내혐오시설수":0,
            "초등학교학업성취도":90.71,
            "중학교학업성취도":84.9,
            "용적률":218,
            "건폐율":16,
            "Y":37.67321,
            "X":126.803112,
            "rank":85.0,
            "area_info":"39평(129.45), 46평(152.95), 54평(178.73), 54평(180.02)",
            "last_sales":"2021-09-27,64500.0,39평(129.45)"
        },
        {
            "index":142,
            "아파트명":"식사지엘타운(도시형)",
            "투자타입":"일반",
            "전용면적(m2)":"96.11",
            "전용면적(평)":"29평",
            "법정동주소":"경기도 고양시 일산동구 식사동 1519",
            "도로명주소":"경기도 고양시 일산동구 위시티로 71-33",
            "세대수":0,
            "입주년차":100,
            "용적률점수":"--",
            "건폐율점수":"--",
            "세대당주차수":30,
            "난방방식":30,
            "공급면적":"--",
            "전용률":"--",
            "욕실수":100,
            "현관타입":100,
            "주거총점":47.5,
            "지역구공급총점":0.0,
            "역세권":0,
            "30분내 이동가능 거점":0,
            "1시간내 이동가능 거점":20,
            "교통총점":4.0,
            "백화점":0,
            "아울렛몰":80,
            "대형마트":0,
            "은행":20,
            "병원":60,
            "종합병원":100,
            "공원":100,
            "혐오시설":0,
            "인프라총점":39.0,
            "초등학군":100.0,
            "중학군":53.22,
            "학군총점":62.576,
            "인구수":35.06,
            "인구증감":3.42,
            "인구총점":25.568,
            "일자리":7.5,
            "소득수준":51.54,
            "일자리총점":20.712,
            "가치 총점":31.9864,
            "매매실거래년":"18000101",
            "매매실거래가":null,
            "전세실거래년":null,
            "전세실거래가":null,
            "전세가율":null,
            "장기전세가율평균":72.67,
            "전세가율거품지수":null,
            "검색코드":124259,
            "세대수":100.0,
            "준공년월":"2019-02-01",
            "준공년차":4.0,
            "가까운역이름":"풍산",
            "가까운역거리":2210.21,
            "역세권여부":"비역세권",
            "30분이내주요거점역":0,
            "1시간이내주요거점역":2,
            "3km이내백화점수":0,
            "5km이내아울렛몰수":1,
            "1km이내대형먀트수":0,
            "500m이내은행수":2,
            "500m이내병원수":12,
            "5km이내대형병원수":5,
            "500m이내공원수":3,
            "3km이내혐오시설수":0,
            "초등학교학업성취도":100.0,
            "중학교학업성취도":85.5,
            "용적률":0,
            "건폐율":0,
            "Y":37.678671,
            "X":126.810051,
            "rank":86.0,
            "area_info":"29평(96.11), 29평(96.09), 31평(104.65), 31평(105.4), 31평(105.4), 32평(106.3), 32평(106.3), 35평(116.09), 35평(117.81)",
            "last_sales":"1800-01-01,nan,29평(96.11)"
        },
        {
            "index":206,
            "아파트명":"은행3단지SK뷰",
            "투자타입":"일반",
            "전용면적(m2)":"107.85",
            "전용면적(평)":"32평",
            "법정동주소":"경기도 고양시 일산동구 식사동 1474",
            "도로명주소":"경기도 고양시 일산동구 은행마을로 100",
            "세대수":50,
            "입주년차":20,
            "용적률점수":"--",
            "건폐율점수":"--",
            "세대당주차수":30,
            "난방방식":100,
            "공급면적":"--",
            "전용률":"--",
            "욕실수":100,
            "현관타입":100,
            "주거총점":56.0,
            "지역구공급총점":0.0,
            "역세권":0,
            "30분내 이동가능 거점":0,
            "1시간내 이동가능 거점":30,
            "교통총점":6.0,
            "백화점":0,
            "아울렛몰":80,
            "대형마트":0,
            "은행":0,
            "병원":0,
            "종합병원":100,
            "공원":100,
            "혐오시설":0,
            "인프라총점":31.0,
            "초등학군":83.24,
            "중학군":52.3,
            "학군총점":58.488,
            "인구수":35.06,
            "인구증감":3.42,
            "인구총점":25.568,
            "일자리":7.5,
            "소득수준":51.54,
            "일자리총점":20.712,
            "가치 총점":31.3732,
            "매매실거래년":20211015.0,
            "매매실거래가":65000.0,
            "전세실거래년":20220106.0,
            "전세실거래가":29400.0,
            "전세가율":48.2,
            "장기전세가율평균":72.67,
            "전세가율거품지수":24.47,
            "검색코드":8829,
            "세대수":539.0,
            "준공년월":"2003-08-28",
            "준공년차":20.0,
            "가까운역이름":"백마",
            "가까운역거리":1796.41,
            "역세권여부":"비역세권",
            "30분이내주요거점역":0,
            "1시간이내주요거점역":3,
            "3km이내백화점수":0,
            "5km이내아울렛몰수":1,
            "1km이내대형먀트수":0,
            "500m이내은행수":0,
            "500m이내병원수":1,
            "5km이내대형병원수":5,
            "500m이내공원수":3,
            "3km이내혐오시설수":0,
            "초등학교학업성취도":83.24,
            "중학교학업성취도":84.9,
            "용적률":199,
            "건폐율":16,
            "Y":37.670633,
            "X":126.807552,
            "rank":87.0,
            "area_info":"32평(107.85), 45평(150.78)",
            "last_sales":"2021-10-15,65000.0,45평(150.78)"
        },
        {
            "index":204,
            "아파트명":"은행2단지동문굿모닝힐",
            "투자타입":"일반",
            "전용면적(m2)":"110.59",
            "전용면적(평)":"33평",
            "법정동주소":"경기도 고양시 일산동구 식사동 910",
            "도로명주소":"경기도 고양시 일산동구 은행마을로 62",
            "세대수":50,
            "입주년차":20,
            "용적률점수":"--",
            "건폐율점수":"--",
            "세대당주차수":30,
            "난방방식":100,
            "공급면적":"--",
            "전용률":"--",
            "욕실수":100,
            "현관타입":100,
            "주거총점":56.0,
            "지역구공급총점":0.0,
            "역세권":0,
            "30분내 이동가능 거점":0,
            "1시간내 이동가능 거점":30,
            "교통총점":6.0,
            "백화점":0,
            "아울렛몰":80,
            "대형마트":0,
            "은행":0,
            "병원":0,
            "종합병원":100,
            "공원":80,
            "혐오시설":0,
            "인프라총점":30.4,
            "초등학군":83.24,
            "중학군":52.3,
            "학군총점":58.488,
            "인구수":35.06,
            "인구증감":3.42,
            "인구총점":25.568,
            "일자리":7.5,
            "소득수준":51.54,
            "일자리총점":20.712,
            "가치 총점":31.1932,
            "매매실거래년":20211228.0,
            "매매실거래가":47500.0,
            "전세실거래년":20220117.0,
            "전세실거래가":22000.0,
            "전세가율":46.32,
            "장기전세가율평균":72.67,
            "전세가율거품지수":26.35,
            "검색코드":8891,
            "세대수":533.0,
            "준공년월":"2002-05-30",
            "준공년차":21.0,
            "가까운역이름":"백마",
            "가까운역거리":1538.34,
            "역세권여부":"비역세권",
            "30분이내주요거점역":0,
            "1시간이내주요거점역":3,
            "3km이내백화점수":0,
            "5km이내아울렛몰수":1,
            "1km이내대형먀트수":0,
            "500m이내은행수":0,
            "500m이내병원수":1,
            "5km이내대형병원수":6,
            "500m이내공원수":1,
            "3km이내혐오시설수":0,
            "초등학교학업성취도":83.24,
            "중학교학업성취도":84.9,
            "용적률":199,
            "건폐율":17,
            "Y":37.66826,
            "X":126.80651,
            "rank":88.0,
            "area_info":"33평(110.59), 48평(160.3)",
            "last_sales":"2021-12-28,47500.0,33평(110.59)"
        },
        {
            "index":388,
            "아파트명":"중산12단지현대",
            "투자타입":"일반",
            "전용면적(m2)":"155.34",
            "전용면적(평)":"46평",
            "법정동주소":"경기도 고양시 일산동구 중산동 1576",
            "도로명주소":"경기도 고양시 일산동구 탄중로 403",
            "세대수":0,
            "입주년차":0,
            "용적률점수":"--",
            "건폐율점수":"--",
            "세대당주차수":60,
            "난방방식":100,
            "공급면적":"--",
            "전용률":"--",
            "욕실수":100,
            "현관타입":100,
            "주거총점":39.0,
            "지역구공급총점":0.0,
            "역세권":0,
            "30분내 이동가능 거점":0,
            "1시간내 이동가능 거점":20,
            "교통총점":4.0,
            "백화점":0,
            "아울렛몰":80,
            "대형마트":0,
            "은행":70,
            "병원":60,
            "종합병원":100,
            "공원":100,
            "혐오시설":0,
            "인프라총점":44.0,
            "초등학군":85.53,
            "중학군":50.78,
            "학군총점":57.73,
            "인구수":35.06,
            "인구증감":3.42,
            "인구총점":25.568,
            "일자리":7.5,
            "소득수준":51.54,
            "일자리총점":20.712,
            "가치 총점":31.0595,
            "매매실거래년":20211209.0,
            "매매실거래가":54200.0,
            "전세실거래년":20210402.0,
            "전세실거래가":30450.0,
            "전세가율":56.18,
            "장기전세가율평균":72.67,
            "전세가율거품지수":16.49,
            "검색코드":8644,
            "세대수":110.0,
            "준공년월":"1996-05-27",
            "준공년차":27.0,
            "가까운역이름":"일산",
            "가까운역거리":1179.97,
            "역세권여부":"비역세권",
            "30분이내주요거점역":0,
            "1시간이내주요거점역":2,
            "3km이내백화점수":0,
            "5km이내아울렛몰수":1,
            "1km이내대형먀트수":0,
            "500m이내은행수":4,
            "500m이내병원수":11,
            "5km이내대형병원수":5,
            "500m이내공원수":7,
            "3km이내혐오시설수":0,
            "초등학교학업성취도":85.53,
            "중학교학업성취도":83.9,
            "용적률":159,
            "건폐율":20,
            "Y":37.687207,
            "X":126.781584,
            "rank":89.0,
            "area_info":"46평(155.34), 60평(200.62)",
            "last_sales":"2021-12-09,54200.0,46평(155.34)"
        },
        {
            "index":408,
            "아파트명":"중산9단지두산,한성",
            "투자타입":"일반",
            "전용면적(m2)":"123.71",
            "전용면적(평)":"37평",
            "법정동주소":"경기도 고양시 일산동구 중산동 1566-2",
            "도로명주소":"경기도 고양시 일산동구 탄중로 416",
            "세대수":50,
            "입주년차":0,
            "용적률점수":"--",
            "건폐율점수":"--",
            "세대당주차수":60,
            "난방방식":100,
            "공급면적":"--",
            "전용률":"--",
            "욕실수":100,
            "현관타입":100,
            "주거총점":56.5,
            "지역구공급총점":0.0,
            "역세권":0,
            "30분내 이동가능 거점":0,
            "1시간내 이동가능 거점":20,
            "교통총점":4.0,
            "백화점":0,
            "아울렛몰":0,
            "대형마트":0,
            "은행":20,
            "병원":60,
            "종합병원":100,
            "공원":100,
            "혐오시설":0,
            "인프라총점":31.0,
            "초등학군":93.02,
            "중학군":50.78,
            "학군총점":59.228,
            "인구수":35.06,
            "인구증감":3.42,
            "인구총점":25.568,
            "일자리":7.5,
            "소득수준":51.54,
            "일자리총점":20.712,
            "가치 총점":30.8842,
            "매매실거래년":20211124.0,
            "매매실거래가":44800.0,
            "전세실거래년":20220103.0,
            "전세실거래가":35000.0,
            "전세가율":78.12,
            "장기전세가율평균":72.67,
            "전세가율거품지수":-5.45,
            "검색코드":2963,
            "세대수":480.0,
            "준공년월":"1996-01-30",
            "준공년차":27.0,
            "가까운역이름":"일산",
            "가까운역거리":1175.36,
            "역세권여부":"비역세권",
            "30분이내주요거점역":0,
            "1시간이내주요거점역":2,
            "3km이내백화점수":0,
            "5km이내아울렛몰수":0,
            "1km이내대형먀트수":0,
            "500m이내은행수":2,
            "500m이내병원수":15,
            "5km이내대형병원수":5,
            "500m이내공원수":7,
            "3km이내혐오시설수":0,
            "초등학교학업성취도":93.02,
            "중학교학업성취도":83.9,
            "용적률":199,
            "건폐율":22,
            "Y":37.68917,
            "X":126.779749,
            "rank":90.0,
            "area_info":"37평(123.71), 48평(158.9)",
            "last_sales":"2021-11-24,44800.0,37평(123.71)"
        },
        {
            "index":382,
            "아파트명":"중산10단지경남동신",
            "투자타입":"일반",
            "전용면적(m2)":"93.14",
            "전용면적(평)":"28평",
            "법정동주소":"경기도 고양시 일산동구 중산동 1566",
            "도로명주소":"경기도 고양시 일산동구 탄중로 430",
            "세대수":50,
            "입주년차":0,
            "용적률점수":"--",
            "건폐율점수":"--",
            "세대당주차수":30,
            "난방방식":100,
            "공급면적":"--",
            "전용률":"--",
            "욕실수":50,
            "현관타입":100,
            "주거총점":47.0,
            "지역구공급총점":0.0,
            "역세권":0,
            "30분내 이동가능 거점":0,
            "1시간내 이동가능 거점":20,
            "교통총점":4.0,
            "백화점":0,
            "아울렛몰":0,
            "대형마트":0,
            "은행":70,
            "병원":60,
            "종합병원":100,
            "공원":100,
            "혐오시설":0,
            "인프라총점":36.0,
            "초등학군":93.02,
            "중학군":42.64,
            "학군총점":52.716,
            "인구수":35.06,
            "인구증감":3.42,
            "인구총점":25.568,
            "일자리":7.5,
            "소득수준":51.54,
            "일자리총점":20.712,
            "가치 총점":29.5074,
            "매매실거래년":20210913.0,
            "매매실거래가":40000.0,
            "전세실거래년":20220114.0,
            "전세실거래가":21000.0,
            "전세가율":59.15,
            "장기전세가율평균":72.67,
            "전세가율거품지수":13.52,
            "검색코드":2604,
            "세대수":608.0,
            "준공년월":"1995-03-27",
            "준공년차":28.0,
            "가까운역이름":"일산",
            "가까운역거리":1051.04,
            "역세권여부":"비역세권",
            "30분이내주요거점역":0,
            "1시간이내주요거점역":2,
            "3km이내백화점수":0,
            "5km이내아울렛몰수":0,
            "1km이내대형먀트수":0,
            "500m이내은행수":3,
            "500m이내병원수":13,
            "5km이내대형병원수":5,
            "500m이내공원수":6,
            "3km이내혐오시설수":0,
            "초등학교학업성취도":93.02,
            "중학교학업성취도":70.0,
            "용적률":159,
            "건폐율":19,
            "Y":37.688723,
            "X":126.778339,
            "rank":91.0,
            "area_info":"28평(93.14), 28평(93.14), 31평(104.94), 31평(104.94)",
            "last_sales":"2021-09-13,40000.0,31평(104.94)"
        },
        {
            "index":404,
            "아파트명":"중산7단지코오롱",
            "투자타입":"일반",
            "전용면적(m2)":"123.89",
            "전용면적(평)":"37평",
            "법정동주소":"경기도 고양시 일산동구 중산동 1573-7",
            "도로명주소":"경기도 고양시 일산동구 중산로 206",
            "세대수":30,
            "입주년차":0,
            "용적률점수":"--",
            "건폐율점수":"--",
            "세대당주차수":60,
            "난방방식":100,
            "공급면적":"--",
            "전용률":"--",
            "욕실수":100,
            "현관타입":100,
            "주거총점":49.5,
            "지역구공급총점":0.0,
            "역세권":0,
            "30분내 이동가능 거점":0,
            "1시간내 이동가능 거점":10,
            "교통총점":2.0,
            "백화점":0,
            "아울렛몰":0,
            "대형마트":0,
            "은행":20,
            "병원":30,
            "종합병원":100,
            "공원":100,
            "혐오시설":0,
            "인프라총점":28.0,
            "초등학군":93.02,
            "중학군":50.78,
            "학군총점":59.228,
            "인구수":35.06,
            "인구증감":3.42,
            "인구총점":25.568,
            "일자리":7.5,
            "소득수준":51.54,
            "일자리총점":20.712,
            "가치 총점":27.8842,
            "매매실거래년":20220105.0,
            "매매실거래가":50000.0,
            "전세실거래년":20211016.0,
            "전세실거래가":40000.0,
            "전세가율":86.96,
            "장기전세가율평균":72.67,
            "전세가율거품지수":-14.29,
            "검색코드":8779,
            "세대수":336.0,
            "준공년월":"1995-03-29",
            "준공년차":28.0,
            "가까운역이름":"일산",
            "가까운역거리":1427.34,
            "역세권여부":"비역세권",
            "30분이내주요거점역":0,
            "1시간이내주요거점역":1,
            "3km이내백화점수":0,
            "5km이내아울렛몰수":0,
            "1km이내대형먀트수":0,
            "500m이내은행수":2,
            "500m이내병원수":7,
            "5km이내대형병원수":4,
            "500m이내공원수":8,
            "3km이내혐오시설수":0,
            "초등학교학업성취도":93.02,
            "중학교학업성취도":83.9,
            "용적률":201,
            "건폐율":23,
            "Y":37.690902,
            "X":126.781625,
            "rank":92.0,
            "area_info":"37평(123.89), 48평(159.84)",
            "last_sales":"2022-01-05,50000.0,48평(159.84)"
        },
        {
            "index":386,
            "아파트명":"중산11단지현대",
            "투자타입":"일반",
            "전용면적(m2)":"93.03",
            "전용면적(평)":"28평",
            "법정동주소":"경기도 고양시 일산동구 중산동 1575-4",
            "도로명주소":"경기도 고양시 일산동구 탄중로 385",
            "세대수":50,
            "입주년차":0,
            "용적률점수":"--",
            "건폐율점수":"--",
            "세대당주차수":0,
            "난방방식":100,
            "공급면적":"--",
            "전용률":"--",
            "욕실수":50,
            "현관타입":100,
            "주거총점":42.5,
            "지역구공급총점":0.0,
            "역세권":0,
            "30분내 이동가능 거점":0,
            "1시간내 이동가능 거점":20,
            "교통총점":4.0,
            "백화점":0,
            "아울렛몰":0,
            "대형마트":0,
            "은행":70,
            "병원":0,
            "종합병원":100,
            "공원":100,
            "혐오시설":0,
            "인프라총점":30.0,
            "초등학군":93.02,
            "중학군":50.78,
            "학군총점":59.228,
            "인구수":35.06,
            "인구증감":3.42,
            "인구총점":25.568,
            "일자리":7.5,
            "소득수준":51.54,
            "일자리총점":20.712,
            "가치 총점":27.7842,
            "매매실거래년":20211025.0,
            "매매실거래가":40000.0,
            "전세실거래년":20210904.0,
            "전세실거래가":18900.0,
            "전세가율":47.25,
            "장기전세가율평균":72.67,
            "전세가율거품지수":25.42,
            "검색코드":8643,
            "세대수":428.0,
            "준공년월":"1995-12-30",
            "준공년차":28.0,
            "가까운역이름":"일산",
            "가까운역거리":1416.21,
            "역세권여부":"비역세권",
            "30분이내주요거점역":0,
            "1시간이내주요거점역":2,
            "3km이내백화점수":0,
            "5km이내아울렛몰수":0,
            "1km이내대형먀트수":0,
            "500m이내은행수":3,
            "500m이내병원수":1,
            "5km이내대형병원수":5,
            "500m이내공원수":8,
            "3km이내혐오시설수":0,
            "초등학교학업성취도":93.02,
            "중학교학업성취도":83.9,
            "용적률":204,
            "건폐율":23,
            "Y":37.68875,
            "X":126.783554,
            "rank":93.0,
            "area_info":"28평(93.03), 32평(106.08)",
            "last_sales":"2021-10-25,40000.0,28평(93.03)"
        },
        {
            "index":139,
            "아파트명":"현대그린",
            "투자타입":"재건축",
            "전용면적(m2)":"52.7",
            "전용면적(평)":"15평",
            "법정동주소":"경기도 고양시 일산동구 사리현동 466-1",
            "도로명주소":"경기도 고양시 일산동구 성현로 508",
            "세대수":30,
            "입주년차":"--",
            "용적률점수":100,
            "건폐율점수":80,
            "세대당주차수":"--",
            "난방방식":"--",
            "공급면적":50,
            "전용률":60,
            "욕실수":"--",
            "현관타입":"--",
            "주거총점":70.5,
            "지역구공급총점":0.0,
            "역세권":0,
            "30분내 이동가능 거점":0,
            "1시간내 이동가능 거점":0,
            "교통총점":0.0,
            "백화점":0,
            "아울렛몰":0,
            "대형마트":0,
            "은행":0,
            "병원":0,
            "종합병원":80,
            "공원":0,
            "혐오시설":0,
            "인프라총점":16.0,
            "초등학군":87.52,
            "중학군":44.52,
            "학군총점":53.12,
            "인구수":35.06,
            "인구증감":3.42,
            "인구총점":25.568,
            "일자리":7.5,
            "소득수준":51.54,
            "일자리총점":20.712,
            "가치 총점":26.868,
            "매매실거래년":20211229.0,
            "매매실거래가":6750.0,
            "전세실거래년":20220117.0,
            "전세실거래가":6000.0,
            "전세가율":88.89,
            "장기전세가율평균":72.67,
            "전세가율거품지수":-16.22,
            "검색코드":13183,
            "세대수":380.0,
            "준공년월":"1989-07-07",
            "준공년차":34.0,
            "가까운역이름":"원당",
            "가까운역거리":4824.51,
            "역세권여부":"비역세권",
            "30분이내주요거점역":0,
            "1시간이내주요거점역":0,
            "3km이내백화점수":0,
            "5km이내아울렛몰수":0,
            "1km이내대형먀트수":0,
            "500m이내은행수":0,
            "500m이내병원수":0,
            "5km이내대형병원수":1,
            "500m이내공원수":0,
            "3km이내혐오시설수":0,
            "초등학교학업성취도":87.52,
            "중학교학업성취도":69.6,
            "용적률":127,
            "건폐율":27,
            "Y":37.69656,
            "X":126.83846,
            "rank":94.0,
            "area_info":"15평(52.7)",
            "last_sales":"2021-12-29,6750.0,15평(52.7)"
        },
        {
            "index":390,
            "아파트명":"중산1단지두산",
            "투자타입":"일반",
            "전용면적(m2)":"51.86",
            "전용면적(평)":"15평",
            "법정동주소":"경기도 고양시 일산동구 중산동 1555",
            "도로명주소":"경기도 고양시 일산동구 고봉로 424",
            "세대수":80,
            "입주년차":0,
            "용적률점수":"--",
            "건폐율점수":"--",
            "세대당주차수":0,
            "난방방식":100,
            "공급면적":"--",
            "전용률":"--",
            "욕실수":50,
            "현관타입":50,
            "주거총점":48.0,
            "지역구공급총점":0.0,
            "역세권":0,
            "30분내 이동가능 거점":0,
            "1시간내 이동가능 거점":10,
            "교통총점":2.0,
            "백화점":0,
            "아울렛몰":0,
            "대형마트":0,
            "은행":0,
            "병원":30,
            "종합병원":100,
            "공원":100,
            "혐오시설":0,
            "인프라총점":26.0,
            "초등학군":82.93,
            "중학군":50.78,
            "학군총점":57.21,
            "인구수":35.06,
            "인구증감":3.42,
            "인구총점":25.568,
            "일자리":7.5,
            "소득수준":51.54,
            "일자리총점":20.712,
            "가치 총점":26.6815,
            "매매실거래년":20220105.0,
            "매매실거래가":21250.0,
            "전세실거래년":20220113.0,
            "전세실거래가":17000.0,
            "전세가율":80.0,
            "장기전세가율평균":72.67,
            "전세가율거품지수":-7.33,
            "검색코드":2959,
            "세대수":888.0,
            "준공년월":"1995-10-30",
            "준공년차":28.0,
            "가까운역이름":"탄현",
            "가까운역거리":1756.53,
            "역세권여부":"비역세권",
            "30분이내주요거점역":0,
            "1시간이내주요거점역":1,
            "3km이내백화점수":0,
            "5km이내아울렛몰수":0,
            "1km이내대형먀트수":0,
            "500m이내은행수":0,
            "500m이내병원수":5,
            "5km이내대형병원수":4,
            "500m이내공원수":5,
            "3km이내혐오시설수":0,
            "초등학교학업성취도":82.93,
            "중학교학업성취도":83.9,
            "용적률":129,
            "건폐율":15,
            "Y":37.697441,
            "X":126.780577,
            "rank":95.0,
            "area_info":"15평(51.86), 23평(78.42)",
            "last_sales":"2022-01-05,21250.0,15평(51.86)"
        },
        {
            "index":392,
            "아파트명":"중산2단지코오롱",
            "투자타입":"일반",
            "전용면적(m2)":"66.34",
            "전용면적(평)":"20평",
            "법정동주소":"경기도 고양시 일산동구 중산동 1556",
            "도로명주소":"경기도 고양시 일산동구 고봉로 422",
            "세대수":90,
            "입주년차":0,
            "용적률점수":"--",
            "건폐율점수":"--",
            "세대당주차수":0,
            "난방방식":100,
            "공급면적":"--",
            "전용률":"--",
            "욕실수":50,
            "현관타입":10,
            "주거총점":47.5,
            "지역구공급총점":0.0,
            "역세권":0,
            "30분내 이동가능 거점":0,
            "1시간내 이동가능 거점":10,
            "교통총점":2.0,
            "백화점":0,
            "아울렛몰":0,
            "대형마트":0,
            "은행":0,
            "병원":30,
            "종합병원":100,
            "공원":100,
            "혐오시설":0,
            "인프라총점":26.0,
            "초등학군":82.93,
            "중학군":50.78,
            "학군총점":57.21,
            "인구수":35.06,
            "인구증감":3.42,
            "인구총점":25.568,
            "일자리":7.5,
            "소득수준":51.54,
            "일자리총점":20.712,
            "가치 총점":26.5815,
            "매매실거래년":20220111.0,
            "매매실거래가":29800.0,
            "전세실거래년":20220115.0,
            "전세실거래가":22000.0,
            "전세가율":73.83,
            "장기전세가율평균":72.67,
            "전세가율거품지수":-1.16,
            "검색코드":2566,
            "세대수":978.0,
            "준공년월":"1995-10-30",
            "준공년차":28.0,
            "가까운역이름":"탄현",
            "가까운역거리":1654.51,
            "역세권여부":"비역세권",
            "30분이내주요거점역":0,
            "1시간이내주요거점역":1,
            "3km이내백화점수":0,
            "5km이내아울렛몰수":0,
            "1km이내대형먀트수":0,
            "500m이내은행수":0,
            "500m이내병원수":6,
            "5km이내대형병원수":4,
            "500m이내공원수":9,
            "3km이내혐오시설수":0,
            "초등학교학업성취도":82.93,
            "중학교학업성취도":83.9,
            "용적률":119,
            "건폐율":14,
            "Y":37.695541,
            "X":126.779792,
            "rank":96.0,
            "area_info":"20평(66.34), 20평(66.62), 23평(78.37)",
            "last_sales":"2022-01-11,29800.0,20평(66.34)"
        },
        {
            "index":397,
            "아파트명":"중산5단지동부,건영",
            "투자타입":"일반",
            "전용면적(m2)":"72.24",
            "전용면적(평)":"21평",
            "법정동주소":"경기도 고양시 일산동구 중산동 1575",
            "도로명주소":"경기도 고양시 일산동구 탄중로 343",
            "세대수":50,
            "입주년차":0,
            "용적률점수":"--",
            "건폐율점수":"--",
            "세대당주차수":0,
            "난방방식":100,
            "공급면적":"--",
            "전용률":"--",
            "욕실수":50,
            "현관타입":100,
            "주거총점":42.5,
            "지역구공급총점":0.0,
            "역세권":0,
            "30분내 이동가능 거점":0,
            "1시간내 이동가능 거점":10,
            "교통총점":2.0,
            "백화점":0,
            "아울렛몰":0,
            "대형마트":0,
            "은행":0,
            "병원":30,
            "종합병원":100,
            "공원":100,
            "혐오시설":0,
            "인프라총점":26.0,
            "초등학군":93.02,
            "중학군":50.78,
            "학군총점":59.228,
            "인구수":35.06,
            "인구증감":3.42,
            "인구총점":25.568,
            "일자리":7.5,
            "소득수준":51.54,
            "일자리총점":20.712,
            "가치 총점":25.8842,
            "매매실거래년":20211213.0,
            "매매실거래가":31800.0,
            "전세실거래년":20211206.0,
            "전세실거래가":16000.0,
            "전세가율":52.46,
            "장기전세가율평균":72.67,
            "전세가율거품지수":20.21,
            "검색코드":13812,
            "세대수":540.0,
            "준공년월":"1995-12-29",
            "준공년차":28.0,
            "가까운역이름":"일산",
            "가까운역거리":1740.36,
            "역세권여부":"비역세권",
            "30분이내주요거점역":0,
            "1시간이내주요거점역":1,
            "3km이내백화점수":0,
            "5km이내아울렛몰수":0,
            "1km이내대형먀트수":0,
            "500m이내은행수":0,
            "500m이내병원수":6,
            "5km이내대형병원수":4,
            "500m이내공원수":6,
            "3km이내혐오시설수":0,
            "초등학교학업성취도":93.02,
            "중학교학업성취도":83.9,
            "용적률":79,
            "건폐율":23,
            "Y":37.69291,
            "X":126.784121,
            "rank":97.0,
            "area_info":"21평(72.24), 21평(72.31), 21평(72.26), 21평(72.32)",
            "last_sales":"2021-12-13,31800.0,21평(72.31)"
        },
        {
            "index":395,
            "아파트명":"중산3단지일신",
            "투자타입":"일반",
            "전용면적(m2)":"78.61",
            "전용면적(평)":"23평",
            "법정동주소":"경기도 고양시 일산동구 중산동 1554-2",
            "도로명주소":"경기도 고양시 일산동구 중산로 260",
            "세대수":50,
            "입주년차":0,
            "용적률점수":"--",
            "건폐율점수":"--",
            "세대당주차수":0,
            "난방방식":100,
            "공급면적":"--",
            "전용률":"--",
            "욕실수":50,
            "현관타입":100,
            "주거총점":42.5,
            "지역구공급총점":0.0,
            "역세권":0,
            "30분내 이동가능 거점":0,
            "1시간내 이동가능 거점":10,
            "교통총점":2.0,
            "백화점":0,
            "아울렛몰":0,
            "대형마트":0,
            "은행":0,
            "병원":30,
            "종합병원":100,
            "공원":100,
            "혐오시설":0,
            "인프라총점":26.0,
            "초등학군":82.93,
            "중학군":50.78,
            "학군총점":57.21,
            "인구수":35.06,
            "인구증감":3.42,
            "인구총점":25.568,
            "일자리":7.5,
            "소득수준":51.54,
            "일자리총점":20.712,
            "가치 총점":25.5815,
            "매매실거래년":20220105.0,
            "매매실거래가":29800.0,
            "전세실거래년":20211016.0,
            "전세실거래가":26500.0,
            "전세가율":88.93,
            "장기전세가율평균":72.67,
            "전세가율거품지수":-16.26,
            "검색코드":2957,
            "세대수":552.0,
            "준공년월":"1995-11-29",
            "준공년차":28.0,
            "가까운역이름":"일산",
            "가까운역거리":1748.04,
            "역세권여부":"비역세권",
            "30분이내주요거점역":0,
            "1시간이내주요거점역":1,
            "3km이내백화점수":0,
            "5km이내아울렛몰수":0,
            "1km이내대형먀트수":0,
            "500m이내은행수":0,
            "500m이내병원수":6,
            "5km이내대형병원수":4,
            "500m이내공원수":8,
            "3km이내혐오시설수":0,
            "초등학교학업성취도":82.93,
            "중학교학업성취도":83.9,
            "용적률":100,
            "건폐율":12,
            "Y":37.69435,
            "X":126.78226,
            "rank":98.0,
            "area_info":"23평(78.61), 24평(79.41)",
            "last_sales":"2022-01-05,29800.0,23평(78.61)"
        },
        {
            "index":401,
            "아파트명":"중산6단지태영",
            "투자타입":"일반",
            "전용면적(m2)":"76.84",
            "전용면적(평)":"23평",
            "법정동주소":"경기도 고양시 일산동구 중산동 1573",
            "도로명주소":"경기도 고양시 일산동구 탄중로 344",
            "세대수":50,
            "입주년차":0,
            "용적률점수":"--",
            "건폐율점수":"--",
            "세대당주차수":0,
            "난방방식":100,
            "공급면적":"--",
            "전용률":"--",
            "욕실수":50,
            "현관타입":10,
            "주거총점":33.5,
            "지역구공급총점":0.0,
            "역세권":0,
            "30분내 이동가능 거점":0,
            "1시간내 이동가능 거점":20,
            "교통총점":4.0,
            "백화점":0,
            "아울렛몰":0,
            "대형마트":0,
            "은행":0,
            "병원":30,
            "종합병원":100,
            "공원":100,
            "혐오시설":0,
            "인프라총점":26.0,
            "초등학군":93.02,
            "중학군":50.78,
            "학군총점":59.228,
            "인구수":35.06,
            "인구증감":3.42,
            "인구총점":25.568,
            "일자리":7.5,
            "소득수준":51.54,
            "일자리총점":20.712,
            "가치 총점":24.7842,
            "매매실거래년":20210826.0,
            "매매실거래가":37000.0,
            "전세실거래년":20220113.0,
            "전세실거래가":25000.0,
            "전세가율":120.19,
            "장기전세가율평균":72.67,
            "전세가율거품지수":-47.52,
            "검색코드":2962,
            "세대수":413.0,
            "준공년월":"1995-04-28",
            "준공년차":28.0,
            "가까운역이름":"일산",
            "가까운역거리":1578.76,
            "역세권여부":"비역세권",
            "30분이내주요거점역":0,
            "1시간이내주요거점역":2,
            "3km이내백화점수":0,
            "5km이내아울렛몰수":0,
            "1km이내대형먀트수":0,
            "500m이내은행수":0,
            "500m이내병원수":6,
            "5km이내대형병원수":4,
            "500m이내공원수":7,
            "3km이내혐오시설수":0,
            "초등학교학업성취도":93.02,
            "중학교학업성취도":83.9,
            "용적률":159,
            "건폐율":17,
            "Y":37.692607,
            "X":126.781881,
            "rank":99.0,
            "area_info":"23평(76.84), 27평(91.67), 31평(104.12)",
            "last_sales":"2021-08-26,37000.0,31평(104.12)"
        },
        {
            "index":140,
            "아파트명":"청원네이쳐빌",
            "투자타입":"일반",
            "전용면적(m2)":"80.12",
            "전용면적(평)":"24평",
            "법정동주소":"경기도 고양시 일산동구 성석동 1077",
            "도로명주소":"경기도 고양시 일산동구 고봉로658번길 63",
            "세대수":0,
            "입주년차":40,
            "용적률점수":"--",
            "건폐율점수":"--",
            "세대당주차수":30,
            "난방방식":30,
            "공급면적":"--",
            "전용률":"--",
            "욕실수":100,
            "현관타입":100,
            "주거총점":35.5,
            "지역구공급총점":0.0,
            "역세권":0,
            "30분내 이동가능 거점":0,
            "1시간내 이동가능 거점":10,
            "교통총점":2.0,
            "백화점":0,
            "아울렛몰":0,
            "대형마트":0,
            "은행":0,
            "병원":0,
            "종합병원":100,
            "공원":0,
            "혐오시설":0,
            "인프라총점":20.0,
            "초등학군":83.27,
            "중학군":51.58,
            "학군총점":57.918,
            "인구수":35.06,
            "인구증감":3.42,
            "인구총점":25.568,
            "일자리":7.5,
            "소득수준":51.54,
            "일자리총점":20.712,
            "가치 총점":22.4877,
            "매매실거래년":20210928.0,
            "매매실거래가":30000.0,
            "전세실거래년":20210911.0,
            "전세실거래가":18000.0,
            "전세가율":75.0,
            "장기전세가율평균":72.67,
            "전세가율거품지수":-2.33,
            "검색코드":10267,
            "세대수":288.0,
            "준공년월":"2004-04-17",
            "준공년차":19.0,
            "가까운역이름":"운정",
            "가까운역거리":2643.97,
            "역세권여부":"비역세권",
            "30분이내주요거점역":0,
            "1시간이내주요거점역":1,
            "3km이내백화점수":0,
            "5km이내아울렛몰수":0,
            "1km이내대형먀트수":0,
            "500m이내은행수":0,
            "500m이내병원수":0,
            "5km이내대형병원수":2,
            "500m이내공원수":0,
            "3km이내혐오시설수":0,
            "초등학교학업성취도":83.27,
            "중학교학업성취도":84.3,
            "용적률":99,
            "건폐율":11,
            "Y":37.713353,
            "X":126.792849,
            "rank":100.0,
            "area_info":"24평(80.12), 30평(99.5)",
            "last_sales":"2021-09-28,30000.0,30평(99.5)"
        },
        {
            "index":136,
            "아파트명":"동문2단지",
            "투자타입":"일반",
            "전용면적(m2)":"89.19",
            "전용면적(평)":"26평",
            "법정동주소":"경기도 고양시 일산동구 사리현동 187",
            "도로명주소":"경기도 고양시 일산동구 공릉천로 64",
            "세대수":30,
            "입주년차":40,
            "용적률점수":"--",
            "건폐율점수":"--",
            "세대당주차수":30,
            "난방방식":30,
            "공급면적":"--",
            "전용률":"--",
            "욕실수":100,
            "현관타입":100,
            "주거총점":46.0,
            "지역구공급총점":0.0,
            "역세권":0,
            "30분내 이동가능 거점":0,
            "1시간내 이동가능 거점":0,
            "교통총점":0.0,
            "백화점":0,
            "아울렛몰":0,
            "대형마트":0,
            "은행":0,
            "병원":10,
            "종합병원":80,
            "공원":0,
            "혐오시설":0,
            "인프라총점":17.0,
            "초등학군":87.52,
            "중학군":44.52,
            "학군총점":53.12,
            "인구수":35.06,
            "인구증감":3.42,
            "인구총점":25.568,
            "일자리":7.5,
            "소득수준":51.54,
            "일자리총점":20.712,
            "가치 총점":22.268,
            "매매실거래년":20211228.0,
            "매매실거래가":38500.0,
            "전세실거래년":20201201.0,
            "전세실거래가":19000.0,
            "전세가율":71.7,
            "장기전세가율평균":72.67,
            "전세가율거품지수":0.97,
            "검색코드":102088,
            "세대수":377.0,
            "준공년월":"2004-11-12",
            "준공년차":19.0,
            "가까운역이름":"원당",
            "가까운역거리":5029.44,
            "역세권여부":"비역세권",
            "30분이내주요거점역":0,
            "1시간이내주요거점역":0,
            "3km이내백화점수":0,
            "5km이내아울렛몰수":0,
            "1km이내대형먀트수":0,
            "500m이내은행수":0,
            "500m이내병원수":2,
            "5km이내대형병원수":1,
            "500m이내공원수":0,
            "3km이내혐오시설수":0,
            "초등학교학업성취도":87.52,
            "중학교학업성취도":69.6,
            "용적률":98,
            "건폐율":9,
            "Y":37.698517,
            "X":126.845376,
            "rank":101.0,
            "area_info":"26평(89.19), 31평(102.97)",
            "last_sales":"2021-12-28,38500.0,31평(102.97)"
        },
        {
            "index":138,
            "아파트명":"동문3단지",
            "투자타입":"일반",
            "전용면적(m2)":"110.28",
            "전용면적(평)":"33평",
            "법정동주소":"경기도 고양시 일산동구 사리현동 189",
            "도로명주소":"경기도 고양시 일산동구 공릉천로 66",
            "세대수":0,
            "입주년차":40,
            "용적률점수":"--",
            "건폐율점수":"--",
            "세대당주차수":30,
            "난방방식":30,
            "공급면적":"--",
            "전용률":"--",
            "욕실수":100,
            "현관타입":100,
            "주거총점":35.5,
            "지역구공급총점":0.0,
            "역세권":0,
            "30분내 이동가능 거점":0,
            "1시간내 이동가능 거점":0,
            "교통총점":0.0,
            "백화점":0,
            "아울렛몰":0,
            "대형마트":0,
            "은행":0,
            "병원":10,
            "종합병원":80,
            "공원":0,
            "혐오시설":0,
            "인프라총점":17.0,
            "초등학군":87.52,
            "중학군":44.52,
            "학군총점":53.12,
            "인구수":35.06,
            "인구증감":3.42,
            "인구총점":25.568,
            "일자리":7.5,
            "소득수준":51.54,
            "일자리총점":20.712,
            "가치 총점":20.168,
            "매매실거래년":20201218.0,
            "매매실거래가":25000.0,
            "전세실거래년":20201230.0,
            "전세실거래가":20000.0,
            "전세가율":80.0,
            "장기전세가율평균":72.67,
            "전세가율거품지수":-7.33,
            "검색코드":26003,
            "세대수":266.0,
            "준공년월":"2005-04-13",
            "준공년차":18.0,
            "가까운역이름":"원당",
            "가까운역거리":5057.56,
            "역세권여부":"비역세권",
            "30분이내주요거점역":0,
            "1시간이내주요거점역":0,
            "3km이내백화점수":0,
            "5km이내아울렛몰수":0,
            "1km이내대형먀트수":0,
            "500m이내은행수":0,
            "500m이내병원수":2,
            "5km이내대형병원수":1,
            "500m이내공원수":0,
            "3km이내혐오시설수":0,
            "초등학교학업성취도":87.52,
            "중학교학업성취도":69.6,
            "용적률":99,
            "건폐율":9,
            "Y":37.698633,
            "X":126.848073,
            "rank":102.0,
            "area_info":"33평(110.28)",
            "last_sales":"2020-12-18,25000.0,33평(110.28)"
        },
        {
            "index":135,
            "아파트명":"동문1단지",
            "투자타입":"일반",
            "전용면적(m2)":"102.91",
            "전용면적(평)":"31평",
            "법정동주소":"경기도 고양시 일산동구 사리현동 186",
            "도로명주소":"경기도 고양시 일산동구 공릉천로 68",
            "세대수":0,
            "입주년차":40,
            "용적률점수":"--",
            "건폐율점수":"--",
            "세대당주차수":30,
            "난방방식":30,
            "공급면적":"--",
            "전용률":"--",
            "욕실수":100,
            "현관타입":100,
            "주거총점":35.5,
            "지역구공급총점":0.0,
            "역세권":0,
            "30분내 이동가능 거점":0,
            "1시간내 이동가능 거점":0,
            "교통총점":0.0,
            "백화점":0,
            "아울렛몰":0,
            "대형마트":0,
            "은행":0,
            "병원":10,
            "종합병원":80,
            "공원":0,
            "혐오시설":0,
            "인프라총점":17.0,
            "초등학군":87.52,
            "중학군":44.52,
            "학군총점":53.12,
            "인구수":35.06,
            "인구증감":3.42,
            "인구총점":25.568,
            "일자리":7.5,
            "소득수준":51.54,
            "일자리총점":20.712,
            "가치 총점":20.168,
            "매매실거래년":20210813.0,
            "매매실거래가":33000.0,
            "전세실거래년":20210703.0,
            "전세실거래가":29000.0,
            "전세가율":87.88,
            "장기전세가율평균":72.67,
            "전세가율거품지수":-15.21,
            "검색코드":12825,
            "세대수":180.0,
            "준공년월":"2004-11-12",
            "준공년차":19.0,
            "가까운역이름":"원당",
            "가까운역거리":5156.27,
            "역세권여부":"비역세권",
            "30분이내주요거점역":0,
            "1시간이내주요거점역":0,
            "3km이내백화점수":0,
            "5km이내아울렛몰수":0,
            "1km이내대형먀트수":0,
            "500m이내은행수":0,
            "500m이내병원수":2,
            "5km이내대형병원수":1,
            "500m이내공원수":0,
            "3km이내혐오시설수":0,
            "초등학교학업성취도":87.52,
            "중학교학업성취도":69.6,
            "용적률":99,
            "건폐율":11,
            "Y":37.69961,
            "X":126.846595,
            "rank":102.0,
            "area_info":"31평(102.91)",
            "last_sales":"2021-08-13,33000.0,31평(102.91)"
        }
    ]
}