{
    "schema":{
        "fields":[
            {
                "name":"index",
                "type":"integer"
            },
            {
                "name":"아파트명",
                "type":"string"
            },
            {
                "name":"투자타입",
                "type":"string"
            },
            {
                "name":"전용면적(m2)",
                "type":"string"
            },
            {
                "name":"전용면적(평)",
                "type":"string"
            },
            {
                "name":"법정동주소",
                "type":"string"
            },
            {
                "name":"도로명주소",
                "type":"string"
            },
            {
                "name":"세대수",
                "type":"integer"
            },
            {
                "name":"입주년차",
                "type":"string"
            },
            {
                "name":"용적률점수",
                "type":"string"
            },
            {
                "name":"건폐율점수",
                "type":"string"
            },
            {
                "name":"세대당주차수",
                "type":"string"
            },
            {
                "name":"난방방식",
                "type":"string"
            },
            {
                "name":"공급면적",
                "type":"string"
            },
            {
                "name":"전용률",
                "type":"string"
            },
            {
                "name":"욕실수",
                "type":"string"
            },
            {
                "name":"현관타입",
                "type":"string"
            },
            {
                "name":"주거총점",
                "type":"number"
            },
            {
                "name":"지역구공급총점",
                "type":"number"
            },
            {
                "name":"역세권",
                "type":"integer"
            },
            {
                "name":"30분내 이동가능 거점",
                "type":"integer"
            },
            {
                "name":"1시간내 이동가능 거점",
                "type":"integer"
            },
            {
                "name":"교통총점",
                "type":"number"
            },
            {
                "name":"백화점",
                "type":"integer"
            },
            {
                "name":"아울렛몰",
                "type":"integer"
            },
            {
                "name":"대형마트",
                "type":"integer"
            },
            {
                "name":"은행",
                "type":"integer"
            },
            {
                "name":"병원",
                "type":"integer"
            },
            {
                "name":"종합병원",
                "type":"integer"
            },
            {
                "name":"공원",
                "type":"integer"
            },
            {
                "name":"혐오시설",
                "type":"integer"
            },
            {
                "name":"인프라총점",
                "type":"number"
            },
            {
                "name":"초등학군",
                "type":"number"
            },
            {
                "name":"중학군",
                "type":"number"
            },
            {
                "name":"학군총점",
                "type":"number"
            },
            {
                "name":"인구수",
                "type":"number"
            },
            {
                "name":"인구증감",
                "type":"number"
            },
            {
                "name":"인구총점",
                "type":"number"
            },
            {
                "name":"일자리",
                "type":"number"
            },
            {
                "name":"소득수준",
                "type":"number"
            },
            {
                "name":"일자리총점",
                "type":"number"
            },
            {
                "name":"가치 총점",
                "type":"number"
            },
            {
                "name":"매매실거래년",
                "type":"string"
            },
            {
                "name":"매매실거래가",
                "type":"number"
            },
            {
                "name":"전세실거래년",
                "type":"number"
            },
            {
                "name":"전세실거래가",
                "type":"number"
            },
            {
                "name":"전세가율",
                "type":"number"
            },
            {
                "name":"장기전세가율평균",
                "type":"number"
            },
            {
                "name":"전세가율거품지수",
                "type":"number"
            },
            {
                "name":"검색코드",
                "type":"integer"
            },
            {
                "name":"세대수",
                "type":"number"
            },
            {
                "name":"준공년월",
                "type":"string"
            },
            {
                "name":"준공년차",
                "type":"number"
            },
            {
                "name":"가까운역이름",
                "type":"string"
            },
            {
                "name":"가까운역거리",
                "type":"number"
            },
            {
                "name":"역세권여부",
                "type":"string"
            },
            {
                "name":"30분이내주요거점역",
                "type":"integer"
            },
            {
                "name":"1시간이내주요거점역",
                "type":"integer"
            },
            {
                "name":"3km이내백화점수",
                "type":"integer"
            },
            {
                "name":"5km이내아울렛몰수",
                "type":"integer"
            },
            {
                "name":"1km이내대형먀트수",
                "type":"integer"
            },
            {
                "name":"500m이내은행수",
                "type":"integer"
            },
            {
                "name":"500m이내병원수",
                "type":"integer"
            },
            {
                "name":"5km이내대형병원수",
                "type":"integer"
            },
            {
                "name":"500m이내공원수",
                "type":"integer"
            },
            {
                "name":"3km이내혐오시설수",
                "type":"integer"
            },
            {
                "name":"초등학교학업성취도",
                "type":"number"
            },
            {
                "name":"중학교학업성취도",
                "type":"number"
            },
            {
                "name":"용적률",
                "type":"integer"
            },
            {
                "name":"건폐율",
                "type":"integer"
            },
            {
                "name":"Y",
                "type":"number"
            },
            {
                "name":"X",
                "type":"number"
            },
            {
                "name":"rank",
                "type":"number"
            },
            {
                "name":"area_info",
                "type":"string"
            },
            {
                "name":"last_sales",
                "type":"string"
            }
        ],
        "primaryKey":[
            "index"
        ],
        "pandas_version":"1.4.0"
    },
    "data":[
        {
            "index":325,
            "아파트명":"삼성",
            "투자타입":"재건축",
            "전용면적(m2)":"67.79",
            "전용면적(평)":"20평",
            "법정동주소":"경기도 군포시 산본동 1028",
            "도로명주소":"경기도 군포시 산본천로214번길 32",
            "세대수":30,
            "입주년차":"--",
            "용적률점수":100,
            "건폐율점수":80,
            "세대당주차수":"--",
            "난방방식":"--",
            "공급면적":50,
            "전용률":80,
            "욕실수":"--",
            "현관타입":"--",
            "주거총점":71.5,
            "지역구공급총점":100.0,
            "역세권":80,
            "30분내 이동가능 거점":60,
            "1시간내 이동가능 거점":100,
            "교통총점":78.0,
            "백화점":100,
            "아울렛몰":80,
            "대형마트":80,
            "은행":0,
            "병원":60,
            "종합병원":100,
            "공원":100,
            "혐오시설":0,
            "인프라총점":79.0,
            "초등학군":85.49,
            "중학군":48.84,
            "학군총점":56.17,
            "인구수":31.79,
            "인구증감":-16.46,
            "인구총점":17.315,
            "일자리":14.5,
            "소득수준":56.84,
            "일자리총점":27.202,
            "가치 총점":73.7255,
            "매매실거래년":20210725.0,
            "매매실거래가":70000.0,
            "전세실거래년":20220111.0,
            "전세실거래가":15000.0,
            "전세가율":21.43,
            "장기전세가율평균":75.23,
            "전세가율거품지수":53.8,
            "검색코드":2629,
            "세대수":370.0,
            "준공년월":"1987-11-09",
            "준공년차":36.0,
            "가까운역이름":"금정",
            "가까운역거리":311.73,
            "역세권여부":"역세권",
            "30분이내주요거점역":3,
            "1시간이내주요거점역":12,
            "3km이내백화점수":1,
            "5km이내아울렛몰수":1,
            "1km이내대형먀트수":1,
            "500m이내은행수":1,
            "500m이내병원수":22,
            "5km이내대형병원수":5,
            "500m이내공원수":8,
            "3km이내혐오시설수":0,
            "초등학교학업성취도":85.49,
            "중학교학업성취도":79.6,
            "용적률":116,
            "건폐율":24,
            "Y":37.369574,
            "X":126.942267,
            "rank":1.0,
            "area_info":"20평(67.79), 20평(68.07), 25평(84.65)",
            "last_sales":"2021-07-25,70000.0,20평(67.79)"
        },
        {
            "index":292,
            "아파트명":"래미안하이어스",
            "투자타입":"일반",
            "전용면적(m2)":"84.9",
            "전용면적(평)":"25평",
            "법정동주소":"경기도 군포시 산본동 1240",
            "도로명주소":"경기도 군포시 금산로 91",
            "세대수":100,
            "입주년차":60,
            "용적률점수":"--",
            "건폐율점수":"--",
            "세대당주차수":60,
            "난방방식":100,
            "공급면적":"--",
            "전용률":"--",
            "욕실수":100,
            "현관타입":100,
            "주거총점":86.0,
            "지역구공급총점":100.0,
            "역세권":50,
            "30분내 이동가능 거점":40,
            "1시간내 이동가능 거점":100,
            "교통총점":57.0,
            "백화점":100,
            "아울렛몰":80,
            "대형마트":100,
            "은행":20,
            "병원":80,
            "종합병원":100,
            "공원":100,
            "혐오시설":0,
            "인프라총점":86.0,
            "초등학군":86.04,
            "중학군":48.84,
            "학군총점":56.28,
            "인구수":31.79,
            "인구증감":-16.46,
            "인구총점":17.315,
            "일자리":14.5,
            "소득수준":56.84,
            "일자리총점":27.202,
            "가치 총점":71.392,
            "매매실거래년":20210831.0,
            "매매실거래가":157000.0,
            "전세실거래년":null,
            "전세실거래가":null,
            "전세가율":null,
            "장기전세가율평균":75.23,
            "전세가율거품지수":null,
            "검색코드":101283,
            "세대수":2644.0,
            "준공년월":"2010-09-20",
            "준공년차":13.0,
            "가까운역이름":"금정",
            "가까운역거리":782.69,
            "역세권여부":"준역세권",
            "30분이내주요거점역":2,
            "1시간이내주요거점역":11,
            "3km이내백화점수":1,
            "5km이내아울렛몰수":1,
            "1km이내대형먀트수":2,
            "500m이내은행수":2,
            "500m이내병원수":36,
            "5km이내대형병원수":5,
            "500m이내공원수":11,
            "3km이내혐오시설수":0,
            "초등학교학업성취도":86.04,
            "중학교학업성취도":79.6,
            "용적률":269,
            "건폐율":15,
            "Y":37.368284,
            "X":126.936087,
            "rank":2.0,
            "area_info":"25평(84.9), 26평(87.65), 34평(112.87), 34평(113.34), 34평(114.74), 43평(142.5), 43평(143.01), 48평(159.2), 54평(180.83), 54평(180.69), 64평(212.54)",
            "last_sales":"2021-08-31,157000.0,64평(212.54)"
        },
        {
            "index":58,
            "아파트명":"주공2-2단지",
            "투자타입":"일반",
            "전용면적(m2)":"63.57",
            "전용면적(평)":"19평",
            "법정동주소":"경기도 군포시 금정동 873-2",
            "도로명주소":"경기도 군포시 산본로 299",
            "세대수":50,
            "입주년차":0,
            "용적률점수":"--",
            "건폐율점수":"--",
            "세대당주차수":0,
            "난방방식":100,
            "공급면적":"--",
            "전용률":"--",
            "욕실수":50,
            "현관타입":100,
            "주거총점":42.5,
            "지역구공급총점":100.0,
            "역세권":100,
            "30분내 이동가능 거점":40,
            "1시간내 이동가능 거점":100,
            "교통총점":82.0,
            "백화점":0,
            "아울렛몰":80,
            "대형마트":100,
            "은행":100,
            "병원":100,
            "종합병원":100,
            "공원":100,
            "혐오시설":0,
            "인프라총점":66.0,
            "초등학군":80.62,
            "중학군":43.9,
            "학군총점":51.244,
            "인구수":31.79,
            "인구증감":-16.46,
            "인구총점":17.315,
            "일자리":14.5,
            "소득수준":56.84,
            "일자리총점":27.202,
            "가치 총점":64.6866,
            "매매실거래년":20211031.0,
            "매매실거래가":44000.0,
            "전세실거래년":20211127.0,
            "전세실거래가":20000.0,
            "전세가율":45.45,
            "장기전세가율평균":75.23,
            "전세가율거품지수":29.78,
            "검색코드":129842,
            "세대수":476.0,
            "준공년월":"1993-06-02",
            "준공년차":30.0,
            "가까운역이름":"산본",
            "가까운역거리":99.52,
            "역세권여부":"초역세권",
            "30분이내주요거점역":2,
            "1시간이내주요거점역":13,
            "3km이내백화점수":0,
            "5km이내아울렛몰수":1,
            "1km이내대형먀트수":2,
            "500m이내은행수":6,
            "500m이내병원수":97,
            "5km이내대형병원수":5,
            "500m이내공원수":4,
            "3km이내혐오시설수":0,
            "초등학교학업성취도":80.62,
            "중학교학업성취도":71.5,
            "용적률":219,
            "건폐율":12,
            "Y":37.357282,
            "X":126.933728,
            "rank":3.0,
            "area_info":"19평(63.57), 23평(79.2)",
            "last_sales":"2021-10-31,44000.0,19평(63.57)"
        },
        {
            "index":314,
            "아파트명":"백합",
            "투자타입":"일반",
            "전용면적(m2)":"121.77",
            "전용면적(평)":"36평",
            "법정동주소":"경기도 군포시 산본동 1063",
            "도로명주소":"경기도 군포시 산본로386번길 61",
            "세대수":50,
            "입주년차":0,
            "용적률점수":"--",
            "건폐율점수":"--",
            "세대당주차수":0,
            "난방방식":100,
            "공급면적":"--",
            "전용률":"--",
            "욕실수":100,
            "현관타입":100,
            "주거총점":47.5,
            "지역구공급총점":100.0,
            "역세권":50,
            "30분내 이동가능 거점":40,
            "1시간내 이동가능 거점":90,
            "교통총점":55.0,
            "백화점":100,
            "아울렛몰":80,
            "대형마트":100,
            "은행":20,
            "병원":80,
            "종합병원":100,
            "공원":100,
            "혐오시설":0,
            "인프라총점":86.0,
            "초등학군":86.04,
            "중학군":48.84,
            "학군총점":56.28,
            "인구수":31.79,
            "인구증감":-16.46,
            "인구총점":17.315,
            "일자리":14.5,
            "소득수준":56.84,
            "일자리총점":27.202,
            "가치 총점":62.992,
            "매매실거래년":20210906.0,
            "매매실거래가":88000.0,
            "전세실거래년":20211120.0,
            "전세실거래가":38300.0,
            "전세가율":43.52,
            "장기전세가율평균":75.23,
            "전세가율거품지수":31.71,
            "검색코드":2894,
            "세대수":536.0,
            "준공년월":"1993-06-26",
            "준공년차":30.0,
            "가까운역이름":"금정",
            "가까운역거리":935.08,
            "역세권여부":"준역세권",
            "30분이내주요거점역":2,
            "1시간이내주요거점역":9,
            "3km이내백화점수":1,
            "5km이내아울렛몰수":1,
            "1km이내대형먀트수":2,
            "500m이내은행수":2,
            "500m이내병원수":39,
            "5km이내대형병원수":5,
            "500m이내공원수":9,
            "3km이내혐오시설수":0,
            "초등학교학업성취도":86.04,
            "중학교학업성취도":79.6,
            "용적률":219,
            "건폐율":15,
            "Y":37.369342,
            "X":126.933487,
            "rank":4.0,
            "area_info":"36평(121.77), 46평(154.14)",
            "last_sales":"2021-09-06,88000.0,36평(121.77)"
        },
        {
            "index":36,
            "아파트명":"주공1단지",
            "투자타입":"재건축",
            "전용면적(m2)":"58.0",
            "전용면적(평)":"17평",
            "법정동주소":"경기도 군포시 금정동 849",
            "도로명주소":"경기도 군포시 산본로 296",
            "세대수":90,
            "입주년차":"--",
            "용적률점수":20,
            "건폐율점수":100,
            "세대당주차수":"--",
            "난방방식":"--",
            "공급면적":50,
            "전용률":60,
            "욕실수":"--",
            "현관타입":"--",
            "주거총점":60.5,
            "지역구공급총점":100.0,
            "역세권":80,
            "30분내 이동가능 거점":20,
            "1시간내 이동가능 거점":100,
            "교통총점":66.0,
            "백화점":0,
            "아울렛몰":80,
            "대형마트":100,
            "은행":100,
            "병원":80,
            "종합병원":100,
            "공원":100,
            "혐오시설":0,
            "인프라총점":64.0,
            "초등학군":89.36,
            "중학군":43.9,
            "학군총점":52.992,
            "인구수":31.79,
            "인구증감":-16.46,
            "인구총점":17.315,
            "일자리":14.5,
            "소득수준":56.84,
            "일자리총점":27.202,
            "가치 총점":62.3488,
            "매매실거래년":20211204.0,
            "매매실거래가":42000.0,
            "전세실거래년":20220115.0,
            "전세실거래가":14175.0,
            "전세가율":33.75,
            "장기전세가율평균":75.23,
            "전세가율거품지수":41.48,
            "검색코드":2890,
            "세대수":1329.0,
            "준공년월":"1992-04-15",
            "준공년차":31.0,
            "가까운역이름":"산본",
            "가까운역거리":346.32,
            "역세권여부":"역세권",
            "30분이내주요거점역":1,
            "1시간이내주요거점역":11,
            "3km이내백화점수":0,
            "5km이내아울렛몰수":1,
            "1km이내대형먀트수":2,
            "500m이내은행수":5,
            "500m이내병원수":32,
            "5km이내대형병원수":5,
            "500m이내공원수":5,
            "3km이내혐오시설수":0,
            "초등학교학업성취도":89.36,
            "중학교학업성취도":71.5,
            "용적률":212,
            "건폐율":16,
            "Y":37.358247,
            "X":126.937188,
            "rank":5.0,
            "area_info":"17평(58.0), 17평(59.13), 22평(72.87), 24평(81.28), 25평(83.11), 27평(92.27), 29평(98.71), 30평(100.1), 30평(101.11), 30평(102.1), 31평(103.13)",
            "last_sales":"2021-12-04,42000.0,17평(58.0)"
        },
        {
            "index":47,
            "아파트명":"주공2-1단지",
            "투자타입":"일반",
            "전용면적(m2)":"50.86",
            "전용면적(평)":"15평",
            "법정동주소":"경기도 군포시 금정동 872",
            "도로명주소":"경기도 군포시 산본로 299",
            "세대수":100,
            "입주년차":0,
            "용적률점수":"--",
            "건폐율점수":"--",
            "세대당주차수":0,
            "난방방식":100,
            "공급면적":"--",
            "전용률":"--",
            "욕실수":50,
            "현관타입":10,
            "주거총점":51.0,
            "지역구공급총점":100.0,
            "역세권":80,
            "30분내 이동가능 거점":40,
            "1시간내 이동가능 거점":100,
            "교통총점":72.0,
            "백화점":0,
            "아울렛몰":80,
            "대형마트":100,
            "은행":100,
            "병원":80,
            "종합병원":100,
            "공원":100,
            "혐오시설":0,
            "인프라총점":64.0,
            "초등학군":80.62,
            "중학군":43.9,
            "학군총점":51.244,
            "인구수":31.79,
            "인구증감":-16.46,
            "인구총점":17.315,
            "일자리":14.5,
            "소득수준":56.84,
            "일자리총점":27.202,
            "가치 총점":62.2866,
            "매매실거래년":20211019.0,
            "매매실거래가":46000.0,
            "전세실거래년":20220109.0,
            "전세실거래가":13600.0,
            "전세가율":39.42,
            "장기전세가율평균":75.23,
            "전세가율거품지수":35.81,
            "검색코드":3865,
            "세대수":2489.0,
            "준공년월":"1993-06-02",
            "준공년차":30.0,
            "가까운역이름":"산본",
            "가까운역거리":222.47,
            "역세권여부":"역세권",
            "30분이내주요거점역":2,
            "1시간이내주요거점역":12,
            "3km이내백화점수":0,
            "5km이내아울렛몰수":1,
            "1km이내대형먀트수":2,
            "500m이내은행수":5,
            "500m이내병원수":58,
            "5km이내대형병원수":5,
            "500m이내공원수":4,
            "3km이내혐오시설수":0,
            "초등학교학업성취도":80.62,
            "중학교학업성취도":71.5,
            "용적률":228,
            "건폐율":16,
            "Y":37.356419,
            "X":126.934637,
            "rank":6.0,
            "area_info":"15평(50.86), 15평(51.9), 17평(58.87), 17평(59.11), 17평(59.2), 18평(59.99), 18평(60.15), 18평(60.27), 18평(62.36), 21평(72.66), 22평(74.39)",
            "last_sales":"2021-10-19,46000.0,17평(59.2)"
        },
        {
            "index":333,
            "아파트명":"세종주공6단지",
            "투자타입":"일반",
            "전용면적(m2)":"80.49",
            "전용면적(평)":"24평",
            "법정동주소":"경기도 군포시 산본동 1145",
            "도로명주소":"경기도 군포시 산본천로 34",
            "세대수":100,
            "입주년차":0,
            "용적률점수":"--",
            "건폐율점수":"--",
            "세대당주차수":0,
            "난방방식":100,
            "공급면적":"--",
            "전용률":"--",
            "욕실수":50,
            "현관타입":10,
            "주거총점":51.0,
            "지역구공급총점":100.0,
            "역세권":80,
            "30분내 이동가능 거점":20,
            "1시간내 이동가능 거점":100,
            "교통총점":66.0,
            "백화점":0,
            "아울렛몰":80,
            "대형마트":100,
            "은행":100,
            "병원":100,
            "종합병원":100,
            "공원":100,
            "혐오시설":0,
            "인프라총점":66.0,
            "초등학군":84.02,
            "중학군":52.42,
            "학군총점":58.74,
            "인구수":31.79,
            "인구증감":-16.46,
            "인구총점":17.315,
            "일자리":14.5,
            "소득수준":56.84,
            "일자리총점":27.202,
            "가치 총점":61.911,
            "매매실거래년":20211228.0,
            "매매실거래가":80000.0,
            "전세실거래년":20220113.0,
            "전세실거래가":26200.0,
            "전세가율":44.03,
            "장기전세가율평균":75.23,
            "전세가율거품지수":31.2,
            "검색코드":3864,
            "세대수":1827.0,
            "준공년월":"1994-07-07",
            "준공년차":29.0,
            "가까운역이름":"산본",
            "가까운역거리":367.78,
            "역세권여부":"역세권",
            "30분이내주요거점역":1,
            "1시간이내주요거점역":11,
            "3km이내백화점수":0,
            "5km이내아울렛몰수":1,
            "1km이내대형먀트수":3,
            "500m이내은행수":7,
            "500m이내병원수":101,
            "5km이내대형병원수":5,
            "500m이내공원수":7,
            "3km이내혐오시설수":0,
            "초등학교학업성취도":84.02,
            "중학교학업성취도":85.3,
            "용적률":226,
            "건폐율":15,
            "Y":37.358887,
            "X":126.929232,
            "rank":7.0,
            "area_info":"24평(80.49), 25평(85.35), 32평(106.03)",
            "last_sales":"2021-12-28,80000.0,32평(106.03)"
        },
        {
            "index":367,
            "아파트명":"한라주공4단지1차",
            "투자타입":"재건축",
            "전용면적(m2)":"57.27",
            "전용면적(평)":"17평",
            "법정동주소":"경기도 군포시 산본동 1156-1",
            "도로명주소":"경기도 군포시 번영로 380",
            "세대수":90,
            "입주년차":"--",
            "용적률점수":100,
            "건폐율점수":100,
            "세대당주차수":"--",
            "난방방식":"--",
            "공급면적":50,
            "전용률":60,
            "욕실수":"--",
            "현관타입":"--",
            "주거총점":92.5,
            "지역구공급총점":100.0,
            "역세권":80,
            "30분내 이동가능 거점":40,
            "1시간내 이동가능 거점":100,
            "교통총점":72.0,
            "백화점":0,
            "아울렛몰":80,
            "대형마트":0,
            "은행":0,
            "병원":0,
            "종합병원":100,
            "공원":100,
            "혐오시설":0,
            "인프라총점":31.0,
            "초등학군":81.21,
            "중학군":52.64,
            "학군총점":58.354,
            "인구수":31.79,
            "인구증감":-16.46,
            "인구총점":17.315,
            "일자리":14.5,
            "소득수준":56.84,
            "일자리총점":27.202,
            "가치 총점":61.7531,
            "매매실거래년":20211218.0,
            "매매실거래가":75500.0,
            "전세실거래년":null,
            "전세실거래가":null,
            "전세가율":null,
            "장기전세가율평균":75.23,
            "전세가율거품지수":null,
            "검색코드":13865,
            "세대수":1248.0,
            "준공년월":"1992-04-15",
            "준공년차":31.0,
            "가까운역이름":"수리산",
            "가까운역거리":198.62,
            "역세권여부":"역세권",
            "30분이내주요거점역":2,
            "1시간이내주요거점역":11,
            "3km이내백화점수":0,
            "5km이내아울렛몰수":1,
            "1km이내대형먀트수":0,
            "500m이내은행수":0,
            "500m이내병원수":1,
            "5km이내대형병원수":4,
            "500m이내공원수":7,
            "3km이내혐오시설수":0,
            "초등학교학업성취도":81.21,
            "중학교학업성취도":85.4,
            "용적률":115,
            "건폐율":8,
            "Y":37.34932,
            "X":126.927529,
            "rank":8.0,
            "area_info":"17평(57.27), 18평(61.64), 21평(70.7), 23평(76.09), 26평(86.45), 26평(88.39)",
            "last_sales":"2021-12-18,75500.0,26평(88.39)"
        },
        {
            "index":256,
            "아파트명":"e편한세상금정역에코센트럴",
            "투자타입":"일반",
            "전용면적(m2)":"80.21",
            "전용면적(평)":"24평",
            "법정동주소":"경기도 군포시 산본동 310-2",
            "도로명주소":"경기도 군포시 금산로 47",
            "세대수":50,
            "입주년차":40,
            "용적률점수":"--",
            "건폐율점수":"--",
            "세대당주차수":30,
            "난방방식":30,
            "공급면적":"--",
            "전용률":"--",
            "욕실수":100,
            "현관타입":100,
            "주거총점":53.0,
            "지역구공급총점":100.0,
            "역세권":50,
            "30분내 이동가능 거점":20,
            "1시간내 이동가능 거점":100,
            "교통총점":51.0,
            "백화점":100,
            "아울렛몰":80,
            "대형마트":100,
            "은행":0,
            "병원":60,
            "종합병원":100,
            "공원":100,
            "혐오시설":0,
            "인프라총점":82.0,
            "초등학군":86.15,
            "중학군":43.9,
            "학군총점":52.35,
            "인구수":31.79,
            "인구증감":-16.46,
            "인구총점":17.315,
            "일자리":14.5,
            "소득수준":56.84,
            "일자리총점":27.202,
            "가치 총점":60.9025,
            "매매실거래년":20211215.0,
            "매매실거래가":105000.0,
            "전세실거래년":20220108.0,
            "전세실거래가":36750.0,
            "전세가율":51.76,
            "장기전세가율평균":75.23,
            "전세가율거품지수":23.47,
            "검색코드":18607,
            "세대수":677.0,
            "준공년월":"2007-06-11",
            "준공년차":16.0,
            "가까운역이름":"금정",
            "가까운역거리":844.41,
            "역세권여부":"준역세권",
            "30분이내주요거점역":1,
            "1시간이내주요거점역":10,
            "3km이내백화점수":1,
            "5km이내아울렛몰수":1,
            "1km이내대형먀트수":3,
            "500m이내은행수":0,
            "500m이내병원수":13,
            "5km이내대형병원수":5,
            "500m이내공원수":11,
            "3km이내혐오시설수":0,
            "초등학교학업성취도":86.15,
            "중학교학업성취도":71.5,
            "용적률":279,
            "건폐율":16,
            "Y":37.366091,
            "X":126.937789,
            "rank":9.0,
            "area_info":"24평(80.21), 24평(80.52), 33평(109.72), 33평(109.9), 38평(127.13), 38평(127.13), 44평(147.64), 44평(148.17)",
            "last_sales":"2021-12-15,105000.0,44평(147.64)"
        },
        {
            "index":287,
            "아파트명":"동백우성",
            "투자타입":"일반",
            "전용면적(m2)":"127.14",
            "전용면적(평)":"38평",
            "법정동주소":"경기도 군포시 산본동 1059",
            "도로명주소":"경기도 군포시 고산로677번길 12",
            "세대수":50,
            "입주년차":0,
            "용적률점수":"--",
            "건폐율점수":"--",
            "세대당주차수":0,
            "난방방식":100,
            "공급면적":"--",
            "전용률":"--",
            "욕실수":100,
            "현관타입":100,
            "주거총점":47.5,
            "지역구공급총점":100.0,
            "역세권":50,
            "30분내 이동가능 거점":20,
            "1시간내 이동가능 거점":100,
            "교통총점":51.0,
            "백화점":100,
            "아울렛몰":80,
            "대형마트":80,
            "은행":20,
            "병원":80,
            "종합병원":100,
            "공원":100,
            "혐오시설":0,
            "인프라총점":83.0,
            "초등학군":83.51,
            "중학군":48.84,
            "학군총점":55.774,
            "인구수":31.79,
            "인구증감":-16.46,
            "인구총점":17.315,
            "일자리":14.5,
            "소득수준":56.84,
            "일자리총점":27.202,
            "가치 총점":60.6161,
            "매매실거래년":20211030.0,
            "매매실거래가":79000.0,
            "전세실거래년":20220112.0,
            "전세실거래가":37800.0,
            "전세가율":47.85,
            "장기전세가율평균":75.23,
            "전세가율거품지수":27.38,
            "검색코드":2483,
            "세대수":624.0,
            "준공년월":"1993-08-12",
            "준공년차":30.0,
            "가까운역이름":"금정",
            "가까운역거리":857.31,
            "역세권여부":"준역세권",
            "30분이내주요거점역":1,
            "1시간이내주요거점역":10,
            "3km이내백화점수":1,
            "5km이내아울렛몰수":1,
            "1km이내대형먀트수":1,
            "500m이내은행수":2,
            "500m이내병원수":35,
            "5km이내대형병원수":5,
            "500m이내공원수":8,
            "3km이내혐오시설수":0,
            "초등학교학업성취도":83.51,
            "중학교학업성취도":79.6,
            "용적률":216,
            "건폐율":16,
            "Y":37.372976,
            "X":126.933774,
            "rank":10.0,
            "area_info":"38평(127.14), 49평(163.45)",
            "last_sales":"2021-10-30,79000.0,38평(127.14)"
        },
        {
            "index":355,
            "아파트명":"임광그대가",
            "투자타입":"일반",
            "전용면적(m2)":"105.7",
            "전용면적(평)":"31평",
            "법정동주소":"경기도 군포시 산본동 106-4",
            "도로명주소":"경기도 군포시 곡란로8번길 6",
            "세대수":0,
            "입주년차":40,
            "용적률점수":"--",
            "건폐율점수":"--",
            "세대당주차수":30,
            "난방방식":30,
            "공급면적":"--",
            "전용률":"--",
            "욕실수":100,
            "현관타입":100,
            "주거총점":35.5,
            "지역구공급총점":100.0,
            "역세권":50,
            "30분내 이동가능 거점":40,
            "1시간내 이동가능 거점":100,
            "교통총점":57.0,
            "백화점":100,
            "아울렛몰":80,
            "대형마트":80,
            "은행":20,
            "병원":80,
            "종합병원":100,
            "공원":100,
            "혐오시설":0,
            "인프라총점":83.0,
            "초등학군":83.51,
            "중학군":48.84,
            "학군총점":55.774,
            "인구수":31.79,
            "인구증감":-16.46,
            "인구총점":17.315,
            "일자리":14.5,
            "소득수준":56.84,
            "일자리총점":27.202,
            "가치 총점":60.3161,
            "매매실거래년":20210722.0,
            "매매실거래가":69500.0,
            "전세실거래년":20211112.0,
            "전세실거래가":45000.0,
            "전세가율":64.75,
            "장기전세가율평균":75.23,
            "전세가율거품지수":10.48,
            "검색코드":11322,
            "세대수":170.0,
            "준공년월":"2005-09-12",
            "준공년차":18.0,
            "가까운역이름":"금정",
            "가까운역거리":672.47,
            "역세권여부":"준역세권",
            "30분이내주요거점역":2,
            "1시간이내주요거점역":13,
            "3km이내백화점수":1,
            "5km이내아울렛몰수":1,
            "1km이내대형먀트수":1,
            "500m이내은행수":2,
            "500m이내병원수":39,
            "5km이내대형병원수":5,
            "500m이내공원수":7,
            "3km이내혐오시설수":0,
            "초등학교학업성취도":83.51,
            "중학교학업성취도":79.6,
            "용적률":297,
            "건폐율":20,
            "Y":37.372877,
            "X":126.935864,
            "rank":11.0,
            "area_info":"31평(105.7), 31평(105.6)",
            "last_sales":"2021-07-22,69500.0,31평(105.7)"
        },
        {
            "index":28,
            "아파트명":"율곡주공3단지",
            "투자타입":"일반",
            "전용면적(m2)":"75.16",
            "전용면적(평)":"22평",
            "법정동주소":"경기도 군포시 금정동 876",
            "도로명주소":"경기도 군포시 오금로 43",
            "세대수":100,
            "입주년차":0,
            "용적률점수":"--",
            "건폐율점수":"--",
            "세대당주차수":0,
            "난방방식":100,
            "공급면적":"--",
            "전용률":"--",
            "욕실수":50,
            "현관타입":10,
            "주거총점":51.0,
            "지역구공급총점":100.0,
            "역세권":80,
            "30분내 이동가능 거점":20,
            "1시간내 이동가능 거점":100,
            "교통총점":66.0,
            "백화점":0,
            "아울렛몰":80,
            "대형마트":100,
            "은행":70,
            "병원":60,
            "종합병원":100,
            "공원":100,
            "혐오시설":0,
            "인프라총점":59.0,
            "초등학군":80.62,
            "중학군":52.64,
            "학군총점":58.236,
            "인구수":31.79,
            "인구증감":-16.46,
            "인구총점":17.315,
            "일자리":14.5,
            "소득수준":56.84,
            "일자리총점":27.202,
            "가치 총점":59.7354,
            "매매실거래년":20220107.0,
            "매매실거래가":52500.0,
            "전세실거래년":20220116.0,
            "전세실거래가":21525.0,
            "전세가율":41.0,
            "장기전세가율평균":75.23,
            "전세가율거품지수":34.23,
            "검색코드":8386,
            "세대수":2042.0,
            "준공년월":"1994-05-02",
            "준공년차":29.0,
            "가까운역이름":"산본",
            "가까운역거리":413.62,
            "역세권여부":"역세권",
            "30분이내주요거점역":1,
            "1시간이내주요거점역":11,
            "3km이내백화점수":0,
            "5km이내아울렛몰수":1,
            "1km이내대형먀트수":2,
            "500m이내은행수":3,
            "500m이내병원수":27,
            "5km이내대형병원수":5,
            "500m이내공원수":7,
            "3km이내혐오시설수":0,
            "초등학교학업성취도":80.62,
            "중학교학업성취도":85.4,
            "용적률":219,
            "건폐율":15,
            "Y":37.354463,
            "X":126.932298,
            "rank":12.0,
            "area_info":"22평(75.16), 24평(80.25), 24평(81.28), 25평(83.1), 26평(87.57), 27평(89.54)",
            "last_sales":"2022-01-07,52500.0,22평(75.16)"
        },
        {
            "index":60,
            "아파트명":"퇴계주공3단지1차",
            "투자타입":"일반",
            "전용면적(m2)":"57.4",
            "전용면적(평)":"17평",
            "법정동주소":"경기도 군포시 금정동 875",
            "도로명주소":"경기도 군포시 광정로 25-20",
            "세대수":90,
            "입주년차":0,
            "용적률점수":"--",
            "건폐율점수":"--",
            "세대당주차수":0,
            "난방방식":100,
            "공급면적":"--",
            "전용률":"--",
            "욕실수":50,
            "현관타입":10,
            "주거총점":47.5,
            "지역구공급총점":100.0,
            "역세권":80,
            "30분내 이동가능 거점":20,
            "1시간내 이동가능 거점":100,
            "교통총점":66.0,
            "백화점":0,
            "아울렛몰":80,
            "대형마트":100,
            "은행":70,
            "병원":80,
            "종합병원":100,
            "공원":100,
            "혐오시설":0,
            "인프라총점":61.0,
            "초등학군":83.51,
            "중학군":52.42,
            "학군총점":58.638,
            "인구수":31.79,
            "인구증감":-16.46,
            "인구총점":17.315,
            "일자리":14.5,
            "소득수준":56.84,
            "일자리총점":27.202,
            "가치 총점":59.6957,
            "매매실거래년":20211117.0,
            "매매실거래가":38700.0,
            "전세실거래년":20220115.0,
            "전세실거래가":14700.0,
            "전세가율":37.98,
            "장기전세가율평균":75.23,
            "전세가율거품지수":37.25,
            "검색코드":7998,
            "세대수":1011.0,
            "준공년월":"1995-04-22",
            "준공년차":28.0,
            "가까운역이름":"산본",
            "가까운역거리":422.02,
            "역세권여부":"역세권",
            "30분이내주요거점역":1,
            "1시간이내주요거점역":11,
            "3km이내백화점수":0,
            "5km이내아울렛몰수":1,
            "1km이내대형먀트수":2,
            "500m이내은행수":3,
            "500m이내병원수":42,
            "5km이내대형병원수":5,
            "500m이내공원수":9,
            "3km이내혐오시설수":0,
            "초등학교학업성취도":83.51,
            "중학교학업성취도":85.3,
            "용적률":196,
            "건폐율":13,
            "Y":37.355228,
            "X":126.930154,
            "rank":13.0,
            "area_info":"17평(57.4), 18평(62.29)",
            "last_sales":"2021-11-17,38700.0,17평(57.4)"
        },
        {
            "index":303,
            "아파트명":"매화주공14단지",
            "투자타입":"일반",
            "전용면적(m2)":"68.93",
            "전용면적(평)":"20평",
            "법정동주소":"경기도 군포시 산본동 1055",
            "도로명주소":"경기도 군포시 곡란로 26",
            "세대수":100,
            "입주년차":0,
            "용적률점수":"--",
            "건폐율점수":"--",
            "세대당주차수":0,
            "난방방식":100,
            "공급면적":"--",
            "전용률":"--",
            "욕실수":50,
            "현관타입":10,
            "주거총점":51.0,
            "지역구공급총점":100.0,
            "역세권":50,
            "30분내 이동가능 거점":40,
            "1시간내 이동가능 거점":100,
            "교통총점":57.0,
            "백화점":100,
            "아울렛몰":80,
            "대형마트":0,
            "은행":20,
            "병원":60,
            "종합병원":100,
            "공원":100,
            "혐오시설":0,
            "인프라총점":69.0,
            "초등학군":75.9,
            "중학군":48.84,
            "학군총점":54.252,
            "인구수":31.79,
            "인구증감":-16.46,
            "인구총점":17.315,
            "일자리":14.5,
            "소득수준":56.84,
            "일자리총점":27.202,
            "가치 총점":58.9878,
            "매매실거래년":20211110.0,
            "매매실거래가":49900.0,
            "전세실거래년":20220103.0,
            "전세실거래가":19000.0,
            "전세가율":38.38,
            "장기전세가율평균":75.23,
            "전세가율거품지수":36.85,
            "검색코드":2628,
            "세대수":1847.0,
            "준공년월":"1995-10-16",
            "준공년차":28.0,
            "가까운역이름":"금정",
            "가까운역거리":714.37,
            "역세권여부":"준역세권",
            "30분이내주요거점역":2,
            "1시간이내주요거점역":12,
            "3km이내백화점수":1,
            "5km이내아울렛몰수":1,
            "1km이내대형먀트수":0,
            "500m이내은행수":2,
            "500m이내병원수":21,
            "5km이내대형병원수":5,
            "500m이내공원수":4,
            "3km이내혐오시설수":0,
            "초등학교학업성취도":75.9,
            "중학교학업성취도":79.6,
            "용적률":148,
            "건폐율":13,
            "Y":37.375432,
            "X":126.936427,
            "rank":14.0,
            "area_info":"20평(68.93), 21평(70.29)",
            "last_sales":"2021-11-10,49900.0,21평(70.29)"
        },
        {
            "index":316,
            "아파트명":"산본주공11단지",
            "투자타입":"재건축",
            "전용면적(m2)":"50.4",
            "전용면적(평)":"15평",
            "법정동주소":"경기도 군포시 산본동 1052",
            "도로명주소":"경기도 군포시 산본천로 119-9",
            "세대수":90,
            "입주년차":"--",
            "용적률점수":60,
            "건폐율점수":100,
            "세대당주차수":"--",
            "난방방식":"--",
            "공급면적":50,
            "전용률":60,
            "욕실수":"--",
            "현관타입":"--",
            "주거총점":76.5,
            "지역구공급총점":100.0,
            "역세권":50,
            "30분내 이동가능 거점":20,
            "1시간내 이동가능 거점":80,
            "교통총점":47.0,
            "백화점":0,
            "아울렛몰":80,
            "대형마트":100,
            "은행":20,
            "병원":30,
            "종합병원":100,
            "공원":100,
            "혐오시설":0,
            "인프라총점":51.0,
            "초등학군":86.02,
            "중학군":54.88,
            "학군총점":61.108,
            "인구수":31.79,
            "인구증감":-16.46,
            "인구총점":17.315,
            "일자리":14.5,
            "소득수준":56.84,
            "일자리총점":27.202,
            "가치 총점":56.2162,
            "매매실거래년":20211014.0,
            "매매실거래가":61000.0,
            "전세실거래년":20211030.0,
            "전세실거래가":16000.0,
            "전세가율":43.54,
            "장기전세가율평균":75.23,
            "전세가율거품지수":31.69,
            "검색코드":2905,
            "세대수":1400.0,
            "준공년월":"1991-08-25",
            "준공년차":32.0,
            "가까운역이름":"산본",
            "가까운역거리":822.47,
            "역세권여부":"준역세권",
            "30분이내주요거점역":1,
            "1시간이내주요거점역":8,
            "3km이내백화점수":0,
            "5km이내아울렛몰수":1,
            "1km이내대형먀트수":3,
            "500m이내은행수":2,
            "500m이내병원수":9,
            "5km이내대형병원수":5,
            "500m이내공원수":9,
            "3km이내혐오시설수":0,
            "초등학교학업성취도":86.02,
            "중학교학업성취도":88.6,
            "용적률":183,
            "건폐율":13,
            "Y":37.365436,
            "X":126.932075,
            "rank":15.0,
            "area_info":"15평(50.4), 15평(52.55), 15평(52.81), 17평(57.15), 17평(58.61), 18평(60.33), 20평(69.1), 22평(72.96), 24평(80.18)",
            "last_sales":"2021-10-14,61000.0,24평(80.18)"
        },
        {
            "index":363,
            "아파트명":"주몽주공10단지",
            "투자타입":"일반",
            "전용면적(m2)":"53.15",
            "전용면적(평)":"16평",
            "법정동주소":"경기도 군포시 산본동 1120",
            "도로명주소":"경기도 군포시 광정로 122",
            "세대수":100,
            "입주년차":0,
            "용적률점수":"--",
            "건폐율점수":"--",
            "세대당주차수":0,
            "난방방식":100,
            "공급면적":"--",
            "전용률":"--",
            "욕실수":50,
            "현관타입":10,
            "주거총점":51.0,
            "지역구공급총점":100.0,
            "역세권":50,
            "30분내 이동가능 거점":40,
            "1시간내 이동가능 거점":100,
            "교통총점":57.0,
            "백화점":0,
            "아울렛몰":80,
            "대형마트":100,
            "은행":20,
            "병원":80,
            "종합병원":100,
            "공원":100,
            "혐오시설":0,
            "인프라총점":56.0,
            "초등학군":86.02,
            "중학군":54.88,
            "학군총점":61.108,
            "인구수":31.79,
            "인구증감":-16.46,
            "인구총점":17.315,
            "일자리":14.5,
            "소득수준":56.84,
            "일자리총점":27.202,
            "가치 총점":56.1162,
            "매매실거래년":20211123.0,
            "매매실거래가":33700.0,
            "전세실거래년":20220112.0,
            "전세실거래가":13650.0,
            "전세가율":40.5,
            "장기전세가율평균":75.23,
            "전세가율거품지수":34.73,
            "검색코드":2906,
            "세대수":2118.0,
            "준공년월":"1996-08-23",
            "준공년차":27.0,
            "가까운역이름":"산본",
            "가까운역거리":808.74,
            "역세권여부":"준역세권",
            "30분이내주요거점역":2,
            "1시간이내주요거점역":11,
            "3km이내백화점수":0,
            "5km이내아울렛몰수":1,
            "1km이내대형먀트수":3,
            "500m이내은행수":2,
            "500m이내병원수":42,
            "5km이내대형병원수":5,
            "500m이내공원수":8,
            "3km이내혐오시설수":0,
            "초등학교학업성취도":86.02,
            "중학교학업성취도":88.6,
            "용적률":203,
            "건폐율":16,
            "Y":37.36403,
            "X":126.927974,
            "rank":16.0,
            "area_info":"16평(53.15), 18평(60.34), 20평(67.76), 21평(70.29)",
            "last_sales":"2021-11-23,33700.0,16평(53.15)"
        },
        {
            "index":340,
            "아파트명":"신안모란",
            "투자타입":"일반",
            "전용면적(m2)":"84.95",
            "전용면적(평)":"25평",
            "법정동주소":"경기도 군포시 산본동 1065-4",
            "도로명주소":"경기도 군포시 고산로643번길 10",
            "세대수":80,
            "입주년차":0,
            "용적률점수":"--",
            "건폐율점수":"--",
            "세대당주차수":0,
            "난방방식":100,
            "공급면적":"--",
            "전용률":"--",
            "욕실수":50,
            "현관타입":100,
            "주거총점":53.0,
            "지역구공급총점":100.0,
            "역세권":0,
            "30분내 이동가능 거점":40,
            "1시간내 이동가능 거점":100,
            "교통총점":32.0,
            "백화점":100,
            "아울렛몰":80,
            "대형마트":80,
            "은행":70,
            "병원":60,
            "종합병원":100,
            "공원":100,
            "혐오시설":0,
            "인프라총점":86.0,
            "초등학군":86.04,
            "중학군":48.84,
            "학군총점":56.28,
            "인구수":31.79,
            "인구증감":-16.46,
            "인구총점":17.315,
            "일자리":14.5,
            "소득수준":56.84,
            "일자리총점":27.202,
            "가치 총점":56.042,
            "매매실거래년":20211122.0,
            "매매실거래가":61500.0,
            "전세실거래년":20220108.0,
            "전세실거래가":28000.0,
            "전세가율":45.53,
            "장기전세가율평균":75.23,
            "전세가율거품지수":29.7,
            "검색코드":2897,
            "세대수":716.0,
            "준공년월":"1994-10-19",
            "준공년차":29.0,
            "가까운역이름":"금정",
            "가까운역거리":1111.49,
            "역세권여부":"비역세권",
            "30분이내주요거점역":2,
            "1시간이내주요거점역":11,
            "3km이내백화점수":1,
            "5km이내아울렛몰수":1,
            "1km이내대형먀트수":1,
            "500m이내은행수":3,
            "500m이내병원수":24,
            "5km이내대형병원수":5,
            "500m이내공원수":9,
            "3km이내혐오시설수":0,
            "초등학교학업성취도":86.04,
            "중학교학업성취도":79.6,
            "용적률":242,
            "건폐율":18,
            "Y":37.370095,
            "X":126.931139,
            "rank":17.0,
            "area_info":"25평(84.95), 30평(102.13)",
            "last_sales":"2021-11-22,61500.0,25평(84.95)"
        },
        {
            "index":0,
            "아파트명":"금정쌍용",
            "투자타입":"일반",
            "전용면적(m2)":"77.4",
            "전용면적(평)":"23평",
            "법정동주소":"경기도 군포시 금정동 704",
            "도로명주소":"경기도 군포시 금정로42번길 17",
            "세대수":0,
            "입주년차":20,
            "용적률점수":"--",
            "건폐율점수":"--",
            "세대당주차수":0,
            "난방방식":30,
            "공급면적":"--",
            "전용률":"--",
            "욕실수":100,
            "현관타입":100,
            "주거총점":27.0,
            "지역구공급총점":100.0,
            "역세권":50,
            "30분내 이동가능 거점":20,
            "1시간내 이동가능 거점":100,
            "교통총점":51.0,
            "백화점":100,
            "아울렛몰":80,
            "대형마트":100,
            "은행":0,
            "병원":60,
            "종합병원":100,
            "공원":100,
            "혐오시설":0,
            "인프라총점":82.0,
            "초등학군":85.49,
            "중학군":43.9,
            "학군총점":52.218,
            "인구수":31.79,
            "인구증감":-16.46,
            "인구총점":17.315,
            "일자리":14.5,
            "소득수준":56.84,
            "일자리총점":27.202,
            "가치 총점":55.6827,
            "매매실거래년":20211016.0,
            "매매실거래가":63400.0,
            "전세실거래년":20210913.0,
            "전세실거래가":45000.0,
            "전세가율":70.98,
            "장기전세가율평균":75.23,
            "전세가율거품지수":4.25,
            "검색코드":3580,
            "세대수":264.0,
            "준공년월":"2002-10-24",
            "준공년차":21.0,
            "가까운역이름":"금정",
            "가까운역거리":713.41,
            "역세권여부":"준역세권",
            "30분이내주요거점역":1,
            "1시간이내주요거점역":11,
            "3km이내백화점수":1,
            "5km이내아울렛몰수":1,
            "1km이내대형먀트수":2,
            "500m이내은행수":0,
            "500m이내병원수":13,
            "5km이내대형병원수":5,
            "500m이내공원수":11,
            "3km이내혐오시설수":0,
            "초등학교학업성취도":85.49,
            "중학교학업성취도":71.5,
            "용적률":282,
            "건폐율":21,
            "Y":37.36631,
            "X":126.94029,
            "rank":18.0,
            "area_info":"23평(77.4), 32평(106.62), 32평(107.63)",
            "last_sales":"2021-10-16,63400.0,23평(77.4)"
        },
        {
            "index":360,
            "아파트명":"주몽마을대림",
            "투자타입":"일반",
            "전용면적(m2)":"82.22",
            "전용면적(평)":"24평",
            "법정동주소":"경기도 군포시 산본동 1121",
            "도로명주소":"경기도 군포시 고산로 596-15",
            "세대수":50,
            "입주년차":20,
            "용적률점수":"--",
            "건폐율점수":"--",
            "세대당주차수":0,
            "난방방식":100,
            "공급면적":"--",
            "전용률":"--",
            "욕실수":100,
            "현관타입":100,
            "주거총점":51.5,
            "지역구공급총점":100.0,
            "역세권":50,
            "30분내 이동가능 거점":20,
            "1시간내 이동가능 거점":100,
            "교통총점":51.0,
            "백화점":0,
            "아울렛몰":80,
            "대형마트":100,
            "은행":70,
            "병원":80,
            "종합병원":100,
            "공원":100,
            "혐오시설":0,
            "인프라총점":61.0,
            "초등학군":86.02,
            "중학군":54.88,
            "학군총점":61.108,
            "인구수":31.79,
            "인구증감":-16.46,
            "인구총점":17.315,
            "일자리":14.5,
            "소득수준":56.84,
            "일자리총점":27.202,
            "가치 총점":55.6162,
            "매매실거래년":20211014.0,
            "매매실거래가":78500.0,
            "전세실거래년":20220110.0,
            "전세실거래가":38300.0,
            "전세가율":48.79,
            "장기전세가율평균":75.23,
            "전세가율거품지수":26.44,
            "검색코드":3584,
            "세대수":525.0,
            "준공년월":"2002-01-31",
            "준공년차":21.0,
            "가까운역이름":"산본",
            "가까운역거리":768.94,
            "역세권여부":"준역세권",
            "30분이내주요거점역":1,
            "1시간이내주요거점역":10,
            "3km이내백화점수":0,
            "5km이내아울렛몰수":1,
            "1km이내대형먀트수":3,
            "500m이내은행수":3,
            "500m이내병원수":54,
            "5km이내대형병원수":5,
            "500m이내공원수":6,
            "3km이내혐오시설수":0,
            "초등학교학업성취도":86.02,
            "중학교학업성취도":88.6,
            "용적률":215,
            "건폐율":18,
            "Y":37.364359,
            "X":126.929572,
            "rank":19.0,
            "area_info":"24평(82.22), 24평(82.22), 34평(112.42)",
            "last_sales":"2021-10-14,78500.0,24평(82.22)"
        },
        {
            "index":264,
            "아파트명":"가야주공5단지1차",
            "투자타입":"일반",
            "전용면적(m2)":"57.4",
            "전용면적(평)":"17평",
            "법정동주소":"경기도 군포시 산본동 1155",
            "도로명주소":"경기도 군포시 번영로 403",
            "세대수":100,
            "입주년차":0,
            "용적률점수":"--",
            "건폐율점수":"--",
            "세대당주차수":0,
            "난방방식":100,
            "공급면적":"--",
            "전용률":"--",
            "욕실수":50,
            "현관타입":10,
            "주거총점":51.0,
            "지역구공급총점":100.0,
            "역세권":80,
            "30분내 이동가능 거점":60,
            "1시간내 이동가능 거점":100,
            "교통총점":78.0,
            "백화점":0,
            "아울렛몰":80,
            "대형마트":0,
            "은행":0,
            "병원":0,
            "종합병원":100,
            "공원":100,
            "혐오시설":0,
            "인프라총점":31.0,
            "초등학군":78.55,
            "중학군":52.64,
            "학군총점":57.822,
            "인구수":31.79,
            "인구증감":-16.46,
            "인구총점":17.315,
            "일자리":14.5,
            "소득수준":56.84,
            "일자리총점":27.202,
            "가치 총점":55.4733,
            "매매실거래년":20211224.0,
            "매매실거래가":55300.0,
            "전세실거래년":20211219.0,
            "전세실거래가":18000.0,
            "전세가율":39.56,
            "장기전세가율평균":75.23,
            "전세가율거품지수":35.67,
            "검색코드":2886,
            "세대수":1601.0,
            "준공년월":"1993-06-16",
            "준공년차":30.0,
            "가까운역이름":"수리산",
            "가까운역거리":215.44,
            "역세권여부":"역세권",
            "30분이내주요거점역":3,
            "1시간이내주요거점역":13,
            "3km이내백화점수":0,
            "5km이내아울렛몰수":1,
            "1km이내대형먀트수":0,
            "500m이내은행수":0,
            "500m이내병원수":1,
            "5km이내대형병원수":4,
            "500m이내공원수":6,
            "3km이내혐오시설수":0,
            "초등학교학업성취도":78.55,
            "중학교학업성취도":85.4,
            "용적률":129,
            "건폐율":9,
            "Y":37.351627,
            "X":126.92455,
            "rank":20.0,
            "area_info":"17평(57.4), 18평(62.35), 19평(63.57), 23평(79.22), 24평(80.26)",
            "last_sales":"2021-12-24,55300.0,23평(79.22)"
        },
        {
            "index":336,
            "아파트명":"솔거대림",
            "투자타입":"일반",
            "전용면적(m2)":"112.47",
            "전용면적(평)":"34평",
            "법정동주소":"경기도 군포시 산본동 1146",
            "도로명주소":"경기도 군포시 광정로 119",
            "세대수":90,
            "입주년차":0,
            "용적률점수":"--",
            "건폐율점수":"--",
            "세대당주차수":30,
            "난방방식":100,
            "공급면적":"--",
            "전용률":"--",
            "욕실수":100,
            "현관타입":100,
            "주거총점":66.0,
            "지역구공급총점":100.0,
            "역세권":50,
            "30분내 이동가능 거점":20,
            "1시간내 이동가능 거점":70,
            "교통총점":45.0,
            "백화점":0,
            "아울렛몰":80,
            "대형마트":100,
            "은행":20,
            "병원":100,
            "종합병원":100,
            "공원":100,
            "혐오시설":0,
            "인프라총점":58.0,
            "초등학군":88.14,
            "중학군":52.42,
            "학군총점":59.564,
            "인구수":31.79,
            "인구증감":-16.46,
            "인구총점":17.315,
            "일자리":14.5,
            "소득수준":56.84,
            "일자리총점":27.202,
            "가치 총점":55.2846,
            "매매실거래년":20211206.0,
            "매매실거래가":75500.0,
            "전세실거래년":20220108.0,
            "전세실거래가":55000.0,
            "전세가율":72.85,
            "장기전세가율평균":75.23,
            "전세가율거품지수":2.38,
            "검색코드":2895,
            "세대수":1158.0,
            "준공년월":"1993-09-02",
            "준공년차":30.0,
            "가까운역이름":"산본",
            "가까운역거리":692.11,
            "역세권여부":"준역세권",
            "30분이내주요거점역":1,
            "1시간이내주요거점역":7,
            "3km이내백화점수":0,
            "5km이내아울렛몰수":1,
            "1km이내대형먀트수":3,
            "500m이내은행수":2,
            "500m이내병원수":78,
            "5km이내대형병원수":5,
            "500m이내공원수":6,
            "3km이내혐오시설수":0,
            "초등학교학업성취도":88.14,
            "중학교학업성취도":85.3,
            "용적률":220,
            "건폐율":14,
            "Y":37.361604,
            "X":126.926801,
            "rank":21.0,
            "area_info":"34평(112.47), 37평(125.22), 46평(152.27), 60평(198.77)",
            "last_sales":"2021-12-06,75500.0,34평(112.47)"
        },
        {
            "index":12,
            "아파트명":"무궁화(화성)",
            "투자타입":"재건축",
            "전용면적(m2)":"120.9",
            "전용면적(평)":"36평",
            "법정동주소":"경기도 군포시 금정동 849-1",
            "도로명주소":"경기도 군포시 번영로550번길 6",
            "세대수":50,
            "입주년차":"--",
            "용적률점수":0,
            "건폐율점수":0,
            "세대당주차수":"--",
            "난방방식":"--",
            "공급면적":100,
            "전용률":80,
            "욕실수":"--",
            "현관타입":"--",
            "주거총점":24.0,
            "지역구공급총점":100.0,
            "역세권":80,
            "30분내 이동가능 거점":20,
            "1시간내 이동가능 거점":100,
            "교통총점":66.0,
            "백화점":0,
            "아울렛몰":80,
            "대형마트":100,
            "은행":100,
            "병원":80,
            "종합병원":100,
            "공원":100,
            "혐오시설":0,
            "인프라총점":64.0,
            "초등학군":89.36,
            "중학군":43.9,
            "학군총점":52.992,
            "인구수":31.79,
            "인구증감":-16.46,
            "인구총점":17.315,
            "일자리":14.5,
            "소득수준":56.84,
            "일자리총점":27.202,
            "가치 총점":55.0488,
            "매매실거래년":20211101.0,
            "매매실거래가":60000.0,
            "전세실거래년":20210913.0,
            "전세실거래가":55000.0,
            "전세가율":91.67,
            "장기전세가율평균":75.23,
            "전세가율거품지수":-16.44,
            "검색코드":2880,
            "세대수":402.0,
            "준공년월":"1992-12-15",
            "준공년차":31.0,
            "가까운역이름":"산본",
            "가까운역거리":376.35,
            "역세권여부":"역세권",
            "30분이내주요거점역":1,
            "1시간이내주요거점역":10,
            "3km이내백화점수":0,
            "5km이내아울렛몰수":1,
            "1km이내대형먀트수":3,
            "500m이내은행수":5,
            "500m이내병원수":43,
            "5km이내대형병원수":5,
            "500m이내공원수":5,
            "3km이내혐오시설수":0,
            "초등학교학업성취도":89.36,
            "중학교학업성취도":71.5,
            "용적률":220,
            "건폐율":0,
            "Y":37.3594,
            "X":126.937206,
            "rank":22.0,
            "area_info":"36평(120.9), 47평(156.4)",
            "last_sales":"2021-11-01,60000.0,36평(120.9)"
        },
        {
            "index":92,
            "아파트명":"동아",
            "투자타입":"일반",
            "전용면적(m2)":"92.49",
            "전용면적(평)":"27평",
            "법정동주소":"경기도 군포시 당동 900",
            "도로명주소":"경기도 군포시 군포로490번길 22",
            "세대수":50,
            "입주년차":0,
            "용적률점수":"--",
            "건폐율점수":"--",
            "세대당주차수":0,
            "난방방식":100,
            "공급면적":"--",
            "전용률":"--",
            "욕실수":50,
            "현관타입":100,
            "주거총점":42.5,
            "지역구공급총점":100.0,
            "역세권":80,
            "30분내 이동가능 거점":40,
            "1시간내 이동가능 거점":100,
            "교통총점":72.0,
            "백화점":0,
            "아울렛몰":80,
            "대형마트":0,
            "은행":20,
            "병원":80,
            "종합병원":100,
            "공원":100,
            "혐오시설":0,
            "인프라총점":41.0,
            "초등학군":89.35,
            "중학군":50.86,
            "학군총점":58.558,
            "인구수":31.79,
            "인구증감":-16.46,
            "인구총점":17.315,
            "일자리":14.5,
            "소득수준":56.84,
            "일자리총점":27.202,
            "가치 총점":54.7837,
            "매매실거래년":20211009.0,
            "매매실거래가":49500.0,
            "전세실거래년":20211118.0,
            "전세실거래가":30000.0,
            "전세가율":60.61,
            "장기전세가율평균":75.23,
            "전세가율거품지수":14.62,
            "검색코드":1664,
            "세대수":483.0,
            "준공년월":"1993-04-15",
            "준공년차":30.0,
            "가까운역이름":"군포",
            "가까운역거리":451.95,
            "역세권여부":"역세권",
            "30분이내주요거점역":2,
            "1시간이내주요거점역":12,
            "3km이내백화점수":0,
            "5km이내아울렛몰수":1,
            "1km이내대형먀트수":0,
            "500m이내은행수":2,
            "500m이내병원수":33,
            "5km이내대형병원수":4,
            "500m이내공원수":8,
            "3km이내혐오시설수":0,
            "초등학교학업성취도":89.35,
            "중학교학업성취도":82.5,
            "용적률":209,
            "건폐율":18,
            "Y":37.349719,
            "X":126.94679,
            "rank":23.0,
            "area_info":"27평(92.49), 31평(102.92), 42평(140.01)",
            "last_sales":"2021-10-09,49500.0,27평(92.49)"
        },
        {
            "index":126,
            "아파트명":"주공3단지",
            "투자타입":"일반",
            "전용면적(m2)":"77.29",
            "전용면적(평)":"23평",
            "법정동주소":"경기도 군포시 당동 886",
            "도로명주소":"경기도 군포시 용호2로54번길 11",
            "세대수":80,
            "입주년차":0,
            "용적률점수":"--",
            "건폐율점수":"--",
            "세대당주차수":0,
            "난방방식":100,
            "공급면적":"--",
            "전용률":"--",
            "욕실수":50,
            "현관타입":100,
            "주거총점":53.0,
            "지역구공급총점":100.0,
            "역세권":80,
            "30분내 이동가능 거점":40,
            "1시간내 이동가능 거점":80,
            "교통총점":68.0,
            "백화점":0,
            "아울렛몰":80,
            "대형마트":0,
            "은행":20,
            "병원":60,
            "종합병원":100,
            "공원":100,
            "혐오시설":0,
            "인프라총점":39.0,
            "초등학군":83.14,
            "중학군":50.86,
            "학군총점":57.316,
            "인구수":31.79,
            "인구증감":-16.46,
            "인구총점":17.315,
            "일자리":14.5,
            "소득수준":56.84,
            "일자리총점":27.202,
            "가치 총점":54.6974,
            "매매실거래년":20211016.0,
            "매매실거래가":51500.0,
            "전세실거래년":20211213.0,
            "전세실거래가":26250.0,
            "전세가율":50.97,
            "장기전세가율평균":75.23,
            "전세가율거품지수":24.26,
            "검색코드":2573,
            "세대수":830.0,
            "준공년월":"1997-09-30",
            "준공년차":26.0,
            "가까운역이름":"당정",
            "가까운역거리":280.25,
            "역세권여부":"역세권",
            "30분이내주요거점역":2,
            "1시간이내주요거점역":8,
            "3km이내백화점수":0,
            "5km이내아울렛몰수":1,
            "1km이내대형먀트수":0,
            "500m이내은행수":2,
            "500m이내병원수":21,
            "5km이내대형병원수":3,
            "500m이내공원수":15,
            "3km이내혐오시설수":0,
            "초등학교학업성취도":83.14,
            "중학교학업성취도":82.5,
            "용적률":248,
            "건폐율":15,
            "Y":37.345255,
            "X":126.945419,
            "rank":24.0,
            "area_info":"23평(77.29), 32평(106.62)",
            "last_sales":"2021-10-16,51500.0,23평(77.29)"
        },
        {
            "index":128,
            "아파트명":"주공4단지",
            "투자타입":"일반",
            "전용면적(m2)":"80.33",
            "전용면적(평)":"24평",
            "법정동주소":"경기도 군포시 당동 885",
            "도로명주소":"경기도 군포시 용호2로 36",
            "세대수":80,
            "입주년차":0,
            "용적률점수":"--",
            "건폐율점수":"--",
            "세대당주차수":0,
            "난방방식":100,
            "공급면적":"--",
            "전용률":"--",
            "욕실수":50,
            "현관타입":100,
            "주거총점":53.0,
            "지역구공급총점":100.0,
            "역세권":80,
            "30분내 이동가능 거점":40,
            "1시간내 이동가능 거점":80,
            "교통총점":68.0,
            "백화점":0,
            "아울렛몰":80,
            "대형마트":0,
            "은행":20,
            "병원":60,
            "종합병원":100,
            "공원":100,
            "혐오시설":0,
            "인프라총점":39.0,
            "초등학군":83.14,
            "중학군":50.86,
            "학군총점":57.316,
            "인구수":31.79,
            "인구증감":-16.46,
            "인구총점":17.315,
            "일자리":14.5,
            "소득수준":56.84,
            "일자리총점":27.202,
            "가치 총점":54.6974,
            "매매실거래년":20211222.0,
            "매매실거래가":57500.0,
            "전세실거래년":20220103.0,
            "전세실거래가":24000.0,
            "전세가율":41.74,
            "장기전세가율평균":75.23,
            "전세가율거품지수":33.49,
            "검색코드":2574,
            "세대수":800.0,
            "준공년월":"1997-07-14",
            "준공년차":26.0,
            "가까운역이름":"당정",
            "가까운역거리":394.46,
            "역세권여부":"역세권",
            "30분이내주요거점역":2,
            "1시간이내주요거점역":8,
            "3km이내백화점수":0,
            "5km이내아울렛몰수":1,
            "1km이내대형먀트수":0,
            "500m이내은행수":2,
            "500m이내병원수":21,
            "5km이내대형병원수":3,
            "500m이내공원수":11,
            "3km이내혐오시설수":0,
            "초등학교학업성취도":83.14,
            "중학교학업성취도":82.5,
            "용적률":223,
            "건폐율":17,
            "Y":37.344115,
            "X":126.943888,
            "rank":24.0,
            "area_info":"24평(80.33)",
            "last_sales":"2021-12-22,57500.0,24평(80.33)"
        },
        {
            "index":348,
            "아파트명":"을지삼익,한일",
            "투자타입":"일반",
            "전용면적(m2)":"123.38",
            "전용면적(평)":"37평",
            "법정동주소":"경기도 군포시 산본동 1145-14",
            "도로명주소":"경기도 군포시 산본천로 12",
            "세대수":80,
            "입주년차":0,
            "용적률점수":"--",
            "건폐율점수":"--",
            "세대당주차수":0,
            "난방방식":100,
            "공급면적":"--",
            "전용률":"--",
            "욕실수":100,
            "현관타입":100,
            "주거총점":58.0,
            "지역구공급총점":100.0,
            "역세권":50,
            "30분내 이동가능 거점":20,
            "1시간내 이동가능 거점":90,
            "교통총점":49.0,
            "백화점":0,
            "아울렛몰":80,
            "대형마트":100,
            "은행":20,
            "병원":80,
            "종합병원":100,
            "공원":100,
            "혐오시설":0,
            "인프라총점":56.0,
            "초등학군":84.02,
            "중학군":52.42,
            "학군총점":58.74,
            "인구수":31.79,
            "인구증감":-16.46,
            "인구총점":17.315,
            "일자리":14.5,
            "소득수준":56.84,
            "일자리총점":27.202,
            "가치 총점":54.361,
            "매매실거래년":20211002.0,
            "매매실거래가":88000.0,
            "전세실거래년":20220115.0,
            "전세실거래가":60000.0,
            "전세가율":81.63,
            "장기전세가율평균":75.23,
            "전세가율거품지수":-6.4,
            "검색코드":2901,
            "세대수":818.0,
            "준공년월":"1993-09-27",
            "준공년차":30.0,
            "가까운역이름":"산본",
            "가까운역거리":601.3,
            "역세권여부":"준역세권",
            "30분이내주요거점역":1,
            "1시간이내주요거점역":9,
            "3km이내백화점수":0,
            "5km이내아울렛몰수":1,
            "1km이내대형먀트수":3,
            "500m이내은행수":2,
            "500m이내병원수":58,
            "5km이내대형병원수":5,
            "500m이내공원수":10,
            "3km이내혐오시설수":0,
            "초등학교학업성취도":84.02,
            "중학교학업성취도":85.3,
            "용적률":219,
            "건폐율":13,
            "Y":37.357529,
            "X":126.926509,
            "rank":25.0,
            "area_info":"37평(123.38), 38평(126.84), 38평(126.84), 43평(145.43), 48평(160.1), 49평(163.69), 69평(228.35)",
            "last_sales":"2021-10-02,88000.0,43평(145.43)"
        },
        {
            "index":159,
            "아파트명":"대원칸타빌",
            "투자타입":"일반",
            "전용면적(m2)":"96.64",
            "전용면적(평)":"29평",
            "법정동주소":"경기도 군포시 당정동 1012-3",
            "도로명주소":"경기도 군포시 당정역로 16",
            "세대수":0,
            "입주년차":60,
            "용적률점수":"--",
            "건폐율점수":"--",
            "세대당주차수":60,
            "난방방식":100,
            "공급면적":"--",
            "전용률":"--",
            "욕실수":100,
            "현관타입":100,
            "주거총점":51.0,
            "지역구공급총점":100.0,
            "역세권":80,
            "30분내 이동가능 거점":60,
            "1시간내 이동가능 거점":80,
            "교통총점":74.0,
            "백화점":0,
            "아울렛몰":80,
            "대형마트":0,
            "은행":0,
            "병원":10,
            "종합병원":100,
            "공원":100,
            "혐오시설":0,
            "인프라총점":32.0,
            "초등학군":83.14,
            "중학군":50.86,
            "학군총점":57.316,
            "인구수":31.79,
            "인구증감":-16.46,
            "인구총점":17.315,
            "일자리":14.5,
            "소득수준":56.84,
            "일자리총점":27.202,
            "가치 총점":54.2974,
            "매매실거래년":20210903.0,
            "매매실거래가":62000.0,
            "전세실거래년":null,
            "전세실거래가":null,
            "전세가율":null,
            "장기전세가율평균":75.23,
            "전세가율거품지수":null,
            "검색코드":100143,
            "세대수":262.0,
            "준공년월":"2009-02-25",
            "준공년차":14.0,
            "가까운역이름":"당정",
            "가까운역거리":260.56,
            "역세권여부":"역세권",
            "30분이내주요거점역":3,
            "1시간이내주요거점역":8,
            "3km이내백화점수":0,
            "5km이내아울렛몰수":1,
            "1km이내대형먀트수":0,
            "500m이내은행수":0,
            "500m이내병원수":2,
            "5km이내대형병원수":3,
            "500m이내공원수":8,
            "3km이내혐오시설수":0,
            "초등학교학업성취도":83.14,
            "중학교학업성취도":82.5,
            "용적률":0,
            "건폐율":0,
            "Y":37.342101,
            "X":126.949413,
            "rank":26.0,
            "area_info":"29평(96.64), 29평(98.18), 32평(106.66), 32평(108.3), 34평(112.94), 34평(114.01), 34평(114.15), 34평(114.77), 40평(135.17), 45평(150.4), 46평(152.36), 46평(153.36), 46평(153.15), 47평(157.33), 52평(174.45)",
            "last_sales":"2021-09-03,62000.0,32평(108.3)"
        },
        {
            "index":174,
            "아파트명":"청천마을대우",
            "투자타입":"일반",
            "전용면적(m2)":"107.01",
            "전용면적(평)":"32평",
            "법정동주소":"경기도 군포시 당정동 1025-1",
            "도로명주소":"경기도 군포시 당정역로 9",
            "세대수":50,
            "입주년차":40,
            "용적률점수":"--",
            "건폐율점수":"--",
            "세대당주차수":30,
            "난방방식":100,
            "공급면적":"--",
            "전용률":"--",
            "욕실수":100,
            "현관타입":100,
            "주거총점":60.0,
            "지역구공급총점":100.0,
            "역세권":80,
            "30분내 이동가능 거점":40,
            "1시간내 이동가능 거점":80,
            "교통총점":68.0,
            "백화점":0,
            "아울렛몰":80,
            "대형마트":0,
            "은행":0,
            "병원":10,
            "종합병원":100,
            "공원":100,
            "혐오시설":0,
            "인프라총점":32.0,
            "초등학군":88.13,
            "중학군":50.86,
            "학군총점":58.314,
            "인구수":31.79,
            "인구증감":-16.46,
            "인구총점":17.315,
            "일자리":14.5,
            "소득수준":56.84,
            "일자리총점":27.202,
            "가치 총점":54.1471,
            "매매실거래년":20210827.0,
            "매매실거래가":60000.0,
            "전세실거래년":20211210.0,
            "전세실거래가":29400.0,
            "전세가율":49.0,
            "장기전세가율평균":75.23,
            "전세가율거품지수":26.23,
            "검색코드":12939,
            "세대수":565.0,
            "준공년월":"2004-03-25",
            "준공년차":19.0,
            "가까운역이름":"당정",
            "가까운역거리":340.17,
            "역세권여부":"역세권",
            "30분이내주요거점역":2,
            "1시간이내주요거점역":8,
            "3km이내백화점수":0,
            "5km이내아울렛몰수":1,
            "1km이내대형먀트수":0,
            "500m이내은행수":0,
            "500m이내병원수":2,
            "5km이내대형병원수":3,
            "500m이내공원수":8,
            "3km이내혐오시설수":0,
            "초등학교학업성취도":88.13,
            "중학교학업성취도":82.5,
            "용적률":257,
            "건폐율":19,
            "Y":37.342733,
            "X":126.951661,
            "rank":27.0,
            "area_info":"32평(107.01), 32평(107.33)",
            "last_sales":"2021-08-27,60000.0,32평(107.01)"
        },
        {
            "index":379,
            "아파트명":"한양목련",
            "투자타입":"일반",
            "전용면적(m2)":"99.77",
            "전용면적(평)":"30평",
            "법정동주소":"경기도 군포시 산본동 1088",
            "도로명주소":"경기도 군포시 산본로432번길 25",
            "세대수":90,
            "입주년차":0,
            "용적률점수":"--",
            "건폐율점수":"--",
            "세대당주차수":60,
            "난방방식":100,
            "공급면적":"--",
            "전용률":"--",
            "욕실수":100,
            "현관타입":100,
            "주거총점":70.5,
            "지역구공급총점":100.0,
            "역세권":0,
            "30분내 이동가능 거점":20,
            "1시간내 이동가능 거점":70,
            "교통총점":20.0,
            "백화점":100,
            "아울렛몰":80,
            "대형마트":100,
            "은행":0,
            "병원":30,
            "종합병원":100,
            "공원":100,
            "혐오시설":0,
            "인프라총점":79.0,
            "초등학군":89.33,
            "중학군":54.88,
            "학군총점":61.77,
            "인구수":31.79,
            "인구증감":-16.46,
            "인구총점":17.315,
            "일자리":14.5,
            "소득수준":56.84,
            "일자리총점":27.202,
            "가치 총점":54.0655,
            "매매실거래년":20200706.0,
            "매매실거래가":65900.0,
            "전세실거래년":null,
            "전세실거래가":null,
            "전세가율":null,
            "장기전세가율평균":75.23,
            "전세가율거품지수":null,
            "검색코드":2888,
            "세대수":1040.0,
            "준공년월":"1994-10-14",
            "준공년차":29.0,
            "가까운역이름":"금정",
            "가까운역거리":1319.67,
            "역세권여부":"비역세권",
            "30분이내주요거점역":1,
            "1시간이내주요거점역":7,
            "3km이내백화점수":1,
            "5km이내아울렛몰수":1,
            "1km이내대형먀트수":2,
            "500m이내은행수":1,
            "500m이내병원수":9,
            "5km이내대형병원수":5,
            "500m이내공원수":8,
            "3km이내혐오시설수":0,
            "초등학교학업성취도":89.33,
            "중학교학업성취도":88.6,
            "용적률":218,
            "건폐율":14,
            "Y":37.369552,
            "X":126.928878,
            "rank":28.0,
            "area_info":"30평(99.77), 31평(103.64), 32평(107.61), 35평(118.54), 35평(118.54), 39평(129.52), 39평(131.96), 41평(138.69), 46평(153.59), 46평(153.05), 46평(153.59), 46평(154.13), 47평(156.05), 54평(180.99), 54평(181.21), 57평(190.89), 58평(192.1), 64평(213.82), 64평(213.96)",
            "last_sales":"2020-07-06,65900.0,64평(213.96)"
        },
        {
            "index":176,
            "아파트명":"청천마을성원",
            "투자타입":"일반",
            "전용면적(m2)":"109.63",
            "전용면적(평)":"33평",
            "법정동주소":"경기도 군포시 당정동 997-1",
            "도로명주소":"경기도 군포시 고산로185번길 31",
            "세대수":50,
            "입주년차":40,
            "용적률점수":"--",
            "건폐율점수":"--",
            "세대당주차수":30,
            "난방방식":100,
            "공급면적":"--",
            "전용률":"--",
            "욕실수":100,
            "현관타입":100,
            "주거총점":60.0,
            "지역구공급총점":100.0,
            "역세권":80,
            "30분내 이동가능 거점":40,
            "1시간내 이동가능 거점":80,
            "교통총점":68.0,
            "백화점":0,
            "아울렛몰":80,
            "대형마트":0,
            "은행":0,
            "병원":10,
            "종합병원":100,
            "공원":100,
            "혐오시설":0,
            "인프라총점":32.0,
            "초등학군":88.13,
            "중학군":49.2,
            "학군총점":56.986,
            "인구수":31.79,
            "인구증감":-16.46,
            "인구총점":17.315,
            "일자리":14.5,
            "소득수준":56.84,
            "일자리총점":27.202,
            "가치 총점":53.9479,
            "매매실거래년":20210821.0,
            "매매실거래가":68000.0,
            "전세실거래년":20220113.0,
            "전세실거래가":36000.0,
            "전세가율":57.14,
            "장기전세가율평균":75.23,
            "전세가율거품지수":18.09,
            "검색코드":8146,
            "세대수":492.0,
            "준공년월":"2004-04-29",
            "준공년차":19.0,
            "가까운역이름":"당정",
            "가까운역거리":388.49,
            "역세권여부":"역세권",
            "30분이내주요거점역":2,
            "1시간이내주요거점역":8,
            "3km이내백화점수":0,
            "5km이내아울렛몰수":1,
            "1km이내대형먀트수":0,
            "500m이내은행수":0,
            "500m이내병원수":3,
            "5km이내대형병원수":3,
            "500m이내공원수":9,
            "3km이내혐오시설수":0,
            "초등학교학업성취도":88.13,
            "중학교학업성취도":81.0,
            "용적률":0,
            "건폐율":0,
            "Y":37.34388,
            "X":126.95271,
            "rank":29.0,
            "area_info":"33평(109.63), 44평(147.54)",
            "last_sales":"2021-08-21,68000.0,44평(147.54)"
        },
        {
            "index":67,
            "아파트명":"당동누리에뜰해밀",
            "투자타입":"일반",
            "전용면적(m2)":"101.93",
            "전용면적(평)":"30평",
            "법정동주소":"경기도 군포시 당동 780-2",
            "도로명주소":"경기도 군포시 군포로510번길 25",
            "세대수":0,
            "입주년차":40,
            "용적률점수":"--",
            "건폐율점수":"--",
            "세대당주차수":60,
            "난방방식":30,
            "공급면적":"--",
            "전용률":"--",
            "욕실수":100,
            "현관타입":100,
            "주거총점":40.0,
            "지역구공급총점":100.0,
            "역세권":80,
            "30분내 이동가능 거점":60,
            "1시간내 이동가능 거점":100,
            "교통총점":78.0,
            "백화점":0,
            "아울렛몰":80,
            "대형마트":0,
            "은행":0,
            "병원":60,
            "종합병원":100,
            "공원":100,
            "혐오시설":0,
            "인프라총점":37.0,
            "초등학군":89.35,
            "중학군":35.6,
            "학군총점":46.35,
            "인구수":31.79,
            "인구증감":-16.46,
            "인구총점":17.315,
            "일자리":14.5,
            "소득수준":56.84,
            "일자리총점":27.202,
            "가치 총점":53.3525,
            "매매실거래년":20210120.0,
            "매매실거래가":28500.0,
            "전세실거래년":20201228.0,
            "전세실거래가":27000.0,
            "전세가율":96.43,
            "장기전세가율평균":75.23,
            "전세가율거품지수":-21.2,
            "검색코드":22430,
            "세대수":108.0,
            "준공년월":"2006-11-14",
            "준공년차":17.0,
            "가까운역이름":"군포",
            "가까운역거리":238.8,
            "역세권여부":"역세권",
            "30분이내주요거점역":3,
            "1시간이내주요거점역":13,
            "3km이내백화점수":0,
            "5km이내아울렛몰수":1,
            "1km이내대형먀트수":0,
            "500m이내은행수":1,
            "500m이내병원수":22,
            "5km이내대형병원수":4,
            "500m이내공원수":8,
            "3km이내혐오시설수":0,
            "초등학교학업성취도":89.35,
            "중학교학업성취도":58.8,
            "용적률":719,
            "건폐율":78,
            "Y":37.352077,
            "X":126.946508,
            "rank":30.0,
            "area_info":"30평(101.93), 31평(104.9), 31평(104.69), 31평(105.29), 36평(121.7), 39평(131.77)",
            "last_sales":"2021-01-20,28500.0,31평(105.29)"
        },
        {
            "index":186,
            "아파트명":"군포대야미역서해그랑블",
            "투자타입":"일반",
            "전용면적(m2)":"81.95",
            "전용면적(평)":"24평",
            "법정동주소":"경기도 군포시 대야미동 666-1번지 외 3필지",
            "도로명주소":"경기도 군포시 군포로 109-143",
            "세대수":0,
            "입주년차":100,
            "용적률점수":"--",
            "건폐율점수":"--",
            "세대당주차수":30,
            "난방방식":30,
            "공급면적":"--",
            "전용률":"--",
            "욕실수":100,
            "현관타입":100,
            "주거총점":47.5,
            "지역구공급총점":100.0,
            "역세권":80,
            "30분내 이동가능 거점":40,
            "1시간내 이동가능 거점":100,
            "교통총점":72.0,
            "백화점":0,
            "아울렛몰":80,
            "대형마트":0,
            "은행":0,
            "병원":10,
            "종합병원":100,
            "공원":100,
            "혐오시설":0,
            "인프라총점":32.0,
            "초등학군":82.93,
            "중학군":48.76,
            "학군총점":55.594,
            "인구수":31.79,
            "인구증감":-16.46,
            "인구총점":17.315,
            "일자리":14.5,
            "소득수준":56.84,
            "일자리총점":27.202,
            "가치 총점":52.6391,
            "매매실거래년":"18000101",
            "매매실거래가":null,
            "전세실거래년":null,
            "전세실거래가":null,
            "전세가율":null,
            "장기전세가율평균":75.23,
            "전세가율거품지수":null,
            "검색코드":128389,
            "세대수":184.0,
            "준공년월":"2021-10-01",
            "준공년차":2.0,
            "가까운역이름":"대야미",
            "가까운역거리":205.32,
            "역세권여부":"역세권",
            "30분이내주요거점역":2,
            "1시간이내주요거점역":10,
            "3km이내백화점수":0,
            "5km이내아울렛몰수":1,
            "1km이내대형먀트수":0,
            "500m이내은행수":0,
            "500m이내병원수":3,
            "5km이내대형병원수":3,
            "500m이내공원수":4,
            "3km이내혐오시설수":0,
            "초등학교학업성취도":82.93,
            "중학교학업성취도":79.2,
            "용적률":0,
            "건폐율":0,
            "Y":37.326716,
            "X":126.916595,
            "rank":31.0,
            "area_info":"24평(81.95), 25평(83.71), 28평(94.63), 30평(99.75)",
            "last_sales":"1800-01-01,nan,24평(81.95)"
        },
        {
            "index":95,
            "아파트명":"두산",
            "투자타입":"재건축",
            "전용면적(m2)":"70.19",
            "전용면적(평)":"21평",
            "법정동주소":"경기도 군포시 당동 907",
            "도로명주소":"경기도 군포시 군포로464번길 19",
            "세대수":30,
            "입주년차":"--",
            "용적률점수":0,
            "건폐율점수":80,
            "세대당주차수":"--",
            "난방방식":"--",
            "공급면적":50,
            "전용률":60,
            "욕실수":"--",
            "현관타입":"--",
            "주거총점":30.5,
            "지역구공급총점":100.0,
            "역세권":80,
            "30분내 이동가능 거점":40,
            "1시간내 이동가능 거점":90,
            "교통총점":70.0,
            "백화점":0,
            "아울렛몰":80,
            "대형마트":0,
            "은행":70,
            "병원":60,
            "종합병원":100,
            "공원":100,
            "혐오시설":0,
            "인프라총점":44.0,
            "초등학군":89.35,
            "중학군":50.86,
            "학군총점":58.558,
            "인구수":31.79,
            "인구증감":-16.46,
            "인구총점":17.315,
            "일자리":14.5,
            "소득수준":56.84,
            "일자리총점":27.202,
            "가치 총점":52.5837,
            "매매실거래년":20210909.0,
            "매매실거래가":57000.0,
            "전세실거래년":20210527.0,
            "전세실거래가":16800.0,
            "전세가율":56.57,
            "장기전세가율평균":75.23,
            "전세가율거품지수":18.66,
            "검색코드":1665,
            "세대수":398.0,
            "준공년월":"1992-12-26",
            "준공년차":31.0,
            "가까운역이름":"당정",
            "가까운역거리":466.51,
            "역세권여부":"역세권",
            "30분이내주요거점역":2,
            "1시간이내주요거점역":9,
            "3km이내백화점수":0,
            "5km이내아울렛몰수":1,
            "1km이내대형먀트수":0,
            "500m이내은행수":3,
            "500m이내병원수":29,
            "5km이내대형병원수":3,
            "500m이내공원수":11,
            "3km이내혐오시설수":0,
            "초등학교학업성취도":89.35,
            "중학교학업성취도":82.5,
            "용적률":221,
            "건폐율":21,
            "Y":37.347998,
            "X":126.945888,
            "rank":32.0,
            "area_info":"21평(70.19), 24평(81.56), 28평(95.23)",
            "last_sales":"2021-09-09,57000.0,28평(95.23)"
        },
        {
            "index":114,
            "아파트명":"쌍용",
            "투자타입":"일반",
            "전용면적(m2)":"120.73",
            "전용면적(평)":"36평",
            "법정동주소":"경기도 군포시 당동 873",
            "도로명주소":"경기도 군포시 용호2로 51",
            "세대수":80,
            "입주년차":0,
            "용적률점수":"--",
            "건폐율점수":"--",
            "세대당주차수":60,
            "난방방식":100,
            "공급면적":"--",
            "전용률":"--",
            "욕실수":100,
            "현관타입":100,
            "주거총점":67.0,
            "지역구공급총점":100.0,
            "역세권":50,
            "30분내 이동가능 거점":40,
            "1시간내 이동가능 거점":60,
            "교통총점":49.0,
            "백화점":0,
            "아울렛몰":80,
            "대형마트":0,
            "은행":70,
            "병원":60,
            "종합병원":100,
            "공원":100,
            "혐오시설":0,
            "인프라총점":44.0,
            "초등학군":88.82,
            "중학군":50.86,
            "학군총점":58.452,
            "인구수":31.79,
            "인구증감":-16.46,
            "인구총점":17.315,
            "일자리":14.5,
            "소득수준":56.84,
            "일자리총점":27.202,
            "가치 총점":52.5178,
            "매매실거래년":20211228.0,
            "매매실거래가":85000.0,
            "전세실거래년":20211229.0,
            "전세실거래가":32550.0,
            "전세가율":61.42,
            "장기전세가율평균":75.23,
            "전세가율거품지수":13.81,
            "검색코드":2571,
            "세대수":770.0,
            "준공년월":"1998-07-01",
            "준공년차":25.0,
            "가까운역이름":"당정",
            "가까운역거리":559.64,
            "역세권여부":"준역세권",
            "30분이내주요거점역":2,
            "1시간이내주요거점역":6,
            "3km이내백화점수":0,
            "5km이내아울렛몰수":1,
            "1km이내대형먀트수":0,
            "500m이내은행수":3,
            "500m이내병원수":21,
            "5km이내대형병원수":3,
            "500m이내공원수":9,
            "3km이내혐오시설수":0,
            "초등학교학업성취도":88.82,
            "중학교학업성취도":82.5,
            "용적률":239,
            "건폐율":15,
            "Y":37.344738,
            "X":126.94204,
            "rank":33.0,
            "area_info":"36평(120.73), 45평(151.18), 49평(163.13)",
            "last_sales":"2021-12-28,85000.0,45평(151.18)"
        },
        {
            "index":3,
            "아파트명":"다산주공3단지",
            "투자타입":"재건축",
            "전용면적(m2)":"81.28",
            "전용면적(평)":"24평",
            "법정동주소":"경기도 군포시 금정동 871-11",
            "도로명주소":"경기도 군포시 오금로 16",
            "세대수":80,
            "입주년차":"--",
            "용적률점수":60,
            "건폐율점수":100,
            "세대당주차수":"--",
            "난방방식":"--",
            "공급면적":70,
            "전용률":60,
            "욕실수":"--",
            "현관타입":"--",
            "주거총점":74.5,
            "지역구공급총점":100.0,
            "역세권":50,
            "30분내 이동가능 거점":20,
            "1시간내 이동가능 거점":60,
            "교통총점":43.0,
            "백화점":0,
            "아울렛몰":80,
            "대형마트":80,
            "은행":0,
            "병원":10,
            "종합병원":100,
            "공원":100,
            "혐오시설":0,
            "인프라총점":44.0,
            "초등학군":83.51,
            "중학군":52.64,
            "학군총점":58.814,
            "인구수":31.79,
            "인구증감":-16.46,
            "인구총점":17.315,
            "일자리":14.5,
            "소득수준":56.84,
            "일자리총점":27.202,
            "가치 총점":51.9721,
            "매매실거래년":20211016.0,
            "매매실거래가":72000.0,
            "전세실거래년":20211130.0,
            "전세실거래가":19500.0,
            "전세가율":38.24,
            "장기전세가율평균":75.23,
            "전세가율거품지수":36.99,
            "검색코드":2908,
            "세대수":829.0,
            "준공년월":"1992-04-15",
            "준공년차":31.0,
            "가까운역이름":"수리산",
            "가까운역거리":507.23,
            "역세권여부":"준역세권",
            "30분이내주요거점역":1,
            "1시간이내주요거점역":6,
            "3km이내백화점수":0,
            "5km이내아울렛몰수":1,
            "1km이내대형먀트수":1,
            "500m이내은행수":0,
            "500m이내병원수":4,
            "5km이내대형병원수":4,
            "500m이내공원수":8,
            "3km이내혐오시설수":0,
            "초등학교학업성취도":83.51,
            "중학교학업성취도":85.4,
            "용적률":195,
            "건폐율":13,
            "Y":37.351475,
            "X":126.930703,
            "rank":34.0,
            "area_info":"24평(81.28), 25평(83.11), 27평(91.65), 28평(92.79), 30평(100.1), 30평(101.11), 31평(104.95)",
            "last_sales":"2021-10-16,72000.0,31평(104.95)"
        },
        {
            "index":62,
            "아파트명":"퇴계주공3단지2차",
            "투자타입":"일반",
            "전용면적(m2)":"53.15",
            "전용면적(평)":"16평",
            "법정동주소":"경기도 군포시 금정동 875",
            "도로명주소":"경기도 군포시 광정로 25-20",
            "세대수":90,
            "입주년차":0,
            "용적률점수":"--",
            "건폐율점수":"--",
            "세대당주차수":0,
            "난방방식":100,
            "공급면적":"--",
            "전용률":"--",
            "욕실수":50,
            "현관타입":10,
            "주거총점":47.5,
            "지역구공급총점":100.0,
            "역세권":50,
            "30분내 이동가능 거점":20,
            "1시간내 이동가능 거점":100,
            "교통총점":51.0,
            "백화점":0,
            "아울렛몰":80,
            "대형마트":100,
            "은행":0,
            "병원":60,
            "종합병원":100,
            "공원":100,
            "혐오시설":0,
            "인프라총점":52.0,
            "초등학군":83.51,
            "중학군":52.64,
            "학군총점":58.814,
            "인구수":31.79,
            "인구증감":-16.46,
            "인구총점":17.315,
            "일자리":14.5,
            "소득수준":56.84,
            "일자리총점":27.202,
            "가치 총점":51.7721,
            "매매실거래년":20211106.0,
            "매매실거래가":37000.0,
            "전세실거래년":20220112.0,
            "전세실거래가":13650.0,
            "전세가율":36.89,
            "장기전세가율평균":75.23,
            "전세가율거품지수":38.34,
            "검색코드":114455,
            "세대수":981.0,
            "준공년월":"1995-04-22",
            "준공년차":28.0,
            "가까운역이름":"산본",
            "가까운역거리":510.48,
            "역세권여부":"준역세권",
            "30분이내주요거점역":1,
            "1시간이내주요거점역":11,
            "3km이내백화점수":0,
            "5km이내아울렛몰수":1,
            "1km이내대형먀트수":2,
            "500m이내은행수":1,
            "500m이내병원수":18,
            "5km이내대형병원수":4,
            "500m이내공원수":8,
            "3km이내혐오시설수":0,
            "초등학교학업성취도":83.51,
            "중학교학업성취도":85.4,
            "용적률":0,
            "건폐율":0,
            "Y":37.354674,
            "X":126.929431,
            "rank":35.0,
            "area_info":"16평(53.15), 17평(57.9)",
            "last_sales":"2021-11-06,37000.0,16평(53.15)"
        },
        {
            "index":73,
            "아파트명":"대흥",
            "투자타입":"일반",
            "전용면적(m2)":"77.54",
            "전용면적(평)":"23평",
            "법정동주소":"경기도 군포시 당동 923",
            "도로명주소":"경기도 군포시 군포역1길 186",
            "세대수":0,
            "입주년차":0,
            "용적률점수":"--",
            "건폐율점수":"--",
            "세대당주차수":0,
            "난방방식":30,
            "공급면적":"--",
            "전용률":"--",
            "욕실수":50,
            "현관타입":100,
            "주거총점":18.0,
            "지역구공급총점":100.0,
            "역세권":80,
            "30분내 이동가능 거점":60,
            "1시간내 이동가능 거점":100,
            "교통총점":78.0,
            "백화점":0,
            "아울렛몰":80,
            "대형마트":0,
            "은행":20,
            "병원":60,
            "종합병원":100,
            "공원":100,
            "혐오시설":0,
            "인프라총점":39.0,
            "초등학군":83.14,
            "중학군":50.86,
            "학군총점":57.316,
            "인구수":31.79,
            "인구증감":-16.46,
            "인구총점":17.315,
            "일자리":14.5,
            "소득수준":56.84,
            "일자리총점":27.202,
            "가치 총점":51.1974,
            "매매실거래년":20211030.0,
            "매매실거래가":36500.0,
            "전세실거래년":20210612.0,
            "전세실거래가":31500.0,
            "전세가율":86.3,
            "장기전세가율평균":75.23,
            "전세가율거품지수":-11.07,
            "검색코드":2569,
            "세대수":147.0,
            "준공년월":"1998-02-27",
            "준공년차":25.0,
            "가까운역이름":"당정",
            "가까운역거리":221.68,
            "역세권여부":"역세권",
            "30분이내주요거점역":3,
            "1시간이내주요거점역":12,
            "3km이내백화점수":0,
            "5km이내아울렛몰수":1,
            "1km이내대형먀트수":0,
            "500m이내은행수":2,
            "500m이내병원수":20,
            "5km이내대형병원수":3,
            "500m이내공원수":12,
            "3km이내혐오시설수":0,
            "초등학교학업성취도":83.14,
            "중학교학업성취도":82.5,
            "용적률":398,
            "건폐율":35,
            "Y":37.346147,
            "X":126.947449,
            "rank":36.0,
            "area_info":"23평(77.54), 23평(77.47), 33평(110.27)",
            "last_sales":"2021-10-30,36500.0,23평(77.54)"
        },
        {
            "index":182,
            "아파트명":"군포대야미e-편한세상",
            "투자타입":"일반",
            "전용면적(m2)":"81.63",
            "전용면적(평)":"24평",
            "법정동주소":"경기도 군포시 대야미동 667-3",
            "도로명주소":"경기도 군포시 군포로 109",
            "세대수":50,
            "입주년차":40,
            "용적률점수":"--",
            "건폐율점수":"--",
            "세대당주차수":30,
            "난방방식":30,
            "공급면적":"--",
            "전용률":"--",
            "욕실수":100,
            "현관타입":100,
            "주거총점":53.0,
            "지역구공급총점":100.0,
            "역세권":80,
            "30분내 이동가능 거점":40,
            "1시간내 이동가능 거점":60,
            "교통총점":64.0,
            "백화점":0,
            "아울렛몰":80,
            "대형마트":0,
            "은행":0,
            "병원":10,
            "종합병원":100,
            "공원":100,
            "혐오시설":0,
            "인프라총점":32.0,
            "초등학군":82.93,
            "중학군":48.76,
            "학군총점":55.594,
            "인구수":31.79,
            "인구증감":-16.46,
            "인구총점":17.315,
            "일자리":14.5,
            "소득수준":56.84,
            "일자리총점":27.202,
            "가치 총점":50.9391,
            "매매실거래년":20210917.0,
            "매매실거래가":52500.0,
            "전세실거래년":20210715.0,
            "전세실거래가":33000.0,
            "전세가율":62.86,
            "장기전세가율평균":75.23,
            "전세가율거품지수":12.37,
            "검색코드":26398,
            "세대수":689.0,
            "준공년월":"2008-06-20",
            "준공년차":15.0,
            "가까운역이름":"대야미",
            "가까운역거리":333.13,
            "역세권여부":"역세권",
            "30분이내주요거점역":2,
            "1시간이내주요거점역":6,
            "3km이내백화점수":0,
            "5km이내아울렛몰수":1,
            "1km이내대형먀트수":0,
            "500m이내은행수":0,
            "500m이내병원수":3,
            "5km이내대형병원수":3,
            "500m이내공원수":3,
            "3km이내혐오시설수":0,
            "초등학교학업성취도":82.93,
            "중학교학업성취도":79.2,
            "용적률":228,
            "건폐율":20,
            "Y":37.325583,
            "X":126.916312,
            "rank":37.0,
            "area_info":"24평(81.63), 33평(109.59), 33평(110.45), 34평(112.75)",
            "last_sales":"2021-09-17,52500.0,24평(81.63)"
        },
        {
            "index":124,
            "아파트명":"주공2단지",
            "투자타입":"일반",
            "전용면적(m2)":"71.33",
            "전용면적(평)":"21평",
            "법정동주소":"경기도 군포시 당동 874",
            "도로명주소":"경기도 군포시 용호2로 11",
            "세대수":90,
            "입주년차":0,
            "용적률점수":"--",
            "건폐율점수":"--",
            "세대당주차수":0,
            "난방방식":100,
            "공급면적":"--",
            "전용률":"--",
            "욕실수":50,
            "현관타입":10,
            "주거총점":47.5,
            "지역구공급총점":100.0,
            "역세권":50,
            "30분내 이동가능 거점":40,
            "1시간내 이동가능 거점":90,
            "교통총점":55.0,
            "백화점":0,
            "아울렛몰":80,
            "대형마트":0,
            "은행":70,
            "병원":60,
            "종합병원":100,
            "공원":100,
            "혐오시설":0,
            "인프라총점":44.0,
            "초등학군":88.42,
            "중학군":50.86,
            "학군총점":58.372,
            "인구수":31.79,
            "인구증감":-16.46,
            "인구총점":17.315,
            "일자리":14.5,
            "소득수준":56.84,
            "일자리총점":27.202,
            "가치 총점":50.7058,
            "매매실거래년":20211228.0,
            "매매실거래가":42500.0,
            "전세실거래년":20220113.0,
            "전세실거래가":18000.0,
            "전세가율":42.35,
            "장기전세가율평균":75.23,
            "전세가율거품지수":32.88,
            "검색코드":2572,
            "세대수":1000.0,
            "준공년월":"1997-07-22",
            "준공년차":26.0,
            "가까운역이름":"당정",
            "가까운역거리":620.29,
            "역세권여부":"준역세권",
            "30분이내주요거점역":2,
            "1시간이내주요거점역":9,
            "3km이내백화점수":0,
            "5km이내아울렛몰수":1,
            "1km이내대형먀트수":0,
            "500m이내은행수":3,
            "500m이내병원수":17,
            "5km이내대형병원수":3,
            "500m이내공원수":7,
            "3km이내혐오시설수":0,
            "초등학교학업성취도":88.42,
            "중학교학업성취도":82.5,
            "용적률":212,
            "건폐율":14,
            "Y":37.343615,
            "X":126.941379,
            "rank":38.0,
            "area_info":"21평(71.33), 24평(79.45)",
            "last_sales":"2021-12-28,42500.0,21평(71.33)"
        },
        {
            "index":64,
            "아파트명":"군포당동동도센트리움",
            "투자타입":"일반",
            "전용면적(m2)":"56.18",
            "전용면적(평)":"16평",
            "법정동주소":"경기도 군포시 당동 963",
            "도로명주소":"경기도 군포시 용호1로46번길 11",
            "세대수":0,
            "입주년차":100,
            "용적률점수":"--",
            "건폐율점수":"--",
            "세대당주차수":30,
            "난방방식":100,
            "공급면적":"--",
            "전용률":"--",
            "욕실수":50,
            "현관타입":100,
            "주거총점":49.5,
            "지역구공급총점":100.0,
            "역세권":50,
            "30분내 이동가능 거점":40,
            "1시간내 이동가능 거점":80,
            "교통총점":53.0,
            "백화점":0,
            "아울렛몰":80,
            "대형마트":0,
            "은행":70,
            "병원":60,
            "종합병원":100,
            "공원":100,
            "혐오시설":0,
            "인프라총점":44.0,
            "초등학군":88.82,
            "중학군":52.76,
            "학군총점":59.972,
            "인구수":31.79,
            "인구증감":-16.46,
            "인구총점":17.315,
            "일자리":14.5,
            "소득수준":56.84,
            "일자리총점":27.202,
            "가치 총점":50.6458,
            "매매실거래년":20211125.0,
            "매매실거래가":43000.0,
            "전세실거래년":20220117.0,
            "전세실거래가":30000.0,
            "전세가율":69.77,
            "장기전세가율평균":75.23,
            "전세가율거품지수":5.46,
            "검색코드":119404,
            "세대수":218.0,
            "준공년월":"2019-09-25",
            "준공년차":4.0,
            "가까운역이름":"당정",
            "가까운역거리":712.4,
            "역세권여부":"준역세권",
            "30분이내주요거점역":2,
            "1시간이내주요거점역":8,
            "3km이내백화점수":0,
            "5km이내아울렛몰수":1,
            "1km이내대형먀트수":0,
            "500m이내은행수":3,
            "500m이내병원수":21,
            "5km이내대형병원수":3,
            "500m이내공원수":7,
            "3km이내혐오시설수":0,
            "초등학교학업성취도":88.82,
            "중학교학업성취도":85.0,
            "용적률":228,
            "건폐율":22,
            "Y":37.346283,
            "X":126.940688,
            "rank":39.0,
            "area_info":"16평(56.18), 19평(63.47), 20평(68.4)",
            "last_sales":"2021-11-25,43000.0,16평(56.18)"
        },
        {
            "index":342,
            "아파트명":"우륵주공7단지",
            "투자타입":"일반",
            "전용면적(m2)":"80.49",
            "전용면적(평)":"24평",
            "법정동주소":"경기도 군포시 산본동 1146-11",
            "도로명주소":"경기도 군포시 산본천로 33",
            "세대수":90,
            "입주년차":0,
            "용적률점수":"--",
            "건폐율점수":"--",
            "세대당주차수":0,
            "난방방식":100,
            "공급면적":"--",
            "전용률":"--",
            "욕실수":50,
            "현관타입":10,
            "주거총점":47.5,
            "지역구공급총점":100.0,
            "역세권":50,
            "30분내 이동가능 거점":20,
            "1시간내 이동가능 거점":70,
            "교통총점":45.0,
            "백화점":0,
            "아울렛몰":80,
            "대형마트":100,
            "은행":0,
            "병원":80,
            "종합병원":100,
            "공원":100,
            "혐오시설":0,
            "인프라총점":54.0,
            "초등학군":88.14,
            "중학군":52.42,
            "학군총점":59.564,
            "인구수":31.79,
            "인구증감":-16.46,
            "인구총점":17.315,
            "일자리":14.5,
            "소득수준":56.84,
            "일자리총점":27.202,
            "가치 총점":50.3846,
            "매매실거래년":20211106.0,
            "매매실거래가":58500.0,
            "전세실거래년":20211231.0,
            "전세실거래가":38000.0,
            "전세가율":65.52,
            "장기전세가율평균":75.23,
            "전세가율거품지수":9.71,
            "검색코드":2898,
            "세대수":1312.0,
            "준공년월":"1994-07-07",
            "준공년차":29.0,
            "가까운역이름":"산본",
            "가까운역거리":702.74,
            "역세권여부":"준역세권",
            "30분이내주요거점역":1,
            "1시간이내주요거점역":7,
            "3km이내백화점수":0,
            "5km이내아울렛몰수":1,
            "1km이내대형먀트수":3,
            "500m이내은행수":1,
            "500m이내병원수":53,
            "5km이내대형병원수":5,
            "500m이내공원수":9,
            "3km이내혐오시설수":0,
            "초등학교학업성취도":88.14,
            "중학교학업성취도":85.3,
            "용적률":226,
            "건폐율":15,
            "Y":37.36009,
            "X":126.925727,
            "rank":40.0,
            "area_info":"24평(80.49), 24평(80.93), 25평(84.8), 32평(106.03)",
            "last_sales":"2021-11-06,58500.0,25평(84.8)"
        },
        {
            "index":14,
            "아파트명":"삼익소월",
            "투자타입":"일반",
            "전용면적(m2)":"126.22",
            "전용면적(평)":"38평",
            "법정동주소":"경기도 군포시 금정동 871-7",
            "도로명주소":"경기도 군포시 오금로 34",
            "세대수":80,
            "입주년차":0,
            "용적률점수":"--",
            "건폐율점수":"--",
            "세대당주차수":30,
            "난방방식":100,
            "공급면적":"--",
            "전용률":"--",
            "욕실수":100,
            "현관타입":100,
            "주거총점":62.5,
            "지역구공급총점":100.0,
            "역세권":50,
            "30분내 이동가능 거점":20,
            "1시간내 이동가능 거점":70,
            "교통총점":45.0,
            "백화점":0,
            "아울렛몰":80,
            "대형마트":80,
            "은행":0,
            "병원":10,
            "종합병원":100,
            "공원":100,
            "혐오시설":0,
            "인프라총점":44.0,
            "초등학군":80.62,
            "중학군":52.64,
            "학군총점":58.236,
            "인구수":31.79,
            "인구증감":-16.46,
            "인구총점":17.315,
            "일자리":14.5,
            "소득수준":56.84,
            "일자리총점":27.202,
            "가치 총점":50.1854,
            "매매실거래년":20211225.0,
            "매매실거래가":80000.0,
            "전세실거래년":20211218.0,
            "전세실거래가":40000.0,
            "전세가율":47.62,
            "장기전세가율평균":75.23,
            "전세가율거품지수":27.61,
            "검색코드":2881,
            "세대수":790.0,
            "준공년월":"1993-04-02",
            "준공년차":30.0,
            "가까운역이름":"산본",
            "가까운역거리":669.97,
            "역세권여부":"준역세권",
            "30분이내주요거점역":1,
            "1시간이내주요거점역":7,
            "3km이내백화점수":0,
            "5km이내아울렛몰수":1,
            "1km이내대형먀트수":1,
            "500m이내은행수":0,
            "500m이내병원수":3,
            "5km이내대형병원수":4,
            "500m이내공원수":5,
            "3km이내혐오시설수":0,
            "초등학교학업성취도":80.62,
            "중학교학업성취도":85.4,
            "용적률":219,
            "건폐율":0,
            "Y":37.352077,
            "X":126.933426,
            "rank":41.0,
            "area_info":"38평(126.22), 47평(157.01), 53평(177.39), 54평(178.59), 65평(216.52), 74평(246.35)",
            "last_sales":"2021-12-25,80000.0,47평(157.01)"
        },
        {
            "index":156,
            "아파트명":"당정마을LG2차",
            "투자타입":"일반",
            "전용면적(m2)":"116.44",
            "전용면적(평)":"35평",
            "법정동주소":"경기도 군포시 당정동 973-1",
            "도로명주소":"경기도 군포시 고산로151번길 26-23",
            "세대수":90,
            "입주년차":20,
            "용적률점수":"--",
            "건폐율점수":"--",
            "세대당주차수":60,
            "난방방식":100,
            "공급면적":"--",
            "전용률":"--",
            "욕실수":100,
            "현관타입":100,
            "주거총점":74.5,
            "지역구공급총점":100.0,
            "역세권":50,
            "30분내 이동가능 거점":20,
            "1시간내 이동가능 거점":70,
            "교통총점":45.0,
            "백화점":0,
            "아울렛몰":80,
            "대형마트":0,
            "은행":0,
            "병원":30,
            "종합병원":100,
            "공원":100,
            "혐오시설":0,
            "인프라총점":34.0,
            "초등학군":88.13,
            "중학군":49.2,
            "학군총점":56.986,
            "인구수":31.79,
            "인구증감":-16.46,
            "인구총점":17.315,
            "일자리":14.5,
            "소득수준":56.84,
            "일자리총점":27.202,
            "가치 총점":49.3979,
            "매매실거래년":20210917.0,
            "매매실거래가":90000.0,
            "전세실거래년":20211222.0,
            "전세실거래가":33600.0,
            "전세가율":54.19,
            "장기전세가율평균":75.23,
            "전세가율거품지수":21.04,
            "검색코드":14490,
            "세대수":914.0,
            "준공년월":"2003-04-19",
            "준공년차":20.0,
            "가까운역이름":"당정",
            "가까운역거리":666.46,
            "역세권여부":"준역세권",
            "30분이내주요거점역":1,
            "1시간이내주요거점역":7,
            "3km이내백화점수":0,
            "5km이내아울렛몰수":1,
            "1km이내대형먀트수":0,
            "500m이내은행수":0,
            "500m이내병원수":5,
            "5km이내대형병원수":3,
            "500m이내공원수":4,
            "3km이내혐오시설수":0,
            "초등학교학업성취도":88.13,
            "중학교학업성취도":81.0,
            "용적률":225,
            "건폐율":16,
            "Y":37.345095,
            "X":126.955815,
            "rank":42.0,
            "area_info":"35평(116.44), 49평(163.57), 55평(184.29)",
            "last_sales":"2021-09-17,90000.0,55평(184.29)"
        },
        {
            "index":270,
            "아파트명":"개나리주공13단지",
            "투자타입":"일반",
            "전용면적(m2)":"66.78",
            "전용면적(평)":"20평",
            "법정동주소":"경기도 군포시 산본동 1066",
            "도로명주소":"경기도 군포시 고산로677번길 34",
            "세대수":100,
            "입주년차":0,
            "용적률점수":"--",
            "건폐율점수":"--",
            "세대당주차수":0,
            "난방방식":100,
            "공급면적":"--",
            "전용률":"--",
            "욕실수":50,
            "현관타입":10,
            "주거총점":51.0,
            "지역구공급총점":100.0,
            "역세권":0,
            "30분내 이동가능 거점":20,
            "1시간내 이동가능 거점":60,
            "교통총점":18.0,
            "백화점":100,
            "아울렛몰":80,
            "대형마트":80,
            "은행":20,
            "병원":60,
            "종합병원":100,
            "공원":100,
            "혐오시설":0,
            "인프라총점":81.0,
            "초등학군":83.51,
            "중학군":48.84,
            "학군총점":55.774,
            "인구수":31.79,
            "인구증감":-16.46,
            "인구총점":17.315,
            "일자리":14.5,
            "소득수준":56.84,
            "일자리총점":27.202,
            "가치 총점":49.1661,
            "매매실거래년":20211216.0,
            "매매실거래가":58500.0,
            "전세실거래년":20211223.0,
            "전세실거래가":18900.0,
            "전세가율":37.2,
            "장기전세가율평균":75.23,
            "전세가율거품지수":38.03,
            "검색코드":2625,
            "세대수":1778.0,
            "준공년월":"1995-11-16",
            "준공년차":28.0,
            "가까운역이름":"금정",
            "가까운역거리":1079.53,
            "역세권여부":"비역세권",
            "30분이내주요거점역":1,
            "1시간이내주요거점역":6,
            "3km이내백화점수":1,
            "5km이내아울렛몰수":1,
            "1km이내대형먀트수":1,
            "500m이내은행수":2,
            "500m이내병원수":23,
            "5km이내대형병원수":5,
            "500m이내공원수":4,
            "3km이내혐오시설수":0,
            "초등학교학업성취도":83.51,
            "중학교학업성취도":79.6,
            "용적률":200,
            "건폐율":12,
            "Y":37.37387,
            "X":126.93139,
            "rank":43.0,
            "area_info":"20평(66.78), 20평(68.93), 23평(78.98), 24평(80.64), 24평(81.53), 25평(85.55)",
            "last_sales":"2021-12-16,58500.0,24평(80.64)"
        },
        {
            "index":328,
            "아파트명":"삼성미도",
            "투자타입":"일반",
            "전용면적(m2)":"84.11",
            "전용면적(평)":"25평",
            "법정동주소":"경기도 군포시 산본동 45-1",
            "도로명주소":"경기도 군포시 고산로 747",
            "세대수":0,
            "입주년차":0,
            "용적률점수":"--",
            "건폐율점수":"--",
            "세대당주차수":0,
            "난방방식":30,
            "공급면적":"--",
            "전용률":"--",
            "욕실수":50,
            "현관타입":10,
            "주거총점":9.0,
            "지역구공급총점":100.0,
            "역세권":50,
            "30분내 이동가능 거점":40,
            "1시간내 이동가능 거점":100,
            "교통총점":57.0,
            "백화점":100,
            "아울렛몰":80,
            "대형마트":0,
            "은행":0,
            "병원":30,
            "종합병원":100,
            "공원":100,
            "혐오시설":0,
            "인프라총점":64.0,
            "초등학군":75.9,
            "중학군":48.84,
            "학군총점":54.252,
            "인구수":31.79,
            "인구증감":-16.46,
            "인구총점":17.315,
            "일자리":14.5,
            "소득수준":56.84,
            "일자리총점":27.202,
            "가치 총점":49.0878,
            "매매실거래년":20210916.0,
            "매매실거래가":49900.0,
            "전세실거래년":20220103.0,
            "전세실거래가":22000.0,
            "전세가율":58.67,
            "장기전세가율평균":75.23,
            "전세가율거품지수":16.56,
            "검색코드":2904,
            "세대수":194.0,
            "준공년월":"1996-09-13",
            "준공년차":27.0,
            "가까운역이름":"금정",
            "가까운역거리":521.71,
            "역세권여부":"준역세권",
            "30분이내주요거점역":2,
            "1시간이내주요거점역":13,
            "3km이내백화점수":1,
            "5km이내아울렛몰수":1,
            "1km이내대형먀트수":0,
            "500m이내은행수":0,
            "500m이내병원수":8,
            "5km이내대형병원수":5,
            "500m이내공원수":5,
            "3km이내혐오시설수":0,
            "초등학교학업성취도":75.9,
            "중학교학업성취도":79.6,
            "용적률":379,
            "건폐율":26,
            "Y":37.37568,
            "X":126.93944,
            "rank":44.0,
            "area_info":"25평(84.11), 31평(104.09)",
            "last_sales":"2021-09-16,49900.0,31평(104.09)"
        },
        {
            "index":102,
            "아파트명":"무지개마을마빌르스위트",
            "투자타입":"일반",
            "전용면적(m2)":"77.47",
            "전용면적(평)":"23평",
            "법정동주소":"경기도 군포시 당동 795",
            "도로명주소":"경기도 군포시 당동로21번길 61",
            "세대수":0,
            "입주년차":40,
            "용적률점수":"--",
            "건폐율점수":"--",
            "세대당주차수":30,
            "난방방식":100,
            "공급면적":"--",
            "전용률":"--",
            "욕실수":100,
            "현관타입":100,
            "주거총점":42.5,
            "지역구공급총점":100.0,
            "역세권":50,
            "30분내 이동가능 거점":40,
            "1시간내 이동가능 거점":90,
            "교통총점":55.0,
            "백화점":0,
            "아울렛몰":80,
            "대형마트":0,
            "은행":20,
            "병원":80,
            "종합병원":100,
            "공원":100,
            "혐오시설":0,
            "인프라총점":41.0,
            "초등학군":89.35,
            "중학군":52.76,
            "학군총점":60.078,
            "인구수":31.79,
            "인구증감":-16.46,
            "인구총점":17.315,
            "일자리":14.5,
            "소득수준":56.84,
            "일자리총점":27.202,
            "가치 총점":49.0617,
            "매매실거래년":20210728.0,
            "매매실거래가":42000.0,
            "전세실거래년":20211106.0,
            "전세실거래가":35000.0,
            "전세가율":83.33,
            "장기전세가율평균":75.23,
            "전세가율거품지수":-8.1,
            "검색코드":11873,
            "세대수":112.0,
            "준공년월":"2004-04-29",
            "준공년차":19.0,
            "가까운역이름":"당정",
            "가까운역거리":741.61,
            "역세권여부":"준역세권",
            "30분이내주요거점역":2,
            "1시간이내주요거점역":9,
            "3km이내백화점수":0,
            "5km이내아울렛몰수":1,
            "1km이내대형먀트수":0,
            "500m이내은행수":2,
            "500m이내병원수":30,
            "5km이내대형병원수":3,
            "500m이내공원수":10,
            "3km이내혐오시설수":0,
            "초등학교학업성취도":89.35,
            "중학교학업성취도":85.0,
            "용적률":0,
            "건폐율":0,
            "Y":37.348149,
            "X":126.941507,
            "rank":45.0,
            "area_info":"23평(77.47), 31평(105.7)",
            "last_sales":"2021-07-28,42000.0,23평(77.47)"
        },
        {
            "index":276,
            "아파트명":"계룡",
            "투자타입":"일반",
            "전용면적(m2)":"121.34",
            "전용면적(평)":"36평",
            "법정동주소":"경기도 군포시 산본동 1152-7",
            "도로명주소":"경기도 군포시 수리산로 33",
            "세대수":50,
            "입주년차":0,
            "용적률점수":"--",
            "건폐율점수":"--",
            "세대당주차수":30,
            "난방방식":100,
            "공급면적":"--",
            "전용률":"--",
            "욕실수":100,
            "현관타입":100,
            "주거총점":52.0,
            "지역구공급총점":100.0,
            "역세권":50,
            "30분내 이동가능 거점":20,
            "1시간내 이동가능 거점":60,
            "교통총점":43.0,
            "백화점":0,
            "아울렛몰":80,
            "대형마트":100,
            "은행":0,
            "병원":10,
            "종합병원":100,
            "공원":100,
            "혐오시설":0,
            "인프라총점":47.0,
            "초등학군":90.35,
            "중학군":52.42,
            "학군총점":60.006,
            "인구수":31.79,
            "인구증감":-16.46,
            "인구총점":17.315,
            "일자리":14.5,
            "소득수준":56.84,
            "일자리총점":27.202,
            "가치 총점":48.5509,
            "매매실거래년":20211218.0,
            "매매실거래가":77000.0,
            "전세실거래년":20210817.0,
            "전세실거래가":50000.0,
            "전세가율":66.67,
            "장기전세가율평균":75.23,
            "전세가율거품지수":8.56,
            "검색코드":7964,
            "세대수":604.0,
            "준공년월":"1993-08-30",
            "준공년차":30.0,
            "가까운역이름":"수리산",
            "가까운역거리":732.59,
            "역세권여부":"준역세권",
            "30분이내주요거점역":1,
            "1시간이내주요거점역":6,
            "3km이내백화점수":0,
            "5km이내아울렛몰수":1,
            "1km이내대형먀트수":2,
            "500m이내은행수":1,
            "500m이내병원수":3,
            "5km이내대형병원수":4,
            "500m이내공원수":6,
            "3km이내혐오시설수":0,
            "초등학교학업성취도":90.35,
            "중학교학업성취도":85.3,
            "용적률":220,
            "건폐율":13,
            "Y":37.35595,
            "X":126.922389,
            "rank":46.0,
            "area_info":"36평(121.34), 39평(132.21), 45평(151.19)",
            "last_sales":"2021-12-18,77000.0,39평(132.21)"
        },
        {
            "index":111,
            "아파트명":"삼성미도",
            "투자타입":"일반",
            "전용면적(m2)":"84.96",
            "전용면적(평)":"25평",
            "법정동주소":"경기도 군포시 당동 737-7",
            "도로명주소":"경기도 군포시 금당로 102",
            "세대수":0,
            "입주년차":0,
            "용적률점수":"--",
            "건폐율점수":"--",
            "세대당주차수":0,
            "난방방식":30,
            "공급면적":"--",
            "전용률":"--",
            "욕실수":50,
            "현관타입":10,
            "주거총점":9.0,
            "지역구공급총점":100.0,
            "역세권":80,
            "30분내 이동가능 거점":40,
            "1시간내 이동가능 거점":90,
            "교통총점":70.0,
            "백화점":0,
            "아울렛몰":80,
            "대형마트":80,
            "은행":0,
            "병원":60,
            "종합병원":100,
            "공원":100,
            "혐오시설":0,
            "인프라총점":49.0,
            "초등학군":89.36,
            "중학군":35.6,
            "학군총점":46.352,
            "인구수":31.79,
            "인구증감":-16.46,
            "인구총점":17.315,
            "일자리":14.5,
            "소득수준":56.84,
            "일자리총점":27.202,
            "가치 총점":47.9528,
            "매매실거래년":20210824.0,
            "매매실거래가":36000.0,
            "전세실거래년":20210924.0,
            "전세실거래가":28900.0,
            "전세가율":80.28,
            "장기전세가율평균":75.23,
            "전세가율거품지수":-5.05,
            "검색코드":2570,
            "세대수":135.0,
            "준공년월":"1998-05-30",
            "준공년차":25.0,
            "가까운역이름":"군포",
            "가까운역거리":482.35,
            "역세권여부":"역세권",
            "30분이내주요거점역":2,
            "1시간이내주요거점역":9,
            "3km이내백화점수":0,
            "5km이내아울렛몰수":1,
            "1km이내대형먀트수":1,
            "500m이내은행수":1,
            "500m이내병원수":13,
            "5km이내대형병원수":5,
            "500m이내공원수":12,
            "3km이내혐오시설수":0,
            "초등학교학업성취도":89.36,
            "중학교학업성취도":58.8,
            "용적률":336,
            "건폐율":30,
            "Y":37.35512,
            "X":126.94337,
            "rank":47.0,
            "area_info":"25평(84.96), 32평(106.07), 32평(106.16)",
            "last_sales":"2021-08-24,36000.0,25평(84.96)"
        },
        {
            "index":139,
            "아파트명":"당정동도센트리움(도시형)",
            "투자타입":"일반",
            "전용면적(m2)":"41.84",
            "전용면적(평)":"12평",
            "법정동주소":"경기도 군포시 당정동 998-2",
            "도로명주소":"경기도 군포시 고산로185번길 36",
            "세대수":0,
            "입주년차":80,
            "용적률점수":"--",
            "건폐율점수":"--",
            "세대당주차수":0,
            "난방방식":30,
            "공급면적":"--",
            "전용률":"--",
            "욕실수":50,
            "현관타입":50,
            "주거총점":29.0,
            "지역구공급총점":100.0,
            "역세권":80,
            "30분내 이동가능 거점":40,
            "1시간내 이동가능 거점":80,
            "교통총점":68.0,
            "백화점":0,
            "아울렛몰":80,
            "대형마트":0,
            "은행":0,
            "병원":10,
            "종합병원":100,
            "공원":100,
            "혐오시설":0,
            "인프라총점":32.0,
            "초등학군":88.13,
            "중학군":50.86,
            "학군총점":58.314,
            "인구수":31.79,
            "인구증감":-16.46,
            "인구총점":17.315,
            "일자리":14.5,
            "소득수준":56.84,
            "일자리총점":27.202,
            "가치 총점":47.9471,
            "매매실거래년":20211227.0,
            "매매실거래가":23700.0,
            "전세실거래년":20210607.0,
            "전세실거래가":20700.0,
            "전세가율":87.34,
            "장기전세가율평균":75.23,
            "전세가율거품지수":-12.11,
            "검색코드":105975,
            "세대수":216.0,
            "준공년월":"2014-01-24",
            "준공년차":9.0,
            "가까운역이름":"당정",
            "가까운역거리":277.6,
            "역세권여부":"역세권",
            "30분이내주요거점역":2,
            "1시간이내주요거점역":8,
            "3km이내백화점수":0,
            "5km이내아울렛몰수":1,
            "1km이내대형먀트수":0,
            "500m이내은행수":1,
            "500m이내병원수":3,
            "5km이내대형병원수":3,
            "500m이내공원수":11,
            "3km이내혐오시설수":0,
            "초등학교학업성취도":88.13,
            "중학교학업성취도":82.5,
            "용적률":229,
            "건폐율":25,
            "Y":37.344561,
            "X":126.951466,
            "rank":48.0,
            "area_info":"12평(41.84), 12평(41.84), 12평(41.82), 12평(41.82), 12평(41.84), 12평(41.84), 12평(41.84), 12평(41.84), 12평(41.82), 12평(42.67), 12평(42.85), 12평(42.83), 12평(42.65), 12평(42.85), 12평(42.67), 12평(42.83), 12평(42.67)",
            "last_sales":"2021-12-27,23700.0,12평(41.84)"
        },
        {
            "index":117,
            "아파트명":"용호마을LG1차",
            "투자타입":"일반",
            "전용면적(m2)":"118.09",
            "전용면적(평)":"35평",
            "법정동주소":"경기도 군포시 당동 957-2",
            "도로명주소":"경기도 군포시 용호1로 55",
            "세대수":50,
            "입주년차":20,
            "용적률점수":"--",
            "건폐율점수":"--",
            "세대당주차수":60,
            "난방방식":100,
            "공급면적":"--",
            "전용률":"--",
            "욕실수":100,
            "현관타입":100,
            "주거총점":60.5,
            "지역구공급총점":100.0,
            "역세권":50,
            "30분내 이동가능 거점":20,
            "1시간내 이동가능 거점":60,
            "교통총점":43.0,
            "백화점":0,
            "아울렛몰":80,
            "대형마트":0,
            "은행":20,
            "병원":60,
            "종합병원":100,
            "공원":100,
            "혐오시설":0,
            "인프라총점":39.0,
            "초등학군":88.82,
            "중학군":52.76,
            "학군총점":59.972,
            "인구수":31.79,
            "인구증감":-16.46,
            "인구총점":17.315,
            "일자리":14.5,
            "소득수준":56.84,
            "일자리총점":27.202,
            "가치 총점":47.8458,
            "매매실거래년":20210827.0,
            "매매실거래가":74500.0,
            "전세실거래년":20211223.0,
            "전세실거래가":33075.0,
            "전세가율":44.4,
            "장기전세가율평균":75.23,
            "전세가율거품지수":30.83,
            "검색코드":3581,
            "세대수":453.0,
            "준공년월":"2003-02-11",
            "준공년차":20.0,
            "가까운역이름":"당정",
            "가까운역거리":909.68,
            "역세권여부":"준역세권",
            "30분이내주요거점역":1,
            "1시간이내주요거점역":6,
            "3km이내백화점수":0,
            "5km이내아울렛몰수":1,
            "1km이내대형먀트수":0,
            "500m이내은행수":2,
            "500m이내병원수":12,
            "5km이내대형병원수":3,
            "500m이내공원수":5,
            "3km이내혐오시설수":0,
            "초등학교학업성취도":88.82,
            "중학교학업성취도":85.0,
            "용적률":225,
            "건폐율":15,
            "Y":37.34725,
            "X":126.938754,
            "rank":49.0,
            "area_info":"35평(118.09), 48평(161.72)",
            "last_sales":"2021-08-27,74500.0,35평(118.09)"
        },
        {
            "index":34,
            "아파트명":"적성",
            "투자타입":"재건축",
            "전용면적(m2)":"59.61",
            "전용면적(평)":"18평",
            "법정동주소":"경기도 군포시 금정동 744",
            "도로명주소":"경기도 군포시 번영로 576",
            "세대수":0,
            "입주년차":"--",
            "용적률점수":80,
            "건폐율점수":60,
            "세대당주차수":"--",
            "난방방식":"--",
            "공급면적":50,
            "전용률":60,
            "욕실수":"--",
            "현관타입":"--",
            "주거총점":49.5,
            "지역구공급총점":100.0,
            "역세권":50,
            "30분내 이동가능 거점":20,
            "1시간내 이동가능 거점":70,
            "교통총점":45.0,
            "백화점":0,
            "아울렛몰":80,
            "대형마트":100,
            "은행":0,
            "병원":10,
            "종합병원":100,
            "공원":100,
            "혐오시설":0,
            "인프라총점":47.0,
            "초등학군":89.36,
            "중학군":43.9,
            "학군총점":52.992,
            "인구수":31.79,
            "인구증감":-16.46,
            "인구총점":17.315,
            "일자리":14.5,
            "소득수준":56.84,
            "일자리총점":27.202,
            "가치 총점":47.6988,
            "매매실거래년":20210626.0,
            "매매실거래가":23000.0,
            "전세실거래년":20211020.0,
            "전세실거래가":12070.0,
            "전세가율":52.48,
            "장기전세가율평균":75.23,
            "전세가율거품지수":22.75,
            "검색코드":2884,
            "세대수":170.0,
            "준공년월":"1986-12-05",
            "준공년차":37.0,
            "가까운역이름":"산본",
            "가까운역거리":699.26,
            "역세권여부":"준역세권",
            "30분이내주요거점역":1,
            "1시간이내주요거점역":7,
            "3km이내백화점수":0,
            "5km이내아울렛몰수":1,
            "1km이내대형먀트수":2,
            "500m이내은행수":0,
            "500m이내병원수":4,
            "5km이내대형병원수":5,
            "500m이내공원수":10,
            "3km이내혐오시설수":0,
            "초등학교학업성취도":89.36,
            "중학교학업성취도":71.5,
            "용적률":158,
            "건폐율":31,
            "Y":37.36093,
            "X":126.94034,
            "rank":50.0,
            "area_info":"18평(59.61), 18평(62.49)",
            "last_sales":"2021-06-26,23000.0,18평(59.61)"
        },
        {
            "index":357,
            "아파트명":"장미",
            "투자타입":"일반",
            "전용면적(m2)":"122.67",
            "전용면적(평)":"37평",
            "법정동주소":"경기도 군포시 산본동 1092",
            "도로명주소":"경기도 군포시 산본로386번길 21",
            "세대수":80,
            "입주년차":0,
            "용적률점수":"--",
            "건폐율점수":"--",
            "세대당주차수":0,
            "난방방식":100,
            "공급면적":"--",
            "전용률":"--",
            "욕실수":100,
            "현관타입":100,
            "주거총점":58.0,
            "지역구공급총점":100.0,
            "역세권":0,
            "30분내 이동가능 거점":40,
            "1시간내 이동가능 거점":100,
            "교통총점":32.0,
            "백화점":0,
            "아울렛몰":80,
            "대형마트":100,
            "은행":0,
            "병원":60,
            "종합병원":100,
            "공원":100,
            "혐오시설":0,
            "인프라총점":52.0,
            "초등학군":86.02,
            "중학군":54.88,
            "학군총점":61.108,
            "인구수":31.79,
            "인구증감":-16.46,
            "인구총점":17.315,
            "일자리":14.5,
            "소득수준":56.84,
            "일자리총점":27.202,
            "가치 총점":47.5662,
            "매매실거래년":20211209.0,
            "매매실거래가":79500.0,
            "전세실거래년":20220105.0,
            "전세실거래가":38850.0,
            "전세가율":48.87,
            "장기전세가율평균":75.23,
            "전세가율거품지수":26.36,
            "검색코드":2903,
            "세대수":822.0,
            "준공년월":"1993-07-06",
            "준공년차":30.0,
            "가까운역이름":"산본",
            "가까운역거리":1020.49,
            "역세권여부":"비역세권",
            "30분이내주요거점역":2,
            "1시간이내주요거점역":12,
            "3km이내백화점수":0,
            "5km이내아울렛몰수":1,
            "1km이내대형먀트수":2,
            "500m이내은행수":1,
            "500m이내병원수":12,
            "5km이내대형병원수":5,
            "500m이내공원수":9,
            "3km이내혐오시설수":0,
            "초등학교학업성취도":86.02,
            "중학교학업성취도":88.6,
            "용적률":220,
            "건폐율":16,
            "Y":37.367141,
            "X":126.931283,
            "rank":51.0,
            "area_info":"37평(122.67), 37평(122.52), 48평(159.93)",
            "last_sales":"2021-12-09,79500.0,37평(122.67)"
        },
        {
            "index":190,
            "아파트명":"센트럴아이파크",
            "투자타입":"일반",
            "전용면적(m2)":"79.75",
            "전용면적(평)":"24평",
            "법정동주소":"경기도 군포시 대야미동 636-3",
            "도로명주소":"경기도 군포시 대야2로143번길 25",
            "세대수":50,
            "입주년차":40,
            "용적률점수":"--",
            "건폐율점수":"--",
            "세대당주차수":30,
            "난방방식":30,
            "공급면적":"--",
            "전용률":"--",
            "욕실수":100,
            "현관타입":100,
            "주거총점":53.0,
            "지역구공급총점":100.0,
            "역세권":80,
            "30분내 이동가능 거점":20,
            "1시간내 이동가능 거점":40,
            "교통총점":54.0,
            "백화점":0,
            "아울렛몰":80,
            "대형마트":0,
            "은행":0,
            "병원":0,
            "종합병원":100,
            "공원":100,
            "혐오시설":0,
            "인프라총점":31.0,
            "초등학군":82.93,
            "중학군":48.76,
            "학군총점":55.594,
            "인구수":31.79,
            "인구증감":-16.46,
            "인구총점":17.315,
            "일자리":14.5,
            "소득수준":56.84,
            "일자리총점":27.202,
            "가치 총점":47.1391,
            "매매실거래년":20210915.0,
            "매매실거래가":59900.0,
            "전세실거래년":20211211.0,
            "전세실거래가":30000.0,
            "전세가율":60.24,
            "장기전세가율평균":75.23,
            "전세가율거품지수":14.99,
            "검색코드":24088,
            "세대수":578.0,
            "준공년월":"2007-09-28",
            "준공년차":16.0,
            "가까운역이름":"대야미",
            "가까운역거리":413.36,
            "역세권여부":"역세권",
            "30분이내주요거점역":1,
            "1시간이내주요거점역":4,
            "3km이내백화점수":0,
            "5km이내아울렛몰수":1,
            "1km이내대형먀트수":0,
            "500m이내은행수":0,
            "500m이내병원수":1,
            "5km이내대형병원수":3,
            "500m이내공원수":2,
            "3km이내혐오시설수":0,
            "초등학교학업성취도":82.93,
            "중학교학업성취도":79.2,
            "용적률":229,
            "건폐율":20,
            "Y":37.331818,
            "X":126.915308,
            "rank":52.0,
            "area_info":"24평(79.75), 33평(111.79), 34평(114.68), 34평(114.08)",
            "last_sales":"2021-09-15,59900.0,34평(114.68)"
        },
        {
            "index":76,
            "아파트명":"덕산",
            "투자타입":"일반",
            "전용면적(m2)":"50.74",
            "전용면적(평)":"15평",
            "법정동주소":"경기도 군포시 당동 901-1",
            "도로명주소":"경기도 군포시 고산로250번길 36-1",
            "세대수":0,
            "입주년차":20,
            "용적률점수":"--",
            "건폐율점수":"--",
            "세대당주차수":0,
            "난방방식":30,
            "공급면적":"--",
            "전용률":"--",
            "욕실수":50,
            "현관타입":100,
            "주거총점":22.0,
            "지역구공급총점":100.0,
            "역세권":50,
            "30분내 이동가능 거점":40,
            "1시간내 이동가능 거점":100,
            "교통총점":57.0,
            "백화점":0,
            "아울렛몰":80,
            "대형마트":0,
            "은행":70,
            "병원":80,
            "종합병원":100,
            "공원":100,
            "혐오시설":0,
            "인프라총점":46.0,
            "초등학군":89.35,
            "중학군":50.86,
            "학군총점":58.558,
            "인구수":31.79,
            "인구증감":-16.46,
            "인구총점":17.315,
            "일자리":14.5,
            "소득수준":56.84,
            "일자리총점":27.202,
            "가치 총점":46.9337,
            "매매실거래년":20210710.0,
            "매매실거래가":54800.0,
            "전세실거래년":null,
            "전세실거래가":null,
            "전세가율":null,
            "장기전세가율평균":75.23,
            "전세가율거품지수":null,
            "검색코드":14470,
            "세대수":236.0,
            "준공년월":"2000-08-16",
            "준공년차":23.0,
            "가까운역이름":"군포",
            "가까운역거리":586.12,
            "역세권여부":"준역세권",
            "30분이내주요거점역":2,
            "1시간이내주요거점역":13,
            "3km이내백화점수":0,
            "5km이내아울렛몰수":1,
            "1km이내대형먀트수":0,
            "500m이내은행수":3,
            "500m이내병원수":35,
            "5km이내대형병원수":4,
            "500m이내공원수":11,
            "3km이내혐오시설수":0,
            "초등학교학업성취도":89.35,
            "중학교학업성취도":82.5,
            "용적률":289,
            "건폐율":0,
            "Y":37.349311,
            "X":126.944538,
            "rank":53.0,
            "area_info":"15평(50.74), 22평(73.43), 22평(73.82), 23평(76.45), 23평(79.02), 25평(84.84), 26평(86.56), 27평(89.95), 27평(89.3), 27평(91.89), 27평(92.54), 29평(96.84), 29평(96.45), 29평(97.47), 44평(146.4), 48평(158.73)",
            "last_sales":"2021-07-10,54800.0,48평(158.73)"
        },
        {
            "index":10,
            "아파트명":"목화",
            "투자타입":"재건축",
            "전용면적(m2)":"121.84",
            "전용면적(평)":"36평",
            "법정동주소":"경기도 군포시 금정동 850",
            "도로명주소":"경기도 군포시 번영로550번길 5",
            "세대수":50,
            "입주년차":"--",
            "용적률점수":20,
            "건폐율점수":0,
            "세대당주차수":"--",
            "난방방식":"--",
            "공급면적":100,
            "전용률":80,
            "욕실수":"--",
            "현관타입":"--",
            "주거총점":32.0,
            "지역구공급총점":100.0,
            "역세권":50,
            "30분내 이동가능 거점":20,
            "1시간내 이동가능 거점":100,
            "교통총점":51.0,
            "백화점":0,
            "아울렛몰":80,
            "대형마트":100,
            "은행":20,
            "병원":10,
            "종합병원":100,
            "공원":100,
            "혐오시설":0,
            "인프라총점":49.0,
            "초등학군":89.36,
            "중학군":43.9,
            "학군총점":52.992,
            "인구수":31.79,
            "인구증감":-16.46,
            "인구총점":17.315,
            "일자리":14.5,
            "소득수준":56.84,
            "일자리총점":27.202,
            "가치 총점":46.8988,
            "매매실거래년":20210911.0,
            "매매실거래가":79500.0,
            "전세실거래년":20211023.0,
            "전세실거래가":50000.0,
            "전세가율":70.42,
            "장기전세가율평균":75.23,
            "전세가율거품지수":4.81,
            "검색코드":2878,
            "세대수":420.0,
            "준공년월":"1992-12-15",
            "준공년차":31.0,
            "가까운역이름":"산본",
            "가까운역거리":549.36,
            "역세권여부":"준역세권",
            "30분이내주요거점역":1,
            "1시간이내주요거점역":10,
            "3km이내백화점수":0,
            "5km이내아울렛몰수":1,
            "1km이내대형먀트수":2,
            "500m이내은행수":2,
            "500m이내병원수":3,
            "5km이내대형병원수":5,
            "500m이내공원수":9,
            "3km이내혐오시설수":0,
            "초등학교학업성취도":89.36,
            "중학교학업성취도":71.5,
            "용적률":214,
            "건폐율":0,
            "Y":37.360316,
            "X":126.93883,
            "rank":54.0,
            "area_info":"36평(121.84), 47평(157.32)",
            "last_sales":"2021-09-11,79500.0,47평(157.32)"
        },
        {
            "index":20,
            "아파트명":"신환",
            "투자타입":"재건축",
            "전용면적(m2)":"64.99",
            "전용면적(평)":"19평",
            "법정동주소":"경기도 군포시 금정동 744-1",
            "도로명주소":"경기도 군포시 번영로 580",
            "세대수":50,
            "입주년차":"--",
            "용적률점수":0,
            "건폐율점수":80,
            "세대당주차수":"--",
            "난방방식":"--",
            "공급면적":50,
            "전용률":80,
            "욕실수":"--",
            "현관타입":"--",
            "주거총점":37.5,
            "지역구공급총점":100.0,
            "역세권":50,
            "30분내 이동가능 거점":20,
            "1시간내 이동가능 거점":80,
            "교통총점":47.0,
            "백화점":0,
            "아울렛몰":80,
            "대형마트":100,
            "은행":0,
            "병원":30,
            "종합병원":100,
            "공원":100,
            "혐오시설":0,
            "인프라총점":49.0,
            "초등학군":89.36,
            "중학군":43.9,
            "학군총점":52.992,
            "인구수":31.79,
            "인구증감":-16.46,
            "인구총점":17.315,
            "일자리":14.5,
            "소득수준":56.84,
            "일자리총점":27.202,
            "가치 총점":46.5988,
            "매매실거래년":20200325.0,
            "매매실거래가":31200.0,
            "전세실거래년":20210815.0,
            "전세실거래가":15750.0,
            "전세가율":98.44,
            "장기전세가율평균":75.23,
            "전세가율거품지수":-23.21,
            "검색코드":2622,
            "세대수":562.0,
            "준공년월":"1990-09-19",
            "준공년차":33.0,
            "가까운역이름":"산본",
            "가까운역거리":786.08,
            "역세권여부":"준역세권",
            "30분이내주요거점역":1,
            "1시간이내주요거점역":8,
            "3km이내백화점수":0,
            "5km이내아울렛몰수":1,
            "1km이내대형먀트수":2,
            "500m이내은행수":0,
            "500m이내병원수":5,
            "5km이내대형병원수":5,
            "500m이내공원수":10,
            "3km이내혐오시설수":0,
            "초등학교학업성취도":89.36,
            "중학교학업성취도":71.5,
            "용적률":293,
            "건폐율":28,
            "Y":37.361695,
            "X":126.940933,
            "rank":55.0,
            "area_info":"19평(64.99), 23평(76.13), 26평(86.66), 27평(89.44), 28평(95.72), 30평(101.07), 31평(102.58), 31평(102.57)",
            "last_sales":"2020-03-25,31200.0,31평(102.57)"
        },
        {
            "index":346,
            "아파트명":"우방목련",
            "투자타입":"일반",
            "전용면적(m2)":"93.16",
            "전용면적(평)":"28평",
            "법정동주소":"경기도 군포시 산본동 1091-1",
            "도로명주소":"경기도 군포시 고산로643번길 9",
            "세대수":80,
            "입주년차":0,
            "용적률점수":"--",
            "건폐율점수":"--",
            "세대당주차수":0,
            "난방방식":100,
            "공급면적":"--",
            "전용률":"--",
            "욕실수":50,
            "현관타입":100,
            "주거총점":53.0,
            "지역구공급총점":100.0,
            "역세권":0,
            "30분내 이동가능 거점":40,
            "1시간내 이동가능 거점":100,
            "교통총점":32.0,
            "백화점":0,
            "아울렛몰":80,
            "대형마트":100,
            "은행":0,
            "병원":60,
            "종합병원":100,
            "공원":100,
            "혐오시설":0,
            "인프라총점":52.0,
            "초등학군":86.02,
            "중학군":54.88,
            "학군총점":61.108,
            "인구수":31.79,
            "인구증감":-16.46,
            "인구총점":17.315,
            "일자리":14.5,
            "소득수준":56.84,
            "일자리총점":27.202,
            "가치 총점":46.5662,
            "매매실거래년":20211205.0,
            "매매실거래가":55000.0,
            "전세실거래년":20210812.0,
            "전세실거래가":28350.0,
            "전세가율":48.46,
            "장기전세가율평균":75.23,
            "전세가율거품지수":26.77,
            "검색코드":2887,
            "세대수":792.0,
            "준공년월":"1994-10-08",
            "준공년차":29.0,
            "가까운역이름":"산본",
            "가까운역거리":1117.94,
            "역세권여부":"비역세권",
            "30분이내주요거점역":2,
            "1시간이내주요거점역":12,
            "3km이내백화점수":0,
            "5km이내아울렛몰수":1,
            "1km이내대형먀트수":2,
            "500m이내은행수":1,
            "500m이내병원수":11,
            "5km이내대형병원수":5,
            "500m이내공원수":7,
            "3km이내혐오시설수":0,
            "초등학교학업성취도":86.02,
            "중학교학업성취도":88.6,
            "용적률":220,
            "건폐율":19,
            "Y":37.367553,
            "X":126.928963,
            "rank":56.0,
            "area_info":"28평(93.16), 32평(108.5)",
            "last_sales":"2021-12-05,55000.0,32평(108.5)"
        },
        {
            "index":100,
            "아파트명":"무지개마을대림",
            "투자타입":"일반",
            "전용면적(m2)":"78.4",
            "전용면적(평)":"23평",
            "법정동주소":"경기도 군포시 당동 954",
            "도로명주소":"경기도 군포시 금당로17번길 9",
            "세대수":90,
            "입주년차":20,
            "용적률점수":"--",
            "건폐율점수":"--",
            "세대당주차수":30,
            "난방방식":100,
            "공급면적":"--",
            "전용률":"--",
            "욕실수":100,
            "현관타입":100,
            "주거총점":70.0,
            "지역구공급총점":100.0,
            "역세권":50,
            "30분내 이동가능 거점":0,
            "1시간내 이동가능 거점":50,
            "교통총점":35.0,
            "백화점":0,
            "아울렛몰":80,
            "대형마트":0,
            "은행":0,
            "병원":60,
            "종합병원":100,
            "공원":100,
            "혐오시설":0,
            "인프라총점":37.0,
            "초등학군":89.35,
            "중학군":52.76,
            "학군총점":60.078,
            "인구수":31.79,
            "인구증감":-16.46,
            "인구총점":17.315,
            "일자리":14.5,
            "소득수준":56.84,
            "일자리총점":27.202,
            "가치 총점":46.3617,
            "매매실거래년":20210820.0,
            "매매실거래가":53000.0,
            "전세실거래년":20220110.0,
            "전세실거래가":34000.0,
            "전세가율":64.15,
            "장기전세가율평균":75.23,
            "전세가율거품지수":11.08,
            "검색코드":8333,
            "세대수":989.0,
            "준공년월":"2003-06-24",
            "준공년차":20.0,
            "가까운역이름":"군포",
            "가까운역거리":891.13,
            "역세권여부":"준역세권",
            "30분이내주요거점역":0,
            "1시간이내주요거점역":5,
            "3km이내백화점수":0,
            "5km이내아울렛몰수":1,
            "1km이내대형먀트수":0,
            "500m이내은행수":1,
            "500m이내병원수":16,
            "5km이내대형병원수":3,
            "500m이내공원수":7,
            "3km이내혐오시설수":0,
            "초등학교학업성취도":89.35,
            "중학교학업성취도":85.0,
            "용적률":242,
            "건폐율":15,
            "Y":37.349512,
            "X":126.939761,
            "rank":57.0,
            "area_info":"23평(78.4), 32평(106.61)",
            "last_sales":"2021-08-20,53000.0,23평(78.4)"
        },
        {
            "index":178,
            "아파트명":"건양1차",
            "투자타입":"일반",
            "전용면적(m2)":"85.87",
            "전용면적(평)":"25평",
            "법정동주소":"경기도 군포시 대야미동 654-14",
            "도로명주소":"경기도 군포시 대야1로22번길 8-1",
            "세대수":0,
            "입주년차":0,
            "용적률점수":"--",
            "건폐율점수":"--",
            "세대당주차수":0,
            "난방방식":30,
            "공급면적":"--",
            "전용률":"--",
            "욕실수":50,
            "현관타입":10,
            "주거총점":9.0,
            "지역구공급총점":100.0,
            "역세권":80,
            "30분내 이동가능 거점":40,
            "1시간내 이동가능 거점":100,
            "교통총점":72.0,
            "백화점":0,
            "아울렛몰":80,
            "대형마트":0,
            "은행":0,
            "병원":10,
            "종합병원":100,
            "공원":100,
            "혐오시설":0,
            "인프라총점":32.0,
            "초등학군":82.93,
            "중학군":48.76,
            "학군총점":55.594,
            "인구수":31.79,
            "인구증감":-16.46,
            "인구총점":17.315,
            "일자리":14.5,
            "소득수준":56.84,
            "일자리총점":27.202,
            "가치 총점":44.9391,
            "매매실거래년":20210828.0,
            "매매실거래가":32000.0,
            "전세실거래년":20211112.0,
            "전세실거래가":25000.0,
            "전세가율":78.12,
            "장기전세가율평균":75.23,
            "전세가율거품지수":-2.89,
            "검색코드":9583,
            "세대수":154.0,
            "준공년월":"1997-02-14",
            "준공년차":26.0,
            "가까운역이름":"대야미",
            "가까운역거리":128.02,
            "역세권여부":"역세권",
            "30분이내주요거점역":2,
            "1시간이내주요거점역":10,
            "3km이내백화점수":0,
            "5km이내아울렛몰수":1,
            "1km이내대형먀트수":0,
            "500m이내은행수":0,
            "500m이내병원수":3,
            "5km이내대형병원수":3,
            "500m이내공원수":4,
            "3km이내혐오시설수":0,
            "초등학교학업성취도":82.93,
            "중학교학업성취도":79.2,
            "용적률":324,
            "건폐율":24,
            "Y":37.32759,
            "X":126.91827,
            "rank":58.0,
            "area_info":"25평(85.87), 32평(107.41)",
            "last_sales":"2021-08-28,32000.0,25평(85.87)"
        },
        {
            "index":305,
            "아파트명":"묘향롯데",
            "투자타입":"일반",
            "전용면적(m2)":"114.33",
            "전용면적(평)":"34평",
            "법정동주소":"경기도 군포시 산본동 1148",
            "도로명주소":"경기도 군포시 고산로539번길 7-12",
            "세대수":80,
            "입주년차":0,
            "용적률점수":"--",
            "건폐율점수":"--",
            "세대당주차수":30,
            "난방방식":100,
            "공급면적":"--",
            "전용률":"--",
            "욕실수":100,
            "현관타입":100,
            "주거총점":62.5,
            "지역구공급총점":100.0,
            "역세권":0,
            "30분내 이동가능 거점":20,
            "1시간내 이동가능 거점":80,
            "교통총점":22.0,
            "백화점":0,
            "아울렛몰":80,
            "대형마트":100,
            "은행":0,
            "병원":30,
            "종합병원":100,
            "공원":100,
            "혐오시설":0,
            "인프라총점":49.0,
            "초등학군":93.39,
            "중학군":55.56,
            "학군총점":63.126,
            "인구수":31.79,
            "인구증감":-16.46,
            "인구총점":17.315,
            "일자리":14.5,
            "소득수준":56.84,
            "일자리총점":27.202,
            "가치 총점":44.3689,
            "매매실거래년":20211016.0,
            "매매실거래가":75000.0,
            "전세실거래년":20211218.0,
            "전세실거래가":39900.0,
            "전세가율":53.2,
            "장기전세가율평균":75.23,
            "전세가율거품지수":22.03,
            "검색코드":2889,
            "세대수":784.0,
            "준공년월":"1993-07-21",
            "준공년차":30.0,
            "가까운역이름":"산본",
            "가까운역거리":1173.79,
            "역세권여부":"비역세권",
            "30분이내주요거점역":1,
            "1시간이내주요거점역":8,
            "3km이내백화점수":0,
            "5km이내아울렛몰수":1,
            "1km이내대형먀트수":2,
            "500m이내은행수":1,
            "500m이내병원수":6,
            "5km이내대형병원수":5,
            "500m이내공원수":6,
            "3km이내혐오시설수":0,
            "초등학교학업성취도":93.39,
            "중학교학업성취도":89.0,
            "용적률":220,
            "건폐율":15,
            "Y":37.362517,
            "X":126.921211,
            "rank":59.0,
            "area_info":"34평(114.33), 36평(122.13), 47평(157.01), 52평(172.83), 54평(179.11), 66평(218.5)",
            "last_sales":"2021-10-16,75000.0,34평(114.33)"
        },
        {
            "index":98,
            "아파트명":"무지개마을KCC",
            "투자타입":"일반",
            "전용면적(m2)":"80.58",
            "전용면적(평)":"24평",
            "법정동주소":"경기도 군포시 당동 796",
            "도로명주소":"경기도 군포시 당동로21번길 52",
            "세대수":0,
            "입주년차":40,
            "용적률점수":"--",
            "건폐율점수":"--",
            "세대당주차수":30,
            "난방방식":100,
            "공급면적":"--",
            "전용률":"--",
            "욕실수":100,
            "현관타입":100,
            "주거총점":42.5,
            "지역구공급총점":100.0,
            "역세권":50,
            "30분내 이동가능 거점":20,
            "1시간내 이동가능 거점":60,
            "교통총점":43.0,
            "백화점":0,
            "아울렛몰":80,
            "대형마트":0,
            "은행":20,
            "병원":60,
            "종합병원":100,
            "공원":100,
            "혐오시설":0,
            "인프라총점":39.0,
            "초등학군":89.35,
            "중학군":52.76,
            "학군총점":60.078,
            "인구수":31.79,
            "인구증감":-16.46,
            "인구총점":17.315,
            "일자리":14.5,
            "소득수준":56.84,
            "일자리총점":27.202,
            "가치 총점":44.2617,
            "매매실거래년":20210928.0,
            "매매실거래가":38000.0,
            "전세실거래년":20210915.0,
            "전세실거래가":27300.0,
            "전세가율":71.84,
            "장기전세가율평균":75.23,
            "전세가율거품지수":3.39,
            "검색코드":23047,
            "세대수":299.0,
            "준공년월":"2006-05-24",
            "준공년차":17.0,
            "가까운역이름":"당정",
            "가까운역거리":831.7,
            "역세권여부":"준역세권",
            "30분이내주요거점역":1,
            "1시간이내주요거점역":6,
            "3km이내백화점수":0,
            "5km이내아울렛몰수":1,
            "1km이내대형먀트수":0,
            "500m이내은행수":2,
            "500m이내병원수":29,
            "5km이내대형병원수":3,
            "500m이내공원수":10,
            "3km이내혐오시설수":0,
            "초등학교학업성취도":89.35,
            "중학교학업성취도":85.0,
            "용적률":414,
            "건폐율":19,
            "Y":37.348891,
            "X":126.940932,
            "rank":60.0,
            "area_info":"24평(80.58), 32평(106.47)",
            "last_sales":"2021-09-28,38000.0,24평(80.58)"
        },
        {
            "index":180,
            "아파트명":"건양타워2차",
            "투자타입":"일반",
            "전용면적(m2)":"85.17",
            "전용면적(평)":"25평",
            "법정동주소":"경기도 군포시 대야미동 659-1",
            "도로명주소":"경기도 군포시 대야1로15번길 6",
            "세대수":0,
            "입주년차":0,
            "용적률점수":"--",
            "건폐율점수":"--",
            "세대당주차수":0,
            "난방방식":30,
            "공급면적":"--",
            "전용률":"--",
            "욕실수":50,
            "현관타입":10,
            "주거총점":9.0,
            "지역구공급총점":100.0,
            "역세권":80,
            "30분내 이동가능 거점":40,
            "1시간내 이동가능 거점":90,
            "교통총점":70.0,
            "백화점":0,
            "아울렛몰":80,
            "대형마트":0,
            "은행":0,
            "병원":10,
            "종합병원":100,
            "공원":100,
            "혐오시설":0,
            "인프라총점":32.0,
            "초등학군":82.93,
            "중학군":48.76,
            "학군총점":55.594,
            "인구수":31.79,
            "인구증감":-16.46,
            "인구총점":17.315,
            "일자리":14.5,
            "소득수준":56.84,
            "일자리총점":27.202,
            "가치 총점":44.2391,
            "매매실거래년":20210903.0,
            "매매실거래가":45000.0,
            "전세실거래년":20210817.0,
            "전세실거래가":17000.0,
            "전세가율":60.07,
            "장기전세가율평균":75.23,
            "전세가율거품지수":15.16,
            "검색코드":9584,
            "세대수":157.0,
            "준공년월":"1998-08-24",
            "준공년차":25.0,
            "가까운역이름":"대야미",
            "가까운역거리":178.89,
            "역세권여부":"역세권",
            "30분이내주요거점역":2,
            "1시간이내주요거점역":9,
            "3km이내백화점수":0,
            "5km이내아울렛몰수":1,
            "1km이내대형먀트수":0,
            "500m이내은행수":0,
            "500m이내병원수":3,
            "5km이내대형병원수":3,
            "500m이내공원수":4,
            "3km이내혐오시설수":0,
            "초등학교학업성취도":82.93,
            "중학교학업성취도":79.2,
            "용적률":384,
            "건폐율":35,
            "Y":37.32688,
            "X":126.917,
            "rank":61.0,
            "area_info":"25평(85.17), 33평(110.45)",
            "last_sales":"2021-09-03,45000.0,33평(110.45)"
        },
        {
            "index":269,
            "아파트명":"가야주공5단지3차",
            "투자타입":"일반",
            "전용면적(m2)":"61.83",
            "전용면적(평)":"18평",
            "법정동주소":"경기도 군포시 산본동 1155-7",
            "도로명주소":"경기도 군포시 번영로 353",
            "세대수":90,
            "입주년차":0,
            "용적률점수":"--",
            "건폐율점수":"--",
            "세대당주차수":0,
            "난방방식":100,
            "공급면적":"--",
            "전용률":"--",
            "욕실수":50,
            "현관타입":100,
            "주거총점":56.5,
            "지역구공급총점":100.0,
            "역세권":50,
            "30분내 이동가능 거점":20,
            "1시간내 이동가능 거점":60,
            "교통총점":43.0,
            "백화점":0,
            "아울렛몰":80,
            "대형마트":0,
            "은행":0,
            "병원":0,
            "종합병원":100,
            "공원":100,
            "혐오시설":-50,
            "인프라총점":30.0,
            "초등학군":81.21,
            "중학군":52.64,
            "학군총점":58.354,
            "인구수":31.79,
            "인구증감":-16.46,
            "인구총점":17.315,
            "일자리":14.5,
            "소득수준":56.84,
            "일자리총점":27.202,
            "가치 총점":44.1031,
            "매매실거래년":20220102.0,
            "매매실거래가":29000.0,
            "전세실거래년":20220112.0,
            "전세실거래가":10500.0,
            "전세가율":36.21,
            "장기전세가율평균":75.23,
            "전세가율거품지수":39.02,
            "검색코드":114454,
            "세대수":949.0,
            "준공년월":"1993-08-19",
            "준공년차":30.0,
            "가까운역이름":"수리산",
            "가까운역거리":643.37,
            "역세권여부":"준역세권",
            "30분이내주요거점역":1,
            "1시간이내주요거점역":6,
            "3km이내백화점수":0,
            "5km이내아울렛몰수":1,
            "1km이내대형먀트수":0,
            "500m이내은행수":0,
            "500m이내병원수":0,
            "5km이내대형병원수":3,
            "500m이내공원수":2,
            "3km이내혐오시설수":1,
            "초등학교학업성취도":81.21,
            "중학교학업성취도":85.4,
            "용적률":196,
            "건폐율":11,
            "Y":37.344306,
            "X":126.923086,
            "rank":62.0,
            "area_info":"18평(61.83)",
            "last_sales":"2022-01-02,29000.0,18평(61.83)"
        },
        {
            "index":373,
            "아파트명":"한라주공4단지2차",
            "투자타입":"일반",
            "전용면적(m2)":"53.72",
            "전용면적(평)":"16평",
            "법정동주소":"경기도 군포시 산본동 1156-15",
            "도로명주소":"경기도 군포시 번영로 328",
            "세대수":100,
            "입주년차":0,
            "용적률점수":"--",
            "건폐율점수":"--",
            "세대당주차수":0,
            "난방방식":100,
            "공급면적":"--",
            "전용률":"--",
            "욕실수":50,
            "현관타입":10,
            "주거총점":51.0,
            "지역구공급총점":100.0,
            "역세권":50,
            "30분내 이동가능 거점":20,
            "1시간내 이동가능 거점":70,
            "교통총점":45.0,
            "백화점":0,
            "아울렛몰":80,
            "대형마트":0,
            "은행":0,
            "병원":0,
            "종합병원":100,
            "공원":100,
            "혐오시설":0,
            "인프라총점":31.0,
            "초등학군":81.21,
            "중학군":52.64,
            "학군총점":58.354,
            "인구수":31.79,
            "인구증감":-16.46,
            "인구총점":17.315,
            "일자리":14.5,
            "소득수준":56.84,
            "일자리총점":27.202,
            "가치 총점":44.0031,
            "매매실거래년":20211230.0,
            "매매실거래가":45500.0,
            "전세실거래년":20211127.0,
            "전세실거래가":12000.0,
            "전세가율":34.29,
            "장기전세가율평균":75.23,
            "전세가율거품지수":40.94,
            "검색코드":8960,
            "세대수":1639.0,
            "준공년월":"1997-11-29",
            "준공년차":26.0,
            "가까운역이름":"수리산",
            "가까운역거리":599.31,
            "역세권여부":"준역세권",
            "30분이내주요거점역":1,
            "1시간이내주요거점역":7,
            "3km이내백화점수":0,
            "5km이내아울렛몰수":1,
            "1km이내대형먀트수":0,
            "500m이내은행수":0,
            "500m이내병원수":0,
            "5km이내대형병원수":3,
            "500m이내공원수":3,
            "3km이내혐오시설수":0,
            "초등학교학업성취도":81.21,
            "중학교학업성취도":85.4,
            "용적률":209,
            "건폐율":13,
            "Y":37.344451,
            "X":126.926187,
            "rank":63.0,
            "area_info":"16평(53.72), 24평(80.63), 25평(83.43), 25평(84.7), 25평(85.59), 26평(86.59)",
            "last_sales":"2021-12-30,45500.0,25평(85.59)"
        },
        {
            "index":245,
            "아파트명":"의왕역센트럴시티",
            "투자타입":"일반",
            "전용면적(m2)":"98.32",
            "전용면적(평)":"29평",
            "법정동주소":"경기도 군포시 부곡동 1098",
            "도로명주소":"경기도 군포시 송부로273번길 27",
            "세대수":30,
            "입주년차":60,
            "용적률점수":"--",
            "건폐율점수":"--",
            "세대당주차수":30,
            "난방방식":30,
            "공급면적":"--",
            "전용률":"--",
            "욕실수":100,
            "현관타입":100,
            "주거총점":50.0,
            "지역구공급총점":100.0,
            "역세권":50,
            "30분내 이동가능 거점":20,
            "1시간내 이동가능 거점":60,
            "교통총점":43.0,
            "백화점":0,
            "아울렛몰":80,
            "대형마트":0,
            "은행":0,
            "병원":30,
            "종합병원":100,
            "공원":100,
            "혐오시설":0,
            "인프라총점":34.0,
            "초등학군":84.44,
            "중학군":48.76,
            "학군총점":55.896,
            "인구수":31.79,
            "인구증감":-16.46,
            "인구총점":17.315,
            "일자리":14.5,
            "소득수준":56.84,
            "일자리총점":27.202,
            "가치 총점":43.6344,
            "매매실거래년":20210617.0,
            "매매실거래가":69000.0,
            "전세실거래년":20210113.0,
            "전세실거래가":38000.0,
            "전세가율":55.07,
            "장기전세가율평균":75.23,
            "전세가율거품지수":20.16,
            "검색코드":101480,
            "세대수":389.0,
            "준공년월":"2010-07-02",
            "준공년차":13.0,
            "가까운역이름":"의왕",
            "가까운역거리":734.59,
            "역세권여부":"준역세권",
            "30분이내주요거점역":1,
            "1시간이내주요거점역":6,
            "3km이내백화점수":0,
            "5km이내아울렛몰수":1,
            "1km이내대형먀트수":0,
            "500m이내은행수":0,
            "500m이내병원수":5,
            "5km이내대형병원수":2,
            "500m이내공원수":5,
            "3km이내혐오시설수":0,
            "초등학교학업성취도":84.44,
            "중학교학업성취도":79.2,
            "용적률":148,
            "건폐율":21,
            "Y":37.324494,
            "X":126.941286,
            "rank":64.0,
            "area_info":"29평(98.32), 29평(98.2), 29평(98.2), 33평(111.37), 33평(111.37)",
            "last_sales":"2021-06-17,69000.0,29평(98.32)"
        },
        {
            "index":123,
            "아파트명":"용호마을쌍용",
            "투자타입":"일반",
            "전용면적(m2)":"105.03",
            "전용면적(평)":"31평",
            "법정동주소":"경기도 군포시 당동 957-1",
            "도로명주소":"경기도 군포시 용호1로 57",
            "세대수":0,
            "입주년차":20,
            "용적률점수":"--",
            "건폐율점수":"--",
            "세대당주차수":30,
            "난방방식":100,
            "공급면적":"--",
            "전용률":"--",
            "욕실수":100,
            "현관타입":100,
            "주거총점":38.5,
            "지역구공급총점":100.0,
            "역세권":50,
            "30분내 이동가능 거점":20,
            "1시간내 이동가능 거점":80,
            "교통총점":47.0,
            "백화점":0,
            "아울렛몰":80,
            "대형마트":0,
            "은행":0,
            "병원":30,
            "종합병원":100,
            "공원":100,
            "혐오시설":0,
            "인프라총점":34.0,
            "초등학군":88.82,
            "중학군":52.76,
            "학군총점":59.972,
            "인구수":31.79,
            "인구증감":-16.46,
            "인구총점":17.315,
            "일자리":14.5,
            "소득수준":56.84,
            "일자리총점":27.202,
            "가치 총점":43.3458,
            "매매실거래년":20210720.0,
            "매매실거래가":53800.0,
            "전세실거래년":20210614.0,
            "전세실거래가":32000.0,
            "전세가율":59.48,
            "장기전세가율평균":75.23,
            "전세가율거품지수":15.75,
            "검색코드":8605,
            "세대수":115.0,
            "준공년월":"2003-02-18",
            "준공년차":20.0,
            "가까운역이름":"당정",
            "가까운역거리":958.44,
            "역세권여부":"준역세권",
            "30분이내주요거점역":1,
            "1시간이내주요거점역":8,
            "3km이내백화점수":0,
            "5km이내아울렛몰수":1,
            "1km이내대형먀트수":0,
            "500m이내은행수":1,
            "500m이내병원수":7,
            "5km이내대형병원수":3,
            "500m이내공원수":6,
            "3km이내혐오시설수":0,
            "초등학교학업성취도":88.82,
            "중학교학업성취도":85.0,
            "용적률":241,
            "건폐율":18,
            "Y":37.34825,
            "X":126.938718,
            "rank":65.0,
            "area_info":"31평(105.03)",
            "last_sales":"2021-07-20,53800.0,31평(105.03)"
        },
        {
            "index":398,
            "아파트명":"한양백두",
            "투자타입":"일반",
            "전용면적(m2)":"99.64",
            "전용면적(평)":"30평",
            "법정동주소":"경기도 군포시 산본동 1119",
            "도로명주소":"경기도 군포시 수리산로 244",
            "세대수":90,
            "입주년차":0,
            "용적률점수":"--",
            "건폐율점수":"--",
            "세대당주차수":80,
            "난방방식":100,
            "공급면적":"--",
            "전용률":"--",
            "욕실수":100,
            "현관타입":100,
            "주거총점":73.5,
            "지역구공급총점":100.0,
            "역세권":0,
            "30분내 이동가능 거점":0,
            "1시간내 이동가능 거점":50,
            "교통총점":10.0,
            "백화점":0,
            "아울렛몰":80,
            "대형마트":100,
            "은행":0,
            "병원":30,
            "종합병원":100,
            "공원":100,
            "혐오시설":0,
            "인프라총점":49.0,
            "초등학군":93.39,
            "중학군":55.56,
            "학군총점":63.126,
            "인구수":31.79,
            "인구증감":-16.46,
            "인구총점":17.315,
            "일자리":14.5,
            "소득수준":56.84,
            "일자리총점":27.202,
            "가치 총점":42.3689,
            "매매실거래년":20200530.0,
            "매매실거래가":64500.0,
            "전세실거래년":null,
            "전세실거래가":null,
            "전세가율":null,
            "장기전세가율평균":75.23,
            "전세가율거품지수":null,
            "검색코드":2893,
            "세대수":930.0,
            "준공년월":"1994-09-14",
            "준공년차":29.0,
            "가까운역이름":"산본",
            "가까운역거리":1165.18,
            "역세권여부":"비역세권",
            "30분이내주요거점역":0,
            "1시간이내주요거점역":5,
            "3km이내백화점수":0,
            "5km이내아울렛몰수":1,
            "1km이내대형먀트수":2,
            "500m이내은행수":1,
            "500m이내병원수":6,
            "5km이내대형병원수":5,
            "500m이내공원수":4,
            "3km이내혐오시설수":0,
            "초등학교학업성취도":93.39,
            "중학교학업성취도":89.0,
            "용적률":217,
            "건폐율":13,
            "Y":37.365142,
            "X":126.92351,
            "rank":66.0,
            "area_info":"30평(99.64), 30평(99.64), 31평(103.55), 32평(107.5), 32평(107.5), 35평(118.45), 35평(118.45), 39평(129.83), 40평(132.73), 41평(137.27), 46평(153.88), 46평(153.8), 46평(153.88), 46평(154.16), 47평(156.0), 54평(181.07), 54평(181.02), 54평(181.07)",
            "last_sales":"2020-05-30,64500.0,54평(181.02)"
        },
        {
            "index":129,
            "아파트명":"누리에뜰",
            "투자타입":"일반",
            "전용면적(m2)":"106.06",
            "전용면적(평)":"32평",
            "법정동주소":"경기도 군포시 당정동 981-1",
            "도로명주소":"경기도 군포시 한세로66번길 12",
            "세대수":0,
            "입주년차":40,
            "용적률점수":"--",
            "건폐율점수":"--",
            "세대당주차수":0,
            "난방방식":30,
            "공급면적":"--",
            "전용률":"--",
            "욕실수":100,
            "현관타입":100,
            "주거총점":31.0,
            "지역구공급총점":100.0,
            "역세권":50,
            "30분내 이동가능 거점":20,
            "1시간내 이동가능 거점":70,
            "교통총점":45.0,
            "백화점":0,
            "아울렛몰":80,
            "대형마트":0,
            "은행":0,
            "병원":30,
            "종합병원":100,
            "공원":100,
            "혐오시설":0,
            "인프라총점":34.0,
            "초등학군":88.13,
            "중학군":49.2,
            "학군총점":56.986,
            "인구수":31.79,
            "인구증감":-16.46,
            "인구총점":17.315,
            "일자리":14.5,
            "소득수준":56.84,
            "일자리총점":27.202,
            "가치 총점":40.6979,
            "매매실거래년":20210316.0,
            "매매실거래가":45500.0,
            "전세실거래년":null,
            "전세실거래가":null,
            "전세가율":null,
            "장기전세가율평균":75.23,
            "전세가율거품지수":null,
            "검색코드":26000,
            "세대수":160.0,
            "준공년월":"2007-05-11",
            "준공년차":16.0,
            "가까운역이름":"당정",
            "가까운역거리":831.13,
            "역세권여부":"준역세권",
            "30분이내주요거점역":1,
            "1시간이내주요거점역":7,
            "3km이내백화점수":0,
            "5km이내아울렛몰수":1,
            "1km이내대형먀트수":0,
            "500m이내은행수":1,
            "500m이내병원수":5,
            "5km이내대형병원수":4,
            "500m이내공원수":5,
            "3km이내혐오시설수":0,
            "초등학교학업성취도":88.13,
            "중학교학업성취도":81.0,
            "용적률":233,
            "건폐율":56,
            "Y":37.348208,
            "X":126.956348,
            "rank":67.0,
            "area_info":"32평(106.06), 33평(111.91), 34평(115.35), 38평(126.76), 40평(132.71), 41평(136.01), 43평(145.14), 44평(147.53), 44평(147.11), 46평(152.56)",
            "last_sales":"2021-03-16,45500.0,44평(147.11)"
        },
        {
            "index":119,
            "아파트명":"용호마을e-편한세상",
            "투자타입":"일반",
            "전용면적(m2)":"79.35",
            "전용면적(평)":"24평",
            "법정동주소":"경기도 군포시 당동 979-1",
            "도로명주소":"경기도 군포시 용호1로21번길 15",
            "세대수":90,
            "입주년차":40,
            "용적률점수":"--",
            "건폐율점수":"--",
            "세대당주차수":30,
            "난방방식":100,
            "공급면적":"--",
            "전용률":"--",
            "욕실수":100,
            "현관타입":100,
            "주거총점":74.0,
            "지역구공급총점":100.0,
            "역세권":0,
            "30분내 이동가능 거점":20,
            "1시간내 이동가능 거점":70,
            "교통총점":20.0,
            "백화점":0,
            "아울렛몰":80,
            "대형마트":0,
            "은행":0,
            "병원":10,
            "종합병원":100,
            "공원":100,
            "혐오시설":0,
            "인프라총점":32.0,
            "초등학군":88.82,
            "중학군":52.76,
            "학군총점":59.972,
            "인구수":31.79,
            "인구증감":-16.46,
            "인구총점":17.315,
            "일자리":14.5,
            "소득수준":56.84,
            "일자리총점":27.202,
            "가치 총점":40.3958,
            "매매실거래년":20210917.0,
            "매매실거래가":64000.0,
            "전세실거래년":20220118.0,
            "전세실거래가":29400.0,
            "전세가율":45.94,
            "장기전세가율평균":75.23,
            "전세가율거품지수":29.29,
            "검색코드":12089,
            "세대수":1247.0,
            "준공년월":"2005-09-22",
            "준공년차":18.0,
            "가까운역이름":"당정",
            "가까운역거리":1017.46,
            "역세권여부":"비역세권",
            "30분이내주요거점역":1,
            "1시간이내주요거점역":7,
            "3km이내백화점수":0,
            "5km이내아울렛몰수":1,
            "1km이내대형먀트수":0,
            "500m이내은행수":1,
            "500m이내병원수":2,
            "5km이내대형병원수":3,
            "500m이내공원수":5,
            "3km이내혐오시설수":0,
            "초등학교학업성취도":88.82,
            "중학교학업성취도":85.0,
            "용적률":228,
            "건폐율":19,
            "Y":37.343737,
            "X":126.936856,
            "rank":68.0,
            "area_info":"24평(79.35), 33평(109.12), 45평(151.74), 45평(151.74)",
            "last_sales":"2021-09-17,64000.0,24평(79.35)"
        },
        {
            "index":311,
            "아파트명":"백두극동",
            "투자타입":"일반",
            "전용면적(m2)":"114.62",
            "전용면적(평)":"34평",
            "법정동주소":"경기도 군포시 산본동 1119-3",
            "도로명주소":"경기도 군포시 고산로539번길 6",
            "세대수":50,
            "입주년차":0,
            "용적률점수":"--",
            "건폐율점수":"--",
            "세대당주차수":0,
            "난방방식":100,
            "공급면적":"--",
            "전용률":"--",
            "욕실수":100,
            "현관타입":100,
            "주거총점":47.5,
            "지역구공급총점":100.0,
            "역세권":0,
            "30분내 이동가능 거점":20,
            "1시간내 이동가능 거점":60,
            "교통총점":18.0,
            "백화점":0,
            "아울렛몰":80,
            "대형마트":100,
            "은행":0,
            "병원":30,
            "종합병원":100,
            "공원":100,
            "혐오시설":0,
            "인프라총점":49.0,
            "초등학군":88.14,
            "중학군":55.56,
            "학군총점":62.076,
            "인구수":31.79,
            "인구증감":-16.46,
            "인구총점":17.315,
            "일자리":14.5,
            "소득수준":56.84,
            "일자리총점":27.202,
            "가치 총점":39.8114,
            "매매실거래년":20210930.0,
            "매매실거래가":79000.0,
            "전세실거래년":20211115.0,
            "전세실거래가":42000.0,
            "전세가율":53.16,
            "장기전세가율평균":75.23,
            "전세가율거품지수":22.07,
            "검색코드":2891,
            "세대수":472.0,
            "준공년월":"1993-09-16",
            "준공년차":30.0,
            "가까운역이름":"산본",
            "가까운역거리":1057.09,
            "역세권여부":"비역세권",
            "30분이내주요거점역":1,
            "1시간이내주요거점역":6,
            "3km이내백화점수":0,
            "5km이내아울렛몰수":1,
            "1km이내대형먀트수":2,
            "500m이내은행수":1,
            "500m이내병원수":6,
            "5km이내대형병원수":5,
            "500m이내공원수":7,
            "3km이내혐오시설수":0,
            "초등학교학업성취도":88.14,
            "중학교학업성취도":89.0,
            "용적률":220,
            "건폐율":15,
            "Y":37.363238,
            "X":126.92321,
            "rank":69.0,
            "area_info":"34평(114.62), 41평(138.06), 48평(160.68)",
            "last_sales":"2021-09-30,79000.0,34평(114.62)"
        },
        {
            "index":289,
            "아파트명":"동성백두",
            "투자타입":"일반",
            "전용면적(m2)":"109.25",
            "전용면적(평)":"33평",
            "법정동주소":"경기도 군포시 산본동 1119-4",
            "도로명주소":"경기도 군포시 고산로539번길 24",
            "세대수":50,
            "입주년차":0,
            "용적률점수":"--",
            "건폐율점수":"--",
            "세대당주차수":0,
            "난방방식":100,
            "공급면적":"--",
            "전용률":"--",
            "욕실수":100,
            "현관타입":100,
            "주거총점":47.5,
            "지역구공급총점":100.0,
            "역세권":0,
            "30분내 이동가능 거점":20,
            "1시간내 이동가능 거점":50,
            "교통총점":16.0,
            "백화점":0,
            "아울렛몰":80,
            "대형마트":100,
            "은행":0,
            "병원":30,
            "종합병원":100,
            "공원":100,
            "혐오시설":0,
            "인프라총점":49.0,
            "초등학군":93.39,
            "중학군":55.56,
            "학군총점":63.126,
            "인구수":31.79,
            "인구증감":-16.46,
            "인구총점":17.315,
            "일자리":14.5,
            "소득수준":56.84,
            "일자리총점":27.202,
            "가치 총점":39.2689,
            "매매실거래년":20210817.0,
            "매매실거래가":75000.0,
            "전세실거래년":20211218.0,
            "전세실거래가":39375.0,
            "전세가율":60.58,
            "장기전세가율평균":75.23,
            "전세가율거품지수":14.65,
            "검색코드":2892,
            "세대수":460.0,
            "준공년월":"1993-03-27",
            "준공년차":30.0,
            "가까운역이름":"산본",
            "가까운역거리":1215.53,
            "역세권여부":"비역세권",
            "30분이내주요거점역":1,
            "1시간이내주요거점역":5,
            "3km이내백화점수":0,
            "5km이내아울렛몰수":1,
            "1km이내대형먀트수":2,
            "500m이내은행수":1,
            "500m이내병원수":6,
            "5km이내대형병원수":5,
            "500m이내공원수":5,
            "3km이내혐오시설수":0,
            "초등학교학업성취도":93.39,
            "중학교학업성취도":89.0,
            "용적률":220,
            "건폐율":14,
            "Y":37.36399,
            "X":126.921687,
            "rank":70.0,
            "area_info":"33평(109.25), 36평(121.63), 46평(155.27)",
            "last_sales":"2021-08-17,75000.0,36평(121.63)"
        },
        {
            "index":283,
            "아파트명":"금강주공9단지2차",
            "투자타입":"일반",
            "전용면적(m2)":"52.31",
            "전용면적(평)":"15평",
            "법정동주소":"경기도 군포시 산본동 1147",
            "도로명주소":"경기도 군포시 고산로 529",
            "세대수":30,
            "입주년차":0,
            "용적률점수":"--",
            "건폐율점수":"--",
            "세대당주차수":30,
            "난방방식":100,
            "공급면적":"--",
            "전용률":"--",
            "욕실수":50,
            "현관타입":10,
            "주거총점":31.0,
            "지역구공급총점":100.0,
            "역세권":0,
            "30분내 이동가능 거점":20,
            "1시간내 이동가능 거점":90,
            "교통총점":24.0,
            "백화점":0,
            "아울렛몰":80,
            "대형마트":100,
            "은행":0,
            "병원":30,
            "종합병원":100,
            "공원":100,
            "혐오시설":0,
            "인프라총점":49.0,
            "초등학군":88.14,
            "중학군":55.0,
            "학군총점":61.628,
            "인구수":31.79,
            "인구증감":-16.46,
            "인구총점":17.315,
            "일자리":14.5,
            "소득수준":56.84,
            "일자리총점":27.202,
            "가치 총점":38.5442,
            "매매실거래년":20211023.0,
            "매매실거래가":56400.0,
            "전세실거래년":20211224.0,
            "전세실거래가":13100.0,
            "전세가율":37.97,
            "장기전세가율평균":75.23,
            "전세가율거품지수":37.26,
            "검색코드":2896,
            "세대수":340.0,
            "준공년월":"1996-06-10",
            "준공년차":27.0,
            "가까운역이름":"산본",
            "가까운역거리":1002.61,
            "역세권여부":"비역세권",
            "30분이내주요거점역":1,
            "1시간이내주요거점역":9,
            "3km이내백화점수":0,
            "5km이내아울렛몰수":1,
            "1km이내대형먀트수":3,
            "500m이내은행수":1,
            "500m이내병원수":8,
            "5km이내대형병원수":5,
            "500m이내공원수":7,
            "3km이내혐오시설수":0,
            "초등학교학업성취도":88.14,
            "중학교학업성취도":89.8,
            "용적률":217,
            "건폐율":27,
            "Y":37.360971,
            "X":126.92252,
            "rank":71.0,
            "area_info":"15평(52.31), 24평(81.04), 24평(81.04)",
            "last_sales":"2021-10-23,56400.0,24평(81.04)"
        },
        {
            "index":203,
            "아파트명":"금강펜테리움센트럴파크3차",
            "투자타입":"일반",
            "전용면적(m2)":"102.09",
            "전용면적(평)":"30평",
            "법정동주소":"경기도 군포시 도마교동 471",
            "도로명주소":"경기도 군포시 송부로96번길 13",
            "세대수":80,
            "입주년차":100,
            "용적률점수":"--",
            "건폐율점수":"--",
            "세대당주차수":60,
            "난방방식":30,
            "공급면적":"--",
            "전용률":"--",
            "욕실수":100,
            "현관타입":100,
            "주거총점":80.0,
            "지역구공급총점":100.0,
            "역세권":0,
            "30분내 이동가능 거점":0,
            "1시간내 이동가능 거점":30,
            "교통총점":6.0,
            "백화점":0,
            "아울렛몰":80,
            "대형마트":0,
            "은행":0,
            "병원":10,
            "종합병원":100,
            "공원":100,
            "혐오시설":0,
            "인프라총점":32.0,
            "초등학군":100.0,
            "중학군":48.76,
            "학군총점":59.008,
            "인구수":31.79,
            "인구증감":-16.46,
            "인구총점":17.315,
            "일자리":14.5,
            "소득수준":56.84,
            "일자리총점":27.202,
            "가치 총점":36.5512,
            "매매실거래년":20211013.0,
            "매매실거래가":53000.0,
            "전세실거래년":20211214.0,
            "전세실거래가":28900.0,
            "전세가율":54.53,
            "장기전세가율평균":75.23,
            "전세가율거품지수":20.7,
            "검색코드":118123,
            "세대수":750.0,
            "준공년월":"2019-09-23",
            "준공년차":4.0,
            "가까운역이름":"대야미",
            "가까운역거리":1542.46,
            "역세권여부":"비역세권",
            "30분이내주요거점역":0,
            "1시간이내주요거점역":3,
            "3km이내백화점수":0,
            "5km이내아울렛몰수":1,
            "1km이내대형먀트수":0,
            "500m이내은행수":0,
            "500m이내병원수":3,
            "5km이내대형병원수":2,
            "500m이내공원수":3,
            "3km이내혐오시설수":0,
            "초등학교학업성취도":100.0,
            "중학교학업성취도":79.2,
            "용적률":177,
            "건폐율":13,
            "Y":37.316464,
            "X":126.926076,
            "rank":72.0,
            "area_info":"30평(102.09), 34평(112.62), 34평(113.29)",
            "last_sales":"2021-10-13,53000.0,30평(102.09)"
        },
        {
            "index":416,
            "아파트명":"한양수리",
            "투자타입":"일반",
            "전용면적(m2)":"100.03",
            "전용면적(평)":"30평",
            "법정동주소":"경기도 군포시 산본동 1151-5",
            "도로명주소":"경기도 군포시 수리산로 40",
            "세대수":90,
            "입주년차":0,
            "용적률점수":"--",
            "건폐율점수":"--",
            "세대당주차수":60,
            "난방방식":100,
            "공급면적":"--",
            "전용률":"--",
            "욕실수":100,
            "현관타입":100,
            "주거총점":70.5,
            "지역구공급총점":100.0,
            "역세권":0,
            "30분내 이동가능 거점":0,
            "1시간내 이동가능 거점":50,
            "교통총점":10.0,
            "백화점":0,
            "아울렛몰":80,
            "대형마트":0,
            "은행":0,
            "병원":10,
            "종합병원":100,
            "공원":100,
            "혐오시설":0,
            "인프라총점":32.0,
            "초등학군":90.35,
            "중학군":55.0,
            "학군총점":62.07,
            "인구수":31.79,
            "인구증감":-16.46,
            "인구총점":17.315,
            "일자리":14.5,
            "소득수준":56.84,
            "일자리총점":27.202,
            "가치 총점":36.5105,
            "매매실거래년":20201125.0,
            "매매실거래가":82000.0,
            "전세실거래년":20110927.0,
            "전세실거래가":22500.0,
            "전세가율":68.18,
            "장기전세가율평균":75.23,
            "전세가율거품지수":7.05,
            "검색코드":7963,
            "세대수":1342.0,
            "준공년월":"1994-07-16",
            "준공년차":29.0,
            "가까운역이름":"수리산",
            "가까운역거리":1009.09,
            "역세권여부":"비역세권",
            "30분이내주요거점역":0,
            "1시간이내주요거점역":5,
            "3km이내백화점수":0,
            "5km이내아울렛몰수":1,
            "1km이내대형먀트수":0,
            "500m이내은행수":1,
            "500m이내병원수":2,
            "5km이내대형병원수":4,
            "500m이내공원수":5,
            "3km이내혐오시설수":0,
            "초등학교학업성취도":90.35,
            "중학교학업성취도":89.8,
            "용적률":219,
            "건폐율":14,
            "Y":37.35695,
            "X":126.918333,
            "rank":73.0,
            "area_info":"30평(100.03), 30평(100.03), 31평(103.72), 32평(107.92), 35평(118.92), 35평(118.92), 39평(130.3), 40평(133.22), 41평(137.74), 46평(154.36), 46평(154.31), 46평(154.36), 46평(154.15), 47평(156.3), 54평(181.43), 54평(181.37), 57평(191.71), 58평(192.71), 64평(214.48), 65평(214.88)",
            "last_sales":"2020-11-25,82000.0,65평(214.88)"
        },
        {
            "index":231,
            "아파트명":"삼성마을센트럴파크",
            "투자타입":"일반",
            "전용면적(m2)":"108.55",
            "전용면적(평)":"32평",
            "법정동주소":"경기도 군포시 부곡동 1201",
            "도로명주소":"경기도 군포시 삼성로 31",
            "세대수":50,
            "입주년차":80,
            "용적률점수":"--",
            "건폐율점수":"--",
            "세대당주차수":30,
            "난방방식":100,
            "공급면적":"--",
            "전용률":"--",
            "욕실수":100,
            "현관타입":100,
            "주거총점":68.0,
            "지역구공급총점":100.0,
            "역세권":0,
            "30분내 이동가능 거점":0,
            "1시간내 이동가능 거점":50,
            "교통총점":10.0,
            "백화점":0,
            "아울렛몰":80,
            "대형마트":0,
            "은행":0,
            "병원":10,
            "종합병원":100,
            "공원":100,
            "혐오시설":-50,
            "인프라총점":31.0,
            "초등학군":85.61,
            "중학군":52.76,
            "학군총점":59.33,
            "인구수":31.79,
            "인구증감":-16.46,
            "인구총점":17.315,
            "일자리":14.5,
            "소득수준":56.84,
            "일자리총점":27.202,
            "가치 총점":35.2995,
            "매매실거래년":20210723.0,
            "매매실거래가":66600.0,
            "전세실거래년":null,
            "전세실거래가":null,
            "전세가율":null,
            "장기전세가율평균":75.23,
            "전세가율거품지수":null,
            "검색코드":104998,
            "세대수":488.0,
            "준공년월":"2014-04-28",
            "준공년차":9.0,
            "가까운역이름":"수리산",
            "가까운역거리":1448.49,
            "역세권여부":"비역세권",
            "30분이내주요거점역":0,
            "1시간이내주요거점역":5,
            "3km이내백화점수":0,
            "5km이내아울렛몰수":1,
            "1km이내대형먀트수":0,
            "500m이내은행수":0,
            "500m이내병원수":3,
            "5km이내대형병원수":3,
            "500m이내공원수":3,
            "3km이내혐오시설수":1,
            "초등학교학업성취도":85.61,
            "중학교학업성취도":85.0,
            "용적률":174,
            "건폐율":18,
            "Y":37.33764,
            "X":126.931238,
            "rank":74.0,
            "area_info":"32평(108.55), 32평(108.87), 32평(108.77), 32평(108.55), 32평(108.86)",
            "last_sales":"2021-07-23,66600.0,32평(108.86)"
        },
        {
            "index":206,
            "아파트명":"삼성LH5단지",
            "투자타입":"일반",
            "전용면적(m2)":"128.93",
            "전용면적(평)":"39평",
            "법정동주소":"경기도 군포시 부곡동 1181",
            "도로명주소":"경기도 군포시 번영로200번길 31",
            "세대수":50,
            "입주년차":60,
            "용적률점수":"--",
            "건폐율점수":"--",
            "세대당주차수":60,
            "난방방식":100,
            "공급면적":"--",
            "전용률":"--",
            "욕실수":100,
            "현관타입":100,
            "주거총점":68.5,
            "지역구공급총점":100.0,
            "역세권":0,
            "30분내 이동가능 거점":0,
            "1시간내 이동가능 거점":50,
            "교통총점":10.0,
            "백화점":0,
            "아울렛몰":80,
            "대형마트":0,
            "은행":0,
            "병원":0,
            "종합병원":100,
            "공원":100,
            "혐오시설":-50,
            "인프라총점":30.0,
            "초등학군":85.61,
            "중학군":52.76,
            "학군총점":59.33,
            "인구수":31.79,
            "인구증감":-16.46,
            "인구총점":17.315,
            "일자리":14.5,
            "소득수준":56.84,
            "일자리총점":27.202,
            "가치 총점":35.0995,
            "매매실거래년":20210714.0,
            "매매실거래가":78800.0,
            "전세실거래년":20210825.0,
            "전세실거래가":55000.0,
            "전세가율":88.71,
            "장기전세가율평균":75.23,
            "전세가율거품지수":-13.48,
            "검색코드":102615,
            "세대수":489.0,
            "준공년월":"2012-04-01",
            "준공년차":11.0,
            "가까운역이름":"대야미",
            "가까운역거리":1247.25,
            "역세권여부":"비역세권",
            "30분이내주요거점역":0,
            "1시간이내주요거점역":5,
            "3km이내백화점수":0,
            "5km이내아울렛몰수":1,
            "1km이내대형먀트수":0,
            "500m이내은행수":0,
            "500m이내병원수":0,
            "5km이내대형병원수":3,
            "500m이내공원수":2,
            "3km이내혐오시설수":1,
            "초등학교학업성취도":85.61,
            "중학교학업성취도":85.0,
            "용적률":198,
            "건폐율":17,
            "Y":37.334799,
            "X":126.928976,
            "rank":75.0,
            "area_info":"39평(128.93), 39평(128.99), 38평(128.66), 39평(128.99), 46평(152.87), 46평(152.49), 46평(153.14), 52평(173.57), 52평(173.57), 58평(194.91)",
            "last_sales":"2021-07-14,78800.0,52평(173.57)"
        },
        {
            "index":201,
            "아파트명":"금강펜테리움센트럴파크2차",
            "투자타입":"일반",
            "전용면적(m2)":"98.16",
            "전용면적(평)":"29평",
            "법정동주소":"경기도 군포시 도마교동 458",
            "도로명주소":"경기도 군포시 송부로49번길 16",
            "세대수":50,
            "입주년차":80,
            "용적률점수":"--",
            "건폐율점수":"--",
            "세대당주차수":60,
            "난방방식":30,
            "공급면적":"--",
            "전용률":"--",
            "욕실수":100,
            "현관타입":100,
            "주거총점":65.5,
            "지역구공급총점":100.0,
            "역세권":0,
            "30분내 이동가능 거점":0,
            "1시간내 이동가능 거점":30,
            "교통총점":6.0,
            "백화점":0,
            "아울렛몰":80,
            "대형마트":0,
            "은행":0,
            "병원":10,
            "종합병원":100,
            "공원":100,
            "혐오시설":0,
            "인프라총점":32.0,
            "초등학군":100.0,
            "중학군":48.76,
            "학군총점":59.008,
            "인구수":31.79,
            "인구증감":-16.46,
            "인구총점":17.315,
            "일자리":14.5,
            "소득수준":56.84,
            "일자리총점":27.202,
            "가치 총점":33.6512,
            "매매실거래년":20210828.0,
            "매매실거래가":69000.0,
            "전세실거래년":20210929.0,
            "전세실거래가":50000.0,
            "전세가율":72.46,
            "장기전세가율평균":75.23,
            "전세가율거품지수":2.77,
            "검색코드":113266,
            "세대수":447.0,
            "준공년월":"2018-10-24",
            "준공년차":5.0,
            "가까운역이름":"대야미",
            "가까운역거리":1078.4,
            "역세권여부":"비역세권",
            "30분이내주요거점역":0,
            "1시간이내주요거점역":3,
            "3km이내백화점수":0,
            "5km이내아울렛몰수":1,
            "1km이내대형먀트수":0,
            "500m이내은행수":0,
            "500m이내병원수":2,
            "5km이내대형병원수":2,
            "500m이내공원수":4,
            "3km이내혐오시설수":0,
            "초등학교학업성취도":100.0,
            "중학교학업성취도":79.2,
            "용적률":174,
            "건폐율":13,
            "Y":37.318953,
            "X":126.919698,
            "rank":76.0,
            "area_info":"29평(98.16), 33평(109.7)",
            "last_sales":"2021-08-28,69000.0,29평(98.16)"
        },
        {
            "index":194,
            "아파트명":"LH송정마을",
            "투자타입":"일반",
            "전용면적(m2)":"72.62",
            "전용면적(평)":"21평",
            "법정동주소":"경기도 군포시 도마교동 471-1",
            "도로명주소":"경기도 군포시 송부로96번길 29",
            "세대수":80,
            "입주년차":100,
            "용적률점수":"--",
            "건폐율점수":"--",
            "세대당주차수":30,
            "난방방식":30,
            "공급면적":"--",
            "전용률":"--",
            "욕실수":50,
            "현관타입":100,
            "주거총점":70.5,
            "지역구공급총점":100.0,
            "역세권":0,
            "30분내 이동가능 거점":0,
            "1시간내 이동가능 거점":30,
            "교통총점":6.0,
            "백화점":0,
            "아울렛몰":80,
            "대형마트":0,
            "은행":0,
            "병원":10,
            "종합병원":80,
            "공원":100,
            "혐오시설":0,
            "인프라총점":28.0,
            "초등학군":100.0,
            "중학군":48.76,
            "학군총점":59.008,
            "인구수":31.79,
            "인구증감":-16.46,
            "인구총점":17.315,
            "일자리":14.5,
            "소득수준":56.84,
            "일자리총점":27.202,
            "가치 총점":33.4512,
            "매매실거래년":20210717.0,
            "매매실거래가":57800.0,
            "전세실거래년":20220105.0,
            "전세실거래가":34000.0,
            "전세가율":85.0,
            "장기전세가율평균":75.23,
            "전세가율거품지수":-9.77,
            "검색코드":118214,
            "세대수":726.0,
            "준공년월":"2019-07-19",
            "준공년차":4.0,
            "가까운역이름":"대야미",
            "가까운역거리":1820.24,
            "역세권여부":"비역세권",
            "30분이내주요거점역":0,
            "1시간이내주요거점역":3,
            "3km이내백화점수":0,
            "5km이내아울렛몰수":1,
            "1km이내대형먀트수":0,
            "500m이내은행수":0,
            "500m이내병원수":3,
            "5km이내대형병원수":1,
            "500m이내공원수":2,
            "3km이내혐오시설수":0,
            "초등학교학업성취도":100.0,
            "중학교학업성취도":79.2,
            "용적률":179,
            "건폐율":13,
            "Y":37.313687,
            "X":126.926181,
            "rank":77.0,
            "area_info":"21평(72.62), 21평(72.49), 25평(83.57), 25평(83.68)",
            "last_sales":"2021-07-17,57800.0,25평(83.68)"
        },
        {
            "index":198,
            "아파트명":"금강펜테리움센트럴파크1차",
            "투자타입":"일반",
            "전용면적(m2)":"100.18",
            "전용면적(평)":"30평",
            "법정동주소":"경기도 군포시 도마교동 456",
            "도로명주소":"경기도 군포시 송부로49번길 15",
            "세대수":50,
            "입주년차":80,
            "용적률점수":"--",
            "건폐율점수":"--",
            "세대당주차수":30,
            "난방방식":30,
            "공급면적":"--",
            "전용률":"--",
            "욕실수":100,
            "현관타입":100,
            "주거총점":61.0,
            "지역구공급총점":100.0,
            "역세권":0,
            "30분내 이동가능 거점":0,
            "1시간내 이동가능 거점":40,
            "교통총점":8.0,
            "백화점":0,
            "아울렛몰":80,
            "대형마트":0,
            "은행":0,
            "병원":10,
            "종합병원":100,
            "공원":100,
            "혐오시설":0,
            "인프라총점":32.0,
            "초등학군":100.0,
            "중학군":48.76,
            "학군총점":59.008,
            "인구수":31.79,
            "인구증감":-16.46,
            "인구총점":17.315,
            "일자리":14.5,
            "소득수준":56.84,
            "일자리총점":27.202,
            "가치 총점":33.4512,
            "매매실거래년":20211214.0,
            "매매실거래가":68000.0,
            "전세실거래년":20211219.0,
            "전세실거래가":28350.0,
            "전세가율":41.69,
            "장기전세가율평균":75.23,
            "전세가율거품지수":33.54,
            "검색코드":111115,
            "세대수":658.0,
            "준공년월":"2018-01-12",
            "준공년차":5.0,
            "가까운역이름":"대야미",
            "가까운역거리":1241.59,
            "역세권여부":"비역세권",
            "30분이내주요거점역":0,
            "1시간이내주요거점역":4,
            "3km이내백화점수":0,
            "5km이내아울렛몰수":1,
            "1km이내대형먀트수":0,
            "500m이내은행수":0,
            "500m이내병원수":2,
            "5km이내대형병원수":2,
            "500m이내공원수":5,
            "3km이내혐오시설수":0,
            "초등학교학업성취도":100.0,
            "중학교학업성취도":79.2,
            "용적률":179,
            "건폐율":12,
            "Y":37.317303,
            "X":126.91759,
            "rank":77.0,
            "area_info":"30평(100.18), 34평(112.71), 34평(112.72)",
            "last_sales":"2021-12-14,68000.0,30평(100.18)"
        },
        {
            "index":330,
            "아파트명":"설악주공8단지",
            "투자타입":"일반",
            "전용면적(m2)":"52.88",
            "전용면적(평)":"15평",
            "법정동주소":"경기도 군포시 산본동 1151-9",
            "도로명주소":"경기도 군포시 수리산로 102",
            "세대수":90,
            "입주년차":0,
            "용적률점수":"--",
            "건폐율점수":"--",
            "세대당주차수":30,
            "난방방식":100,
            "공급면적":"--",
            "전용률":"--",
            "욕실수":50,
            "현관타입":10,
            "주거총점":52.0,
            "지역구공급총점":100.0,
            "역세권":0,
            "30분내 이동가능 거점":0,
            "1시간내 이동가능 거점":50,
            "교통총점":10.0,
            "백화점":0,
            "아울렛몰":80,
            "대형마트":0,
            "은행":0,
            "병원":30,
            "종합병원":100,
            "공원":100,
            "혐오시설":0,
            "인프라총점":34.0,
            "초등학군":86.74,
            "중학군":55.0,
            "학군총점":61.348,
            "인구수":31.79,
            "인구증감":-16.46,
            "인구총점":17.315,
            "일자리":14.5,
            "소득수준":56.84,
            "일자리총점":27.202,
            "가치 총점":33.3022,
            "매매실거래년":20211129.0,
            "매매실거래가":48000.0,
            "전세실거래년":20211207.0,
            "전세실거래가":13125.0,
            "전세가율":47.73,
            "장기전세가율평균":75.23,
            "전세가율거품지수":27.5,
            "검색코드":2630,
            "세대수":1471.0,
            "준공년월":"1996-06-25",
            "준공년차":27.0,
            "가까운역이름":"수리산",
            "가까운역거리":1030.41,
            "역세권여부":"비역세권",
            "30분이내주요거점역":0,
            "1시간이내주요거점역":5,
            "3km이내백화점수":0,
            "5km이내아울렛몰수":1,
            "1km이내대형먀트수":0,
            "500m이내은행수":1,
            "500m이내병원수":5,
            "5km이내대형병원수":4,
            "500m이내공원수":6,
            "3km이내혐오시설수":0,
            "초등학교학업성취도":86.74,
            "중학교학업성취도":89.8,
            "용적률":233,
            "건폐율":13,
            "Y":37.358028,
            "X":126.92,
            "rank":78.0,
            "area_info":"15평(52.88), 18평(60.74), 20평(68.31)",
            "last_sales":"2021-11-29,48000.0,20평(68.31)"
        },
        {
            "index":236,
            "아파트명":"송부센트럴시티",
            "투자타입":"일반",
            "전용면적(m2)":"126.99",
            "전용면적(평)":"38평",
            "법정동주소":"경기도 군포시 부곡동 1080",
            "도로명주소":"경기도 군포시 송부로221번길 3-13",
            "세대수":50,
            "입주년차":60,
            "용적률점수":"--",
            "건폐율점수":"--",
            "세대당주차수":60,
            "난방방식":30,
            "공급면적":"--",
            "전용률":"--",
            "욕실수":100,
            "현관타입":100,
            "주거총점":61.5,
            "지역구공급총점":100.0,
            "역세권":0,
            "30분내 이동가능 거점":0,
            "1시간내 이동가능 거점":50,
            "교통총점":10.0,
            "백화점":0,
            "아울렛몰":80,
            "대형마트":0,
            "은행":0,
            "병원":0,
            "종합병원":100,
            "공원":100,
            "혐오시설":-50,
            "인프라총점":30.0,
            "초등학군":84.44,
            "중학군":48.76,
            "학군총점":55.896,
            "인구수":31.79,
            "인구증감":-16.46,
            "인구총점":17.315,
            "일자리":14.5,
            "소득수준":56.84,
            "일자리총점":27.202,
            "가치 총점":33.1844,
            "매매실거래년":20210220.0,
            "매매실거래가":70000.0,
            "전세실거래년":20210822.0,
            "전세실거래가":50000.0,
            "전세가율":100.0,
            "장기전세가율평균":75.23,
            "전세가율거품지수":-24.77,
            "검색코드":101482,
            "세대수":402.0,
            "준공년월":"2010-04-15",
            "준공년차":13.0,
            "가까운역이름":"의왕",
            "가까운역거리":1286.64,
            "역세권여부":"비역세권",
            "30분이내주요거점역":0,
            "1시간이내주요거점역":5,
            "3km이내백화점수":0,
            "5km이내아울렛몰수":1,
            "1km이내대형먀트수":0,
            "500m이내은행수":0,
            "500m이내병원수":0,
            "5km이내대형병원수":2,
            "500m이내공원수":3,
            "3km이내혐오시설수":1,
            "초등학교학업성취도":84.44,
            "중학교학업성취도":79.2,
            "용적률":150,
            "건폐율":21,
            "Y":37.323916,
            "X":126.934186,
            "rank":79.0,
            "area_info":"38평(126.99), 38평(126.99), 38평(126.89), 38평(127.03), 45평(151.63), 45평(151.55), 45평(151.63), 45평(151.55), 51평(168.97)",
            "last_sales":"2021-02-20,70000.0,51평(168.97)"
        },
        {
            "index":279,
            "아파트명":"금강주공9단지1차",
            "투자타입":"일반",
            "전용면적(m2)":"57.28",
            "전용면적(평)":"17평",
            "법정동주소":"경기도 군포시 산본동 1148-4",
            "도로명주소":"경기도 군포시 고산로517번길 20",
            "세대수":90,
            "입주년차":0,
            "용적률점수":"--",
            "건폐율점수":"--",
            "세대당주차수":0,
            "난방방식":100,
            "공급면적":"--",
            "전용률":"--",
            "욕실수":50,
            "현관타입":10,
            "주거총점":47.5,
            "지역구공급총점":100.0,
            "역세권":0,
            "30분내 이동가능 거점":0,
            "1시간내 이동가능 거점":60,
            "교통총점":12.0,
            "백화점":0,
            "아울렛몰":80,
            "대형마트":0,
            "은행":0,
            "병원":30,
            "종합병원":100,
            "공원":100,
            "혐오시설":0,
            "인프라총점":34.0,
            "초등학군":86.74,
            "중학군":55.0,
            "학군총점":61.348,
            "인구수":31.79,
            "인구증감":-16.46,
            "인구총점":17.315,
            "일자리":14.5,
            "소득수준":56.84,
            "일자리총점":27.202,
            "가치 총점":33.1022,
            "매매실거래년":20211210.0,
            "매매실거래가":51000.0,
            "전세실거래년":20211025.0,
            "전세실거래가":20000.0,
            "전세가율":86.96,
            "장기전세가율평균":75.23,
            "전세가율거품지수":-11.73,
            "검색코드":2626,
            "세대수":1318.0,
            "준공년월":"1994-07-07",
            "준공년차":29.0,
            "가까운역이름":"산본",
            "가까운역거리":1182.75,
            "역세권여부":"비역세권",
            "30분이내주요거점역":0,
            "1시간이내주요거점역":6,
            "3km이내백화점수":0,
            "5km이내아울렛몰수":1,
            "1km이내대형먀트수":0,
            "500m이내은행수":1,
            "500m이내병원수":5,
            "5km이내대형병원수":4,
            "500m이내공원수":5,
            "3km이내혐오시설수":0,
            "초등학교학업성취도":86.74,
            "중학교학업성취도":89.8,
            "용적률":214,
            "건폐율":15,
            "Y":37.360048,
            "X":126.920118,
            "rank":80.0,
            "area_info":"17평(57.28), 18평(61.03), 24평(80.93), 25평(85.35)",
            "last_sales":"2021-12-10,51000.0,24평(80.93)"
        },
        {
            "index":216,
            "아파트명":"삼성LH6단지",
            "투자타입":"일반",
            "전용면적(m2)":"72.96",
            "전용면적(평)":"22평",
            "법정동주소":"경기도 군포시 부곡동 1204",
            "도로명주소":"경기도 군포시 삼성로 41",
            "세대수":50,
            "입주년차":80,
            "용적률점수":"--",
            "건폐율점수":"--",
            "세대당주차수":0,
            "난방방식":100,
            "공급면적":"--",
            "전용률":"--",
            "욕실수":50,
            "현관타입":100,
            "주거총점":58.5,
            "지역구공급총점":100.0,
            "역세권":0,
            "30분내 이동가능 거점":0,
            "1시간내 이동가능 거점":40,
            "교통총점":8.0,
            "백화점":0,
            "아울렛몰":80,
            "대형마트":0,
            "은행":0,
            "병원":10,
            "종합병원":100,
            "공원":100,
            "혐오시설":0,
            "인프라총점":32.0,
            "초등학군":85.61,
            "중학군":52.76,
            "학군총점":59.33,
            "인구수":31.79,
            "인구증감":-16.46,
            "인구총점":17.315,
            "일자리":14.5,
            "소득수준":56.84,
            "일자리총점":27.202,
            "가치 총점":32.9995,
            "매매실거래년":20211005.0,
            "매매실거래가":52300.0,
            "전세실거래년":20220118.0,
            "전세실거래가":35000.0,
            "전세가율":67.31,
            "장기전세가율평균":75.23,
            "전세가율거품지수":7.92,
            "검색코드":138694,
            "세대수":522.0,
            "준공년월":"2014-06-10",
            "준공년차":9.0,
            "가까운역이름":"수리산",
            "가까운역거리":1292.39,
            "역세권여부":"비역세권",
            "30분이내주요거점역":0,
            "1시간이내주요거점역":4,
            "3km이내백화점수":0,
            "5km이내아울렛몰수":1,
            "1km이내대형먀트수":0,
            "500m이내은행수":0,
            "500m이내병원수":3,
            "5km이내대형병원수":3,
            "500m이내공원수":3,
            "3km이내혐오시설수":0,
            "초등학교학업성취도":85.61,
            "중학교학업성취도":85.0,
            "용적률":177,
            "건폐율":17,
            "Y":37.338987,
            "X":126.930723,
            "rank":81.0,
            "area_info":"22평(72.96), 22평(72.96), 21평(72.62), 21평(72.62), 25평(84.21), 25평(84.21), 25평(84.16), 25평(84.21), 25평(84.16)",
            "last_sales":"2021-10-05,52300.0,21평(72.62)"
        },
        {
            "index":104,
            "아파트명":"삼성마을시티프라디움",
            "투자타입":"일반",
            "전용면적(m2)":"43.96",
            "전용면적(평)":"13평",
            "법정동주소":"경기도 군포시 당동 1020",
            "도로명주소":"경기도 군포시 삼성로59번길 16",
            "세대수":30,
            "입주년차":80,
            "용적률점수":"--",
            "건폐율점수":"--",
            "세대당주차수":30,
            "난방방식":100,
            "공급면적":"--",
            "전용률":"--",
            "욕실수":50,
            "현관타입":100,
            "주거총점":56.0,
            "지역구공급총점":100.0,
            "역세권":0,
            "30분내 이동가능 거점":0,
            "1시간내 이동가능 거점":50,
            "교통총점":10.0,
            "백화점":0,
            "아울렛몰":80,
            "대형마트":0,
            "은행":0,
            "병원":0,
            "종합병원":100,
            "공원":100,
            "혐오시설":0,
            "인프라총점":31.0,
            "초등학군":85.61,
            "중학군":52.76,
            "학군총점":59.33,
            "인구수":31.79,
            "인구증감":-16.46,
            "인구총점":17.315,
            "일자리":14.5,
            "소득수준":56.84,
            "일자리총점":27.202,
            "가치 총점":32.8995,
            "매매실거래년":20211125.0,
            "매매실거래가":29500.0,
            "전세실거래년":20210623.0,
            "전세실거래가":21400.0,
            "전세가율":72.54,
            "장기전세가율평균":75.23,
            "전세가율거품지수":2.69,
            "검색코드":104999,
            "세대수":342.0,
            "준공년월":"2014-05-27",
            "준공년차":9.0,
            "가까운역이름":"수리산",
            "가까운역거리":1142.88,
            "역세권여부":"비역세권",
            "30분이내주요거점역":0,
            "1시간이내주요거점역":5,
            "3km이내백화점수":0,
            "5km이내아울렛몰수":1,
            "1km이내대형먀트수":0,
            "500m이내은행수":0,
            "500m이내병원수":0,
            "5km이내대형병원수":3,
            "500m이내공원수":3,
            "3km이내혐오시설수":0,
            "초등학교학업성취도":85.61,
            "중학교학업성취도":85.0,
            "용적률":156,
            "건폐율":19,
            "Y":37.340981,
            "X":126.932003,
            "rank":82.0,
            "area_info":"13평(43.96), 18평(60.51), 33평(109.8), 33평(109.8), 33평(110.13), 33평(110.11), 33평(110.14)",
            "last_sales":"2021-11-25,29500.0,13평(43.96)"
        },
        {
            "index":225,
            "아파트명":"삼성마을2단지",
            "투자타입":"일반",
            "전용면적(m2)":"72.96",
            "전용면적(평)":"22평",
            "법정동주소":"경기도 군포시 부곡동 1199",
            "도로명주소":"경기도 군포시 번영로200번길 71",
            "세대수":50,
            "입주년차":60,
            "용적률점수":"--",
            "건폐율점수":"--",
            "세대당주차수":0,
            "난방방식":100,
            "공급면적":"--",
            "전용률":"--",
            "욕실수":50,
            "현관타입":100,
            "주거총점":54.5,
            "지역구공급총점":100.0,
            "역세권":0,
            "30분내 이동가능 거점":0,
            "1시간내 이동가능 거점":50,
            "교통총점":10.0,
            "백화점":0,
            "아울렛몰":80,
            "대형마트":0,
            "은행":0,
            "병원":10,
            "종합병원":100,
            "공원":100,
            "혐오시설":-50,
            "인프라총점":31.0,
            "초등학군":85.61,
            "중학군":52.76,
            "학군총점":59.33,
            "인구수":31.79,
            "인구증감":-16.46,
            "인구총점":17.315,
            "일자리":14.5,
            "소득수준":56.84,
            "일자리총점":27.202,
            "가치 총점":32.5995,
            "매매실거래년":20210908.0,
            "매매실거래가":63000.0,
            "전세실거래년":20220115.0,
            "전세실거래가":26000.0,
            "전세가율":55.32,
            "장기전세가율평균":75.23,
            "전세가율거품지수":19.91,
            "검색코드":104996,
            "세대수":422.0,
            "준공년월":"2013-12-16",
            "준공년차":10.0,
            "가까운역이름":"수리산",
            "가까운역거리":1589.74,
            "역세권여부":"비역세권",
            "30분이내주요거점역":0,
            "1시간이내주요거점역":5,
            "3km이내백화점수":0,
            "5km이내아울렛몰수":1,
            "1km이내대형먀트수":0,
            "500m이내은행수":0,
            "500m이내병원수":3,
            "5km이내대형병원수":3,
            "500m이내공원수":3,
            "3km이내혐오시설수":1,
            "초등학교학업성취도":85.61,
            "중학교학업성취도":85.0,
            "용적률":162,
            "건폐율":16,
            "Y":37.336734,
            "X":126.932662,
            "rank":83.0,
            "area_info":"22평(72.96), 22평(72.96), 25평(83.93), 25평(83.93), 25평(84.19), 25평(84.15)",
            "last_sales":"2021-09-08,63000.0,25평(84.15)"
        },
        {
            "index":250,
            "아파트명":"휴먼시아5단지",
            "투자타입":"일반",
            "전용면적(m2)":"97.82",
            "전용면적(평)":"29평",
            "법정동주소":"경기도 군포시 부곡동 1086",
            "도로명주소":"경기도 군포시 송부로 222",
            "세대수":50,
            "입주년차":60,
            "용적률점수":"--",
            "건폐율점수":"--",
            "세대당주차수":30,
            "난방방식":30,
            "공급면적":"--",
            "전용률":"--",
            "욕실수":100,
            "현관타입":100,
            "주거총점":57.0,
            "지역구공급총점":100.0,
            "역세권":0,
            "30분내 이동가능 거점":0,
            "1시간내 이동가능 거점":50,
            "교통총점":10.0,
            "백화점":0,
            "아울렛몰":80,
            "대형마트":0,
            "은행":0,
            "병원":0,
            "종합병원":100,
            "공원":100,
            "혐오시설":-50,
            "인프라총점":30.0,
            "초등학군":84.44,
            "중학군":48.76,
            "학군총점":55.896,
            "인구수":31.79,
            "인구증감":-16.46,
            "인구총점":17.315,
            "일자리":14.5,
            "소득수준":56.84,
            "일자리총점":27.202,
            "가치 총점":32.2844,
            "매매실거래년":20211025.0,
            "매매실거래가":65000.0,
            "전세실거래년":20210910.0,
            "전세실거래가":39500.0,
            "전세가율":60.77,
            "장기전세가율평균":75.23,
            "전세가율거품지수":14.46,
            "검색코드":101481,
            "세대수":415.0,
            "준공년월":"2010-05-18",
            "준공년차":13.0,
            "가까운역이름":"의왕",
            "가까운역거리":1267.8,
            "역세권여부":"비역세권",
            "30분이내주요거점역":0,
            "1시간이내주요거점역":5,
            "3km이내백화점수":0,
            "5km이내아울렛몰수":1,
            "1km이내대형먀트수":0,
            "500m이내은행수":0,
            "500m이내병원수":0,
            "5km이내대형병원수":2,
            "500m이내공원수":3,
            "3km이내혐오시설수":1,
            "초등학교학업성취도":84.44,
            "중학교학업성취도":79.2,
            "용적률":155,
            "건폐율":20,
            "Y":37.322157,
            "X":126.933974,
            "rank":84.0,
            "area_info":"29평(97.82), 29평(97.93), 29평(97.93), 33평(110.92), 33평(110.93), 33평(110.93)",
            "last_sales":"2021-10-25,65000.0,29평(97.82)"
        },
        {
            "index":286,
            "아파트명":"덕유주공8단지",
            "투자타입":"일반",
            "전용면적(m2)":"78.89",
            "전용면적(평)":"23평",
            "법정동주소":"경기도 군포시 산본동 1152-2",
            "도로명주소":"경기도 군포시 수리산로 71",
            "세대수":0,
            "입주년차":0,
            "용적률점수":"--",
            "건폐율점수":"--",
            "세대당주차수":0,
            "난방방식":100,
            "공급면적":"--",
            "전용률":"--",
            "욕실수":50,
            "현관타입":10,
            "주거총점":16.0,
            "지역구공급총점":100.0,
            "역세권":0,
            "30분내 이동가능 거점":0,
            "1시간내 이동가능 거점":40,
            "교통총점":8.0,
            "백화점":0,
            "아울렛몰":80,
            "대형마트":0,
            "은행":0,
            "병원":0,
            "종합병원":100,
            "공원":100,
            "혐오시설":0,
            "인프라총점":31.0,
            "초등학군":90.35,
            "중학군":55.0,
            "학군총점":62.07,
            "인구수":31.79,
            "인구증감":-16.46,
            "인구총점":17.315,
            "일자리":14.5,
            "소득수준":56.84,
            "일자리총점":27.202,
            "가치 총점":24.6105,
            "매매실거래년":20211221.0,
            "매매실거래가":50500.0,
            "전세실거래년":20211230.0,
            "전세실거래가":25000.0,
            "전세가율":49.5,
            "장기전세가율평균":75.23,
            "전세가율거품지수":25.73,
            "검색코드":2627,
            "세대수":267.0,
            "준공년월":"1996-06-11",
            "준공년차":27.0,
            "가까운역이름":"수리산",
            "가까운역거리":1011.18,
            "역세권여부":"비역세권",
            "30분이내주요거점역":0,
            "1시간이내주요거점역":4,
            "3km이내백화점수":0,
            "5km이내아울렛몰수":1,
            "1km이내대형먀트수":0,
            "500m이내은행수":1,
            "500m이내병원수":0,
            "5km이내대형병원수":4,
            "500m이내공원수":3,
            "3km이내혐오시설수":0,
            "초등학교학업성취도":90.35,
            "중학교학업성취도":89.8,
            "용적률":187,
            "건폐율":16,
            "Y":37.355882,
            "X":126.916859,
            "rank":85.0,
            "area_info":"23평(78.89)",
            "last_sales":"2021-12-21,50500.0,23평(78.89)"
        }
    ]
}