{
    "schema":{
        "fields":[
            {
                "name":"index",
                "type":"integer"
            },
            {
                "name":"아파트명",
                "type":"string"
            },
            {
                "name":"투자타입",
                "type":"string"
            },
            {
                "name":"전용면적(m2)",
                "type":"string"
            },
            {
                "name":"전용면적(평)",
                "type":"string"
            },
            {
                "name":"법정동주소",
                "type":"string"
            },
            {
                "name":"도로명주소",
                "type":"string"
            },
            {
                "name":"세대수",
                "type":"integer"
            },
            {
                "name":"입주년차",
                "type":"integer"
            },
            {
                "name":"용적률점수",
                "type":"string"
            },
            {
                "name":"건폐율점수",
                "type":"string"
            },
            {
                "name":"세대당주차수",
                "type":"integer"
            },
            {
                "name":"난방방식",
                "type":"integer"
            },
            {
                "name":"공급면적",
                "type":"string"
            },
            {
                "name":"전용률",
                "type":"string"
            },
            {
                "name":"욕실수",
                "type":"integer"
            },
            {
                "name":"현관타입",
                "type":"integer"
            },
            {
                "name":"주거총점",
                "type":"number"
            },
            {
                "name":"지역구공급총점",
                "type":"number"
            },
            {
                "name":"역세권",
                "type":"integer"
            },
            {
                "name":"30분내 이동가능 거점",
                "type":"integer"
            },
            {
                "name":"1시간내 이동가능 거점",
                "type":"integer"
            },
            {
                "name":"교통총점",
                "type":"number"
            },
            {
                "name":"백화점",
                "type":"integer"
            },
            {
                "name":"아울렛몰",
                "type":"integer"
            },
            {
                "name":"대형마트",
                "type":"integer"
            },
            {
                "name":"은행",
                "type":"integer"
            },
            {
                "name":"병원",
                "type":"integer"
            },
            {
                "name":"종합병원",
                "type":"integer"
            },
            {
                "name":"공원",
                "type":"integer"
            },
            {
                "name":"혐오시설",
                "type":"integer"
            },
            {
                "name":"인프라총점",
                "type":"number"
            },
            {
                "name":"초등학군",
                "type":"number"
            },
            {
                "name":"중학군",
                "type":"number"
            },
            {
                "name":"학군총점",
                "type":"number"
            },
            {
                "name":"인구수",
                "type":"number"
            },
            {
                "name":"인구증감",
                "type":"number"
            },
            {
                "name":"인구총점",
                "type":"number"
            },
            {
                "name":"일자리",
                "type":"number"
            },
            {
                "name":"소득수준",
                "type":"number"
            },
            {
                "name":"일자리총점",
                "type":"number"
            },
            {
                "name":"가치 총점",
                "type":"number"
            },
            {
                "name":"매매실거래년",
                "type":"string"
            },
            {
                "name":"매매실거래가",
                "type":"number"
            },
            {
                "name":"전세실거래년",
                "type":"number"
            },
            {
                "name":"전세실거래가",
                "type":"number"
            },
            {
                "name":"전세가율",
                "type":"number"
            },
            {
                "name":"장기전세가율평균",
                "type":"number"
            },
            {
                "name":"전세가율거품지수",
                "type":"number"
            },
            {
                "name":"검색코드",
                "type":"integer"
            },
            {
                "name":"세대수",
                "type":"number"
            },
            {
                "name":"준공년월",
                "type":"string"
            },
            {
                "name":"준공년차",
                "type":"number"
            },
            {
                "name":"가까운역이름",
                "type":"string"
            },
            {
                "name":"가까운역거리",
                "type":"number"
            },
            {
                "name":"역세권여부",
                "type":"string"
            },
            {
                "name":"30분이내주요거점역",
                "type":"integer"
            },
            {
                "name":"1시간이내주요거점역",
                "type":"integer"
            },
            {
                "name":"3km이내백화점수",
                "type":"integer"
            },
            {
                "name":"5km이내아울렛몰수",
                "type":"integer"
            },
            {
                "name":"1km이내대형먀트수",
                "type":"integer"
            },
            {
                "name":"500m이내은행수",
                "type":"integer"
            },
            {
                "name":"500m이내병원수",
                "type":"integer"
            },
            {
                "name":"5km이내대형병원수",
                "type":"integer"
            },
            {
                "name":"500m이내공원수",
                "type":"integer"
            },
            {
                "name":"3km이내혐오시설수",
                "type":"integer"
            },
            {
                "name":"초등학교학업성취도",
                "type":"number"
            },
            {
                "name":"중학교학업성취도",
                "type":"number"
            },
            {
                "name":"용적률",
                "type":"integer"
            },
            {
                "name":"건폐율",
                "type":"integer"
            },
            {
                "name":"Y",
                "type":"number"
            },
            {
                "name":"X",
                "type":"number"
            },
            {
                "name":"rank",
                "type":"number"
            },
            {
                "name":"area_info",
                "type":"string"
            },
            {
                "name":"last_sales",
                "type":"string"
            }
        ],
        "primaryKey":[
            "index"
        ],
        "pandas_version":"1.4.0"
    },
    "data":[
        {
            "index":215,
            "아파트명":"미사강변골든센트로",
            "투자타입":"일반",
            "전용면적(m2)":"81.96",
            "전용면적(평)":"24평",
            "법정동주소":"경기도 하남시 망월동 1162",
            "도로명주소":"경기도 하남시 미사강변동로 50",
            "세대수":100,
            "입주년차":80,
            "용적률점수":"--",
            "건폐율점수":"--",
            "세대당주차수":30,
            "난방방식":100,
            "공급면적":"--",
            "전용률":"--",
            "욕실수":100,
            "현관타입":100,
            "주거총점":85.5,
            "지역구공급총점":0.0,
            "역세권":0,
            "30분내 이동가능 거점":0,
            "1시간내 이동가능 거점":80,
            "교통총점":16.0,
            "백화점":100,
            "아울렛몰":0,
            "대형마트":100,
            "은행":0,
            "병원":80,
            "종합병원":80,
            "공원":0,
            "혐오시설":0,
            "인프라총점":69.0,
            "초등학군":93.49,
            "중학군":55.68,
            "학군총점":63.242,
            "인구수":31.62,
            "인구증감":67.08,
            "인구총점":42.258,
            "일자리":11.1,
            "소득수준":50.98,
            "일자리총점":23.064,
            "가치 총점":52.8863,
            "매매실거래년":20211212.0,
            "매매실거래가":119000.0,
            "전세실거래년":20211224.0,
            "전세실거래가":58000.0,
            "전세가율":63.74,
            "장기전세가율평균":67.74,
            "전세가율거품지수":4.0,
            "검색코드":105286,
            "세대수":1541.0,
            "준공년월":"2014-12-05",
            "준공년차":9.0,
            "가까운역이름":"상일동",
            "가까운역거리":2651.06,
            "역세권여부":"비역세권",
            "30분이내주요거점역":0,
            "1시간이내주요거점역":8,
            "3km이내백화점수":1,
            "5km이내아울렛몰수":0,
            "1km이내대형먀트수":2,
            "500m이내은행수":0,
            "500m이내병원수":45,
            "5km이내대형병원수":1,
            "500m이내공원수":0,
            "3km이내혐오시설수":0,
            "초등학교학업성취도":93.49,
            "중학교학업성취도":92.8,
            "용적률":219,
            "건폐율":14,
            "Y":37.560885,
            "X":127.196028,
            "rank":1.0,
            "area_info":"24평(81.96), 24평(81.97), 24평(81.96), 24평(81.99), 24평(82.47), 24평(82.25), 31평(103.1), 31평(103.1), 35평(116.39), 35평(116.88), 35평(116.74), 35평(116.66), 35평(116.59), 35평(116.59)",
            "last_sales":"2021-12-12,119000.0,35평(116.88)"
        },
        {
            "index":537,
            "아파트명":"힐스테이트센트럴위례",
            "투자타입":"일반",
            "전용면적(m2)":"116.23",
            "전용면적(평)":"35평",
            "법정동주소":"경기도 하남시 학암동 651",
            "도로명주소":"경기도 하남시 위례대로6길 15",
            "세대수":90,
            "입주년차":100,
            "용적률점수":"--",
            "건폐율점수":"--",
            "세대당주차수":60,
            "난방방식":100,
            "공급면적":"--",
            "전용률":"--",
            "욕실수":100,
            "현관타입":100,
            "주거총점":90.5,
            "지역구공급총점":0.0,
            "역세권":50,
            "30분내 이동가능 거점":0,
            "1시간내 이동가능 거점":90,
            "교통총점":43.0,
            "백화점":0,
            "아울렛몰":80,
            "대형마트":0,
            "은행":0,
            "병원":10,
            "종합병원":100,
            "공원":0,
            "혐오시설":0,
            "인프라총점":29.0,
            "초등학군":90.0,
            "중학군":51.44,
            "학군총점":59.152,
            "인구수":31.62,
            "인구증감":67.08,
            "인구총점":42.258,
            "일자리":11.1,
            "소득수준":50.98,
            "일자리총점":23.064,
            "가치 총점":50.7228,
            "매매실거래년":20210424.0,
            "매매실거래가":88259.0,
            "전세실거래년":null,
            "전세실거래가":null,
            "전세가율":null,
            "장기전세가율평균":67.74,
            "전세가율거품지수":null,
            "검색코드":125354,
            "세대수":1078.0,
            "준공년월":"2021-05-06",
            "준공년차":2.0,
            "가까운역이름":"마천",
            "가까운역거리":962.61,
            "역세권여부":"준역세권",
            "30분이내주요거점역":0,
            "1시간이내주요거점역":9,
            "3km이내백화점수":0,
            "5km이내아울렛몰수":1,
            "1km이내대형먀트수":0,
            "500m이내은행수":0,
            "500m이내병원수":2,
            "5km이내대형병원수":4,
            "500m이내공원수":0,
            "3km이내혐오시설수":0,
            "초등학교학업성취도":90.0,
            "중학교학업성취도":83.6,
            "용적률":229,
            "건폐율":18,
            "Y":37.48653,
            "X":127.155095,
            "rank":2.0,
            "area_info":"35평(116.23), 38평(126.26), 39평(130.14)",
            "last_sales":"2021-04-24,88259.0,38평(126.26)"
        },
        {
            "index":257,
            "아파트명":"미사강변사랑으로부영",
            "투자타입":"일반",
            "전용면적(m2)":"84.47",
            "전용면적(평)":"25평",
            "법정동주소":"경기도 하남시 망월동 1177",
            "도로명주소":"경기도 하남시 미사강변동로 20",
            "세대수":90,
            "입주년차":80,
            "용적률점수":"--",
            "건폐율점수":"--",
            "세대당주차수":30,
            "난방방식":100,
            "공급면적":"--",
            "전용률":"--",
            "욕실수":100,
            "현관타입":100,
            "주거총점":82.0,
            "지역구공급총점":0.0,
            "역세권":0,
            "30분내 이동가능 거점":0,
            "1시간내 이동가능 거점":60,
            "교통총점":12.0,
            "백화점":100,
            "아울렛몰":0,
            "대형마트":80,
            "은행":0,
            "병원":0,
            "종합병원":80,
            "공원":100,
            "혐오시설":0,
            "인프라총점":61.0,
            "초등학군":92.49,
            "중학군":55.68,
            "학군총점":63.042,
            "인구수":31.62,
            "인구증감":67.08,
            "인구총점":42.258,
            "일자리":11.1,
            "소득수준":50.98,
            "일자리총점":23.064,
            "가치 총점":48.3563,
            "매매실거래년":20211106.0,
            "매매실거래가":90500.0,
            "전세실거래년":20210710.0,
            "전세실거래가":54000.0,
            "전세가율":59.67,
            "장기전세가율평균":67.74,
            "전세가율거품지수":8.07,
            "검색코드":132188,
            "세대수":1104.0,
            "준공년월":"2017-10-31",
            "준공년차":6.0,
            "가까운역이름":"상일동",
            "가까운역거리":2783.98,
            "역세권여부":"비역세권",
            "30분이내주요거점역":0,
            "1시간이내주요거점역":6,
            "3km이내백화점수":1,
            "5km이내아울렛몰수":0,
            "1km이내대형먀트수":1,
            "500m이내은행수":0,
            "500m이내병원수":0,
            "5km이내대형병원수":1,
            "500m이내공원수":3,
            "3km이내혐오시설수":0,
            "초등학교학업성취도":92.49,
            "중학교학업성취도":92.8,
            "용적률":209,
            "건폐율":12,
            "Y":37.557593,
            "X":127.19798,
            "rank":3.0,
            "area_info":"25평(84.47), 34평(113.75), 34평(113.5), 34평(113.72)",
            "last_sales":"2021-11-06,90500.0,25평(84.47)"
        },
        {
            "index":487,
            "아파트명":"신안인스빌",
            "투자타입":"일반",
            "전용면적(m2)":"110.56",
            "전용면적(평)":"33평",
            "법정동주소":"경기도 하남시 풍산동 573",
            "도로명주소":"경기도 하남시 미사강변동로 19",
            "세대수":80,
            "입주년차":100,
            "용적률점수":"--",
            "건폐율점수":"--",
            "세대당주차수":60,
            "난방방식":100,
            "공급면적":"--",
            "전용률":"--",
            "욕실수":100,
            "현관타입":100,
            "주거총점":87.0,
            "지역구공급총점":0.0,
            "역세권":0,
            "30분내 이동가능 거점":0,
            "1시간내 이동가능 거점":50,
            "교통총점":10.0,
            "백화점":100,
            "아울렛몰":0,
            "대형마트":80,
            "은행":0,
            "병원":0,
            "종합병원":80,
            "공원":100,
            "혐오시설":0,
            "인프라총점":61.0,
            "초등학군":93.49,
            "중학군":52.52,
            "학군총점":60.714,
            "인구수":31.62,
            "인구증감":67.08,
            "인구총점":42.258,
            "일자리":11.1,
            "소득수준":50.98,
            "일자리총점":23.064,
            "가치 총점":48.3071,
            "매매실거래년":20220114.0,
            "매매실거래가":107000.0,
            "전세실거래년":20211224.0,
            "전세실거래가":71000.0,
            "전세가율":66.36,
            "장기전세가율평균":67.74,
            "전세가율거품지수":1.38,
            "검색코드":113236,
            "세대수":734.0,
            "준공년월":"2019-01-29",
            "준공년차":4.0,
            "가까운역이름":"상일동",
            "가까운역거리":2591.55,
            "역세권여부":"비역세권",
            "30분이내주요거점역":0,
            "1시간이내주요거점역":5,
            "3km이내백화점수":1,
            "5km이내아울렛몰수":0,
            "1km이내대형먀트수":1,
            "500m이내은행수":1,
            "500m이내병원수":1,
            "5km이내대형병원수":1,
            "500m이내공원수":2,
            "3km이내혐오시설수":0,
            "초등학교학업성취도":93.49,
            "중학교학업성취도":86.4,
            "용적률":209,
            "건폐율":13,
            "Y":37.556613,
            "X":127.195816,
            "rank":4.0,
            "area_info":"33평(110.56), 36평(121.47), 36평(122.24)",
            "last_sales":"2022-01-14,107000.0,33평(110.56)"
        },
        {
            "index":43,
            "아파트명":"더샵하남에디피스",
            "투자타입":"일반",
            "전용면적(m2)":"55.99",
            "전용면적(평)":"16평",
            "법정동주소":"경기도 하남시 덕풍동 285-31번지 일원",
            "도로명주소":"경기도 하남시",
            "세대수":90,
            "입주년차":100,
            "용적률점수":"--",
            "건폐율점수":"--",
            "세대당주차수":30,
            "난방방식":30,
            "공급면적":"--",
            "전용률":"--",
            "욕실수":50,
            "현관타입":100,
            "주거총점":74.0,
            "지역구공급총점":0.0,
            "역세권":0,
            "30분내 이동가능 거점":0,
            "1시간내 이동가능 거점":70,
            "교통총점":14.0,
            "백화점":100,
            "아울렛몰":0,
            "대형마트":80,
            "은행":20,
            "병원":60,
            "종합병원":80,
            "공원":100,
            "혐오시설":0,
            "인프라총점":69.0,
            "초등학군":90.63,
            "중학군":35.76,
            "학군총점":46.734,
            "인구수":31.62,
            "인구증감":67.08,
            "인구총점":42.258,
            "일자리":11.1,
            "소득수준":50.98,
            "일자리총점":23.064,
            "가치 총점":47.4101,
            "매매실거래년":"18000101",
            "매매실거래가":null,
            "전세실거래년":null,
            "전세실거래가":null,
            "전세가율":null,
            "장기전세가율평균":67.74,
            "전세가율거품지수":null,
            "검색코드":144365,
            "세대수":980.0,
            "준공년월":"2024-03-01",
            "준공년차":-1.0,
            "가까운역이름":"팔당",
            "가까운역거리":3394.97,
            "역세권여부":"비역세권",
            "30분이내주요거점역":0,
            "1시간이내주요거점역":7,
            "3km이내백화점수":1,
            "5km이내아울렛몰수":0,
            "1km이내대형먀트수":1,
            "500m이내은행수":2,
            "500m이내병원수":19,
            "5km이내대형병원수":1,
            "500m이내공원수":3,
            "3km이내혐오시설수":0,
            "초등학교학업성취도":90.63,
            "중학교학업성취도":59.6,
            "용적률":247,
            "건폐율":19,
            "Y":37.543336,
            "X":127.205769,
            "rank":5.0,
            "area_info":"16평(55.99), 16평(56.08), 20평(69.4), 24평(79.36), 24평(79.66), 29평(99.11), 33평(109.71)",
            "last_sales":"1800-01-01,nan,16평(55.99)"
        },
        {
            "index":442,
            "아파트명":"호반써밋에듀파크",
            "투자타입":"일반",
            "전용면적(m2)":"81.78",
            "전용면적(평)":"24평",
            "법정동주소":"경기도 하남시 신장동 577",
            "도로명주소":"경기도 하남시 하남유니온로 10",
            "세대수":90,
            "입주년차":100,
            "용적률점수":"--",
            "건폐율점수":"--",
            "세대당주차수":30,
            "난방방식":100,
            "공급면적":"--",
            "전용률":"--",
            "욕실수":100,
            "현관타입":100,
            "주거총점":86.0,
            "지역구공급총점":0.0,
            "역세권":0,
            "30분내 이동가능 거점":0,
            "1시간내 이동가능 거점":20,
            "교통총점":4.0,
            "백화점":100,
            "아울렛몰":0,
            "대형마트":100,
            "은행":0,
            "병원":10,
            "종합병원":80,
            "공원":100,
            "혐오시설":0,
            "인프라총점":65.0,
            "초등학군":86.66,
            "중학군":49.44,
            "학군총점":56.884,
            "인구수":31.62,
            "인구증감":67.08,
            "인구총점":42.258,
            "일자리":11.1,
            "소득수준":50.98,
            "일자리총점":23.064,
            "가치 총점":46.6326,
            "매매실거래년":20220107.0,
            "매매실거래가":58500.0,
            "전세실거래년":20211214.0,
            "전세실거래가":60000.0,
            "전세가율":102.56,
            "장기전세가율평균":67.74,
            "전세가율거품지수":-34.82,
            "검색코드":124165,
            "세대수":999.0,
            "준공년월":"2021-08-01",
            "준공년차":2.0,
            "가까운역이름":"팔당",
            "가까운역거리":2893.56,
            "역세권여부":"비역세권",
            "30분이내주요거점역":0,
            "1시간이내주요거점역":2,
            "3km이내백화점수":1,
            "5km이내아울렛몰수":0,
            "1km이내대형먀트수":2,
            "500m이내은행수":0,
            "500m이내병원수":2,
            "5km이내대형병원수":1,
            "500m이내공원수":6,
            "3km이내혐오시설수":0,
            "초등학교학업성취도":86.66,
            "중학교학업성취도":81.2,
            "용적률":199,
            "건폐율":15,
            "Y":37.545511,
            "X":127.211202,
            "rank":6.0,
            "area_info":"24평(81.78), 24평(81.44), 24평(81.84), 25평(82.8), 25평(83.56)",
            "last_sales":"2022-01-07,58500.0,24평(81.78)"
        },
        {
            "index":307,
            "아파트명":"미사역파라곤",
            "투자타입":"일반",
            "전용면적(m2)":"129.24",
            "전용면적(평)":"39평",
            "법정동주소":"경기도 하남시 망월동 1125",
            "도로명주소":"경기도 하남시 미사강변동로 100",
            "세대수":90,
            "입주년차":100,
            "용적률점수":"--",
            "건폐율점수":"--",
            "세대당주차수":60,
            "난방방식":100,
            "공급면적":"--",
            "전용률":"--",
            "욕실수":100,
            "현관타입":100,
            "주거총점":90.5,
            "지역구공급총점":0.0,
            "역세권":0,
            "30분내 이동가능 거점":0,
            "1시간내 이동가능 거점":90,
            "교통총점":18.0,
            "백화점":0,
            "아울렛몰":0,
            "대형마트":100,
            "은행":0,
            "병원":100,
            "종합병원":80,
            "공원":0,
            "혐오시설":0,
            "인프라총점":41.0,
            "초등학군":93.49,
            "중학군":55.68,
            "학군총점":63.242,
            "인구수":31.62,
            "인구증감":67.08,
            "인구총점":42.258,
            "일자리":11.1,
            "소득수준":50.98,
            "일자리총점":23.064,
            "가치 총점":46.1863,
            "매매실거래년":20211126.0,
            "매매실거래가":95000.0,
            "전세실거래년":20211227.0,
            "전세실거래가":79000.0,
            "전세가율":null,
            "장기전세가율평균":67.74,
            "전세가율거품지수":null,
            "검색코드":125045,
            "세대수":925.0,
            "준공년월":"2021-07-29",
            "준공년차":2.0,
            "가까운역이름":"상일동",
            "가까운역거리":2489.96,
            "역세권여부":"비역세권",
            "30분이내주요거점역":0,
            "1시간이내주요거점역":9,
            "3km이내백화점수":0,
            "5km이내아울렛몰수":0,
            "1km이내대형먀트수":2,
            "500m이내은행수":0,
            "500m이내병원수":67,
            "5km이내대형병원수":1,
            "500m이내공원수":0,
            "3km이내혐오시설수":0,
            "초등학교학업성취도":93.49,
            "중학교학업성취도":92.8,
            "용적률":399,
            "건폐율":49,
            "Y":37.564418,
            "X":127.19294,
            "rank":7.0,
            "area_info":"39평(129.24), 40평(135.46), 44평(147.05), 73평(244.56)",
            "last_sales":"2021-11-26,95000.0,44평(147.05)"
        },
        {
            "index":95,
            "아파트명":"삼부르네상스",
            "투자타입":"일반",
            "전용면적(m2)":"128.53",
            "전용면적(평)":"38평",
            "법정동주소":"경기도 하남시 덕풍동 729",
            "도로명주소":"경기도 하남시 덕풍북로 140",
            "세대수":50,
            "입주년차":40,
            "용적률점수":"--",
            "건폐율점수":"--",
            "세대당주차수":80,
            "난방방식":30,
            "공급면적":"--",
            "전용률":"--",
            "욕실수":100,
            "현관타입":100,
            "주거총점":60.5,
            "지역구공급총점":0.0,
            "역세권":0,
            "30분내 이동가능 거점":0,
            "1시간내 이동가능 거점":80,
            "교통총점":16.0,
            "백화점":100,
            "아울렛몰":0,
            "대형마트":80,
            "은행":0,
            "병원":30,
            "종합병원":80,
            "공원":100,
            "혐오시설":0,
            "인프라총점":64.0,
            "초등학군":86.08,
            "중학군":52.52,
            "학군총점":59.232,
            "인구수":31.62,
            "인구증감":67.08,
            "인구총점":42.258,
            "일자리":11.1,
            "소득수준":50.98,
            "일자리총점":23.064,
            "가치 총점":45.7848,
            "매매실거래년":20211223.0,
            "매매실거래가":119500.0,
            "전세실거래년":20220115.0,
            "전세실거래가":44100.0,
            "전세가율":36.9,
            "장기전세가율평균":67.74,
            "전세가율거품지수":30.84,
            "검색코드":25541,
            "세대수":471.0,
            "준공년월":"2008-08-22",
            "준공년차":15.0,
            "가까운역이름":"도심",
            "가까운역거리":3228.63,
            "역세권여부":"비역세권",
            "30분이내주요거점역":0,
            "1시간이내주요거점역":8,
            "3km이내백화점수":1,
            "5km이내아울렛몰수":0,
            "1km이내대형먀트수":1,
            "500m이내은행수":0,
            "500m이내병원수":9,
            "5km이내대형병원수":1,
            "500m이내공원수":4,
            "3km이내혐오시설수":0,
            "초등학교학업성취도":86.08,
            "중학교학업성취도":86.4,
            "용적률":179,
            "건폐율":19,
            "Y":37.554649,
            "X":127.203984,
            "rank":8.0,
            "area_info":"38평(128.53), 38평(128.49), 38평(128.34), 38평(128.35)",
            "last_sales":"2021-12-23,119500.0,38평(128.53)"
        },
        {
            "index":0,
            "아파트명":"감일센트레빌",
            "투자타입":"일반",
            "전용면적(m2)":"71.49",
            "전용면적(평)":"21평",
            "법정동주소":"경기도 하남시 감이동 535",
            "도로명주소":"경기도 하남시 감일백제로 35",
            "세대수":50,
            "입주년차":100,
            "용적률점수":"--",
            "건폐율점수":"--",
            "세대당주차수":30,
            "난방방식":100,
            "공급면적":"--",
            "전용률":"--",
            "욕실수":50,
            "현관타입":100,
            "주거총점":67.0,
            "지역구공급총점":0.0,
            "역세권":50,
            "30분내 이동가능 거점":0,
            "1시간내 이동가능 거점":70,
            "교통총점":39.0,
            "백화점":0,
            "아울렛몰":80,
            "대형마트":0,
            "은행":0,
            "병원":0,
            "종합병원":100,
            "공원":0,
            "혐오시설":0,
            "인프라총점":28.0,
            "초등학군":100.0,
            "중학군":51.44,
            "학군총점":61.152,
            "인구수":31.62,
            "인구증감":67.08,
            "인구총점":42.258,
            "일자리":11.1,
            "소득수준":50.98,
            "일자리총점":23.064,
            "가치 총점":44.6228,
            "매매실거래년":20190601.0,
            "매매실거래가":54717.0,
            "전세실거래년":20211127.0,
            "전세실거래가":52000.0,
            "전세가율":null,
            "장기전세가율평균":67.74,
            "전세가율거품지수":null,
            "검색코드":119358,
            "세대수":589.0,
            "준공년월":"2020-03-12",
            "준공년차":3.0,
            "가까운역이름":"마천",
            "가까운역거리":944.43,
            "역세권여부":"준역세권",
            "30분이내주요거점역":0,
            "1시간이내주요거점역":7,
            "3km이내백화점수":0,
            "5km이내아울렛몰수":1,
            "1km이내대형먀트수":0,
            "500m이내은행수":0,
            "500m이내병원수":0,
            "5km이내대형병원수":3,
            "500m이내공원수":0,
            "3km이내혐오시설수":0,
            "초등학교학업성취도":100.0,
            "중학교학업성취도":83.6,
            "용적률":218,
            "건폐율":19,
            "Y":37.499194,
            "X":127.162083,
            "rank":9.0,
            "area_info":"21평(71.49), 25평(82.77), 25평(82.72), 31평(103.35), 35평(117.06)",
            "last_sales":"2019-06-01,54717.0,35평(117.06)"
        },
        {
            "index":271,
            "아파트명":"미사강변파밀리에",
            "투자타입":"일반",
            "전용면적(m2)":"80.0",
            "전용면적(평)":"24평",
            "법정동주소":"경기도 하남시 망월동 910",
            "도로명주소":"경기도 하남시 아리수로 589",
            "세대수":90,
            "입주년차":80,
            "용적률점수":"--",
            "건폐율점수":"--",
            "세대당주차수":30,
            "난방방식":100,
            "공급면적":"--",
            "전용률":"--",
            "욕실수":100,
            "현관타입":100,
            "주거총점":82.0,
            "지역구공급총점":0.0,
            "역세권":0,
            "30분내 이동가능 거점":20,
            "1시간내 이동가능 거점":80,
            "교통총점":22.0,
            "백화점":0,
            "아울렛몰":0,
            "대형마트":100,
            "은행":0,
            "병원":60,
            "종합병원":80,
            "공원":0,
            "혐오시설":0,
            "인프라총점":37.0,
            "초등학군":87.66,
            "중학군":54.3,
            "학군총점":60.972,
            "인구수":31.62,
            "인구증감":67.08,
            "인구총점":42.258,
            "일자리":11.1,
            "소득수준":50.98,
            "일자리총점":23.064,
            "가치 총점":44.3458,
            "매매실거래년":20211222.0,
            "매매실거래가":108000.0,
            "전세실거래년":20220105.0,
            "전세실거래가":60000.0,
            "전세가율":66.3,
            "장기전세가율평균":67.74,
            "전세가율거품지수":1.44,
            "검색코드":104310,
            "세대수":976.0,
            "준공년월":"2014-06-12",
            "준공년차":9.0,
            "가까운역이름":"덕소",
            "가까운역거리":2490.71,
            "역세권여부":"비역세권",
            "30분이내주요거점역":1,
            "1시간이내주요거점역":8,
            "3km이내백화점수":0,
            "5km이내아울렛몰수":0,
            "1km이내대형먀트수":2,
            "500m이내은행수":0,
            "500m이내병원수":20,
            "5km이내대형병원수":1,
            "500m이내공원수":0,
            "3km이내혐오시설수":0,
            "초등학교학업성취도":87.66,
            "중학교학업성취도":90.5,
            "용적률":217,
            "건폐율":15,
            "Y":37.568947,
            "X":127.191731,
            "rank":10.0,
            "area_info":"24평(80.0), 24평(80.06), 30평(99.88), 34평(113.43), 34평(113.17), 34평(113.3)",
            "last_sales":"2021-12-22,108000.0,34평(113.3)"
        },
        {
            "index":412,
            "아파트명":"에코타운2단지",
            "투자타입":"일반",
            "전용면적(m2)":"111.27",
            "전용면적(평)":"33평",
            "법정동주소":"경기도 하남시 신장동 561",
            "도로명주소":"경기도 하남시 하남대로802번길 55",
            "세대수":50,
            "입주년차":40,
            "용적률점수":"--",
            "건폐율점수":"--",
            "세대당주차수":30,
            "난방방식":30,
            "공급면적":"--",
            "전용률":"--",
            "욕실수":100,
            "현관타입":100,
            "주거총점":53.0,
            "지역구공급총점":0.0,
            "역세권":0,
            "30분내 이동가능 거점":0,
            "1시간내 이동가능 거점":60,
            "교통총점":12.0,
            "백화점":100,
            "아울렛몰":0,
            "대형마트":80,
            "은행":70,
            "병원":60,
            "종합병원":80,
            "공원":100,
            "혐오시설":0,
            "인프라총점":74.0,
            "초등학군":90.63,
            "중학군":35.76,
            "학군총점":46.734,
            "인구수":31.62,
            "인구증감":67.08,
            "인구총점":42.258,
            "일자리":11.1,
            "소득수준":50.98,
            "일자리총점":23.064,
            "가치 총점":44.0101,
            "매매실거래년":20210821.0,
            "매매실거래가":91000.0,
            "전세실거래년":20211215.0,
            "전세실거래가":40000.0,
            "전세가율":43.96,
            "장기전세가율평균":67.74,
            "전세가율거품지수":23.78,
            "검색코드":26460,
            "세대수":488.0,
            "준공년월":"2004-11-18",
            "준공년차":19.0,
            "가까운역이름":"팔당",
            "가까운역거리":2960.27,
            "역세권여부":"비역세권",
            "30분이내주요거점역":0,
            "1시간이내주요거점역":6,
            "3km이내백화점수":1,
            "5km이내아울렛몰수":0,
            "1km이내대형먀트수":1,
            "500m이내은행수":4,
            "500m이내병원수":27,
            "5km이내대형병원수":1,
            "500m이내공원수":4,
            "3km이내혐오시설수":0,
            "초등학교학업성취도":90.63,
            "중학교학업성취도":59.6,
            "용적률":243,
            "건폐율":14,
            "Y":37.542568,
            "X":127.210913,
            "rank":11.0,
            "area_info":"33평(111.27), 33평(111.18), 33평(111.27), 33평(112.02)",
            "last_sales":"2021-08-21,91000.0,33평(111.27)"
        },
        {
            "index":329,
            "아파트명":"미사강변더샵리버포레",
            "투자타입":"일반",
            "전용면적(m2)":"115.81",
            "전용면적(평)":"35평",
            "법정동주소":"경기도 하남시 선동 427",
            "도로명주소":"경기도 하남시 미사강변북로 65",
            "세대수":80,
            "입주년차":80,
            "용적률점수":"--",
            "건폐율점수":"--",
            "세대당주차수":60,
            "난방방식":100,
            "공급면적":"--",
            "전용률":"--",
            "욕실수":100,
            "현관타입":100,
            "주거총점":83.0,
            "지역구공급총점":0.0,
            "역세권":0,
            "30분내 이동가능 거점":20,
            "1시간내 이동가능 거점":70,
            "교통총점":20.0,
            "백화점":0,
            "아울렛몰":0,
            "대형마트":100,
            "은행":0,
            "병원":60,
            "종합병원":80,
            "공원":0,
            "혐오시설":0,
            "인프라총점":37.0,
            "초등학군":89.01,
            "중학군":54.3,
            "학군총점":61.242,
            "인구수":31.62,
            "인구증감":67.08,
            "인구총점":42.258,
            "일자리":11.1,
            "소득수준":50.98,
            "일자리총점":23.064,
            "가치 총점":43.8863,
            "매매실거래년":20211127.0,
            "매매실거래가":143000.0,
            "전세실거래년":20211215.0,
            "전세실거래가":77000.0,
            "전세가율":58.11,
            "장기전세가율평균":67.74,
            "전세가율거품지수":9.63,
            "검색코드":108472,
            "세대수":875.0,
            "준공년월":"2016-07-27",
            "준공년차":7.0,
            "가까운역이름":"덕소",
            "가까운역거리":2472.63,
            "역세권여부":"비역세권",
            "30분이내주요거점역":1,
            "1시간이내주요거점역":7,
            "3km이내백화점수":0,
            "5km이내아울렛몰수":0,
            "1km이내대형먀트수":2,
            "500m이내은행수":1,
            "500m이내병원수":13,
            "5km이내대형병원수":1,
            "500m이내공원수":0,
            "3km이내혐오시설수":0,
            "초등학교학업성취도":89.01,
            "중학교학업성취도":90.5,
            "용적률":209,
            "건폐율":13,
            "Y":37.573892,
            "X":127.185967,
            "rank":12.0,
            "area_info":"35평(115.81), 35평(116.99), 38평(125.97), 38평(126.42), 38평(127.39), 38평(128.69), 42평(141.09), 42평(141.32)",
            "last_sales":"2021-11-27,143000.0,38평(128.69)"
        },
        {
            "index":64,
            "아파트명":"빌리브하남",
            "투자타입":"일반",
            "전용면적(m2)":"80.28",
            "전용면적(평)":"24평",
            "법정동주소":"경기도 하남시 덕풍동 735",
            "도로명주소":"경기도 하남시 덕풍서로 80",
            "세대수":30,
            "입주년차":100,
            "용적률점수":"--",
            "건폐율점수":"--",
            "세대당주차수":0,
            "난방방식":100,
            "공급면적":"--",
            "전용률":"--",
            "욕실수":50,
            "현관타입":10,
            "주거총점":46.5,
            "지역구공급총점":0.0,
            "역세권":0,
            "30분내 이동가능 거점":0,
            "1시간내 이동가능 거점":80,
            "교통총점":16.0,
            "백화점":100,
            "아울렛몰":0,
            "대형마트":80,
            "은행":0,
            "병원":60,
            "종합병원":80,
            "공원":100,
            "혐오시설":0,
            "인프라총점":67.0,
            "초등학군":86.08,
            "중학군":52.52,
            "학군총점":59.232,
            "인구수":31.62,
            "인구증감":67.08,
            "인구총점":42.258,
            "일자리":11.1,
            "소득수준":50.98,
            "일자리총점":23.064,
            "가치 총점":43.8848,
            "매매실거래년":20211229.0,
            "매매실거래가":30000.0,
            "전세실거래년":20211103.0,
            "전세실거래가":28000.0,
            "전세가율":93.33,
            "장기전세가율평균":67.74,
            "전세가율거품지수":-25.59,
            "검색코드":126291,
            "세대수":344.0,
            "준공년월":"2021-02-08",
            "준공년차":2.0,
            "가까운역이름":"도심",
            "가까운역거리":3270.0,
            "역세권여부":"비역세권",
            "30분이내주요거점역":0,
            "1시간이내주요거점역":8,
            "3km이내백화점수":1,
            "5km이내아울렛몰수":0,
            "1km이내대형먀트수":1,
            "500m이내은행수":0,
            "500m이내병원수":10,
            "5km이내대형병원수":1,
            "500m이내공원수":5,
            "3km이내혐오시설수":0,
            "초등학교학업성취도":86.08,
            "중학교학업성취도":86.4,
            "용적률":376,
            "건폐율":77,
            "Y":37.553479,
            "X":127.205682,
            "rank":13.0,
            "area_info":"24평(80.28), 24평(80.27), 24평(80.27), 29평(96.06), 29평(97.01), 29평(97.24), 29평(97.44), 31평(105.46), 31평(105.62), 31평(105.63), 44평(146.68), 44평(146.68), 44평(147.92), 45평(149.28), 45평(149.28), 49평(163.37), 49평(163.36), 58평(193.25), 58평(193.25), 58평(193.25), 61평(202.76), 62평(206.03), 62평(206.01), 63평(209.04), 62평(207.96), 63평(208.99), 62평(207.96), 63평(209.04), 63평(209.41), 63평(209.09), 64평(213.52)",
            "last_sales":"2021-12-29,30000.0,24평(80.28)"
        },
        {
            "index":62,
            "아파트명":"벽산블루밍",
            "투자타입":"일반",
            "전용면적(m2)":"80.78",
            "전용면적(평)":"24평",
            "법정동주소":"경기도 하남시 덕풍동 695",
            "도로명주소":"경기도 하남시 신평로 36",
            "세대수":50,
            "입주년차":40,
            "용적률점수":"--",
            "건폐율점수":"--",
            "세대당주차수":30,
            "난방방식":30,
            "공급면적":"--",
            "전용률":"--",
            "욕실수":100,
            "현관타입":100,
            "주거총점":53.0,
            "지역구공급총점":0.0,
            "역세권":0,
            "30분내 이동가능 거점":0,
            "1시간내 이동가능 거점":40,
            "교통총점":8.0,
            "백화점":100,
            "아울렛몰":0,
            "대형마트":80,
            "은행":70,
            "병원":100,
            "종합병원":80,
            "공원":0,
            "혐오시설":0,
            "인프라총점":75.0,
            "초등학군":88.27,
            "중학군":43.66,
            "학군총점":52.582,
            "인구수":31.62,
            "인구증감":67.08,
            "인구총점":42.258,
            "일자리":11.1,
            "소득수준":50.98,
            "일자리총점":23.064,
            "가치 총점":43.7873,
            "매매실거래년":20220107.0,
            "매매실거래가":74500.0,
            "전세실거래년":20211105.0,
            "전세실거래가":55000.0,
            "전세가율":73.83,
            "장기전세가율평균":67.74,
            "전세가율거품지수":-6.09,
            "검색코드":11038,
            "세대수":696.0,
            "준공년월":"2007-04-30",
            "준공년차":16.0,
            "가까운역이름":"팔당",
            "가까운역거리":3651.34,
            "역세권여부":"비역세권",
            "30분이내주요거점역":0,
            "1시간이내주요거점역":4,
            "3km이내백화점수":1,
            "5km이내아울렛몰수":0,
            "1km이내대형먀트수":1,
            "500m이내은행수":3,
            "500m이내병원수":65,
            "5km이내대형병원수":1,
            "500m이내공원수":0,
            "3km이내혐오시설수":0,
            "초등학교학업성취도":88.27,
            "중학교학업성취도":72.5,
            "용적률":295,
            "건폐율":19,
            "Y":37.53667,
            "X":127.204786,
            "rank":14.0,
            "area_info":"24평(80.78), 32평(107.48)",
            "last_sales":"2022-01-07,74500.0,24평(80.78)"
        },
        {
            "index":193,
            "아파트명":"하남풍산아이파크5단지",
            "투자타입":"일반",
            "전용면적(m2)":"109.64",
            "전용면적(평)":"33평",
            "법정동주소":"경기도 하남시 덕풍동 731",
            "도로명주소":"경기도 하남시 덕풍서로 65",
            "세대수":30,
            "입주년차":40,
            "용적률점수":"--",
            "건폐율점수":"--",
            "세대당주차수":60,
            "난방방식":30,
            "공급면적":"--",
            "전용률":"--",
            "욕실수":100,
            "현관타입":100,
            "주거총점":50.5,
            "지역구공급총점":0.0,
            "역세권":0,
            "30분내 이동가능 거점":0,
            "1시간내 이동가능 거점":80,
            "교통총점":16.0,
            "백화점":100,
            "아울렛몰":0,
            "대형마트":80,
            "은행":0,
            "병원":30,
            "종합병원":80,
            "공원":100,
            "혐오시설":0,
            "인프라총점":64.0,
            "초등학군":86.08,
            "중학군":52.52,
            "학군총점":59.232,
            "인구수":31.62,
            "인구증감":67.08,
            "인구총점":42.258,
            "일자리":11.1,
            "소득수준":50.98,
            "일자리총점":23.064,
            "가치 총점":43.7848,
            "매매실거래년":20211111.0,
            "매매실거래가":94500.0,
            "전세실거래년":20210331.0,
            "전세실거래가":60000.0,
            "전세가율":63.16,
            "장기전세가율평균":67.74,
            "전세가율거품지수":4.58,
            "검색코드":25271,
            "세대수":365.0,
            "준공년월":"2008-07-18",
            "준공년차":15.0,
            "가까운역이름":"상일동",
            "가까운역거리":3269.72,
            "역세권여부":"비역세권",
            "30분이내주요거점역":0,
            "1시간이내주요거점역":8,
            "3km이내백화점수":1,
            "5km이내아울렛몰수":0,
            "1km이내대형먀트수":1,
            "500m이내은행수":0,
            "500m이내병원수":7,
            "5km이내대형병원수":1,
            "500m이내공원수":5,
            "3km이내혐오시설수":0,
            "초등학교학업성취도":86.08,
            "중학교학업성취도":86.4,
            "용적률":179,
            "건폐율":20,
            "Y":37.553185,
            "X":127.203241,
            "rank":15.0,
            "area_info":"33평(109.64), 33평(110.85), 33평(110.24), 33평(111.83), 33평(112.31)",
            "last_sales":"2021-11-11,94500.0,33평(111.83)"
        },
        {
            "index":141,
            "아파트명":"하남더샵센트럴뷰",
            "투자타입":"일반",
            "전용면적(m2)":"111.27",
            "전용면적(평)":"33평",
            "법정동주소":"경기도 하남시 덕풍동 946",
            "도로명주소":"경기도 하남시 하남대로 856",
            "세대수":50,
            "입주년차":80,
            "용적률점수":"--",
            "건폐율점수":"--",
            "세대당주차수":30,
            "난방방식":30,
            "공급면적":"--",
            "전용률":"--",
            "욕실수":100,
            "현관타입":100,
            "주거총점":61.0,
            "지역구공급총점":0.0,
            "역세권":0,
            "30분내 이동가능 거점":0,
            "1시간내 이동가능 거점":60,
            "교통총점":12.0,
            "백화점":100,
            "아울렛몰":0,
            "대형마트":80,
            "은행":0,
            "병원":60,
            "종합병원":80,
            "공원":100,
            "혐오시설":0,
            "인프라총점":67.0,
            "초등학군":90.63,
            "중학군":35.76,
            "학군총점":46.734,
            "인구수":31.62,
            "인구증감":67.08,
            "인구총점":42.258,
            "일자리":11.1,
            "소득수준":50.98,
            "일자리총점":23.064,
            "가치 총점":43.5101,
            "매매실거래년":20211223.0,
            "매매실거래가":105000.0,
            "전세실거래년":20211218.0,
            "전세실거래가":50000.0,
            "전세가율":45.87,
            "장기전세가율평균":67.74,
            "전세가율거품지수":21.87,
            "검색코드":108350,
            "세대수":672.0,
            "준공년월":"2016-08-19",
            "준공년차":7.0,
            "가까운역이름":"상일동",
            "가까운역거리":3550.48,
            "역세권여부":"비역세권",
            "30분이내주요거점역":0,
            "1시간이내주요거점역":6,
            "3km이내백화점수":1,
            "5km이내아울렛몰수":0,
            "1km이내대형먀트수":1,
            "500m이내은행수":1,
            "500m이내병원수":11,
            "5km이내대형병원수":1,
            "500m이내공원수":2,
            "3km이내혐오시설수":0,
            "초등학교학업성취도":90.63,
            "중학교학업성취도":59.6,
            "용적률":249,
            "건폐율":21,
            "Y":37.54481,
            "X":127.203789,
            "rank":16.0,
            "area_info":"33평(111.27), 33평(111.27), 33평(112.31), 33평(112.2)",
            "last_sales":"2021-12-23,105000.0,33평(112.31)"
        },
        {
            "index":301,
            "아파트명":"미사강변호반써밋",
            "투자타입":"일반",
            "전용면적(m2)":"131.56",
            "전용면적(평)":"39평",
            "법정동주소":"경기도 하남시 망월동 1127",
            "도로명주소":"경기도 하남시 미사강변한강로 270",
            "세대수":80,
            "입주년차":100,
            "용적률점수":"--",
            "건폐율점수":"--",
            "세대당주차수":60,
            "난방방식":100,
            "공급면적":"--",
            "전용률":"--",
            "욕실수":100,
            "현관타입":100,
            "주거총점":87.0,
            "지역구공급총점":0.0,
            "역세권":0,
            "30분내 이동가능 거점":0,
            "1시간내 이동가능 거점":70,
            "교통총점":14.0,
            "백화점":0,
            "아울렛몰":0,
            "대형마트":100,
            "은행":0,
            "병원":80,
            "종합병원":80,
            "공원":0,
            "혐오시설":0,
            "인프라총점":39.0,
            "초등학군":92.49,
            "중학군":55.68,
            "학군총점":63.042,
            "인구수":31.62,
            "인구증감":67.08,
            "인구총점":42.258,
            "일자리":11.1,
            "소득수준":50.98,
            "일자리총점":23.064,
            "가치 총점":43.4563,
            "매매실거래년":20211226.0,
            "매매실거래가":140000.0,
            "전세실거래년":20211221.0,
            "전세실거래가":86000.0,
            "전세가율":61.43,
            "장기전세가율평균":67.74,
            "전세가율거품지수":6.31,
            "검색코드":117437,
            "세대수":846.0,
            "준공년월":"2019-06-11",
            "준공년차":4.0,
            "가까운역이름":"덕소",
            "가까운역거리":2735.68,
            "역세권여부":"비역세권",
            "30분이내주요거점역":0,
            "1시간이내주요거점역":7,
            "3km이내백화점수":0,
            "5km이내아울렛몰수":0,
            "1km이내대형먀트수":2,
            "500m이내은행수":0,
            "500m이내병원수":52,
            "5km이내대형병원수":1,
            "500m이내공원수":0,
            "3km이내혐오시설수":0,
            "초등학교학업성취도":92.49,
            "중학교학업성취도":92.8,
            "용적률":396,
            "건폐율":42,
            "Y":37.564394,
            "X":127.195958,
            "rank":17.0,
            "area_info":"39평(131.56), 39평(131.79), 39평(132.16), 59평(196.99), 60평(199.69), 62평(205.62)",
            "last_sales":"2021-12-26,140000.0,39평(131.56)"
        },
        {
            "index":105,
            "아파트명":"진모루마을현대",
            "투자타입":"일반",
            "전용면적(m2)":"77.32",
            "전용면적(평)":"23평",
            "법정동주소":"경기도 하남시 덕풍동 404-1",
            "도로명주소":"경기도 하남시 신평로 81",
            "세대수":30,
            "입주년차":20,
            "용적률점수":"--",
            "건폐율점수":"--",
            "세대당주차수":30,
            "난방방식":30,
            "공급면적":"--",
            "전용률":"--",
            "욕실수":50,
            "현관타입":100,
            "주거총점":37.0,
            "지역구공급총점":0.0,
            "역세권":0,
            "30분내 이동가능 거점":0,
            "1시간내 이동가능 거점":80,
            "교통총점":16.0,
            "백화점":100,
            "아울렛몰":0,
            "대형마트":80,
            "은행":70,
            "병원":100,
            "종합병원":80,
            "공원":100,
            "혐오시설":0,
            "인프라총점":78.0,
            "초등학군":90.63,
            "중학군":35.76,
            "학군총점":46.734,
            "인구수":31.62,
            "인구증감":67.08,
            "인구총점":42.258,
            "일자리":11.1,
            "소득수준":50.98,
            "일자리총점":23.064,
            "가치 총점":43.4101,
            "매매실거래년":20210510.0,
            "매매실거래가":76000.0,
            "전세실거래년":20210226.0,
            "전세실거래가":30000.0,
            "전세가율":43.17,
            "장기전세가율평균":67.74,
            "전세가율거품지수":24.57,
            "검색코드":8719,
            "세대수":387.0,
            "준공년월":"2000-12-22",
            "준공년차":23.0,
            "가까운역이름":"팔당",
            "가까운역거리":3419.02,
            "역세권여부":"비역세권",
            "30분이내주요거점역":0,
            "1시간이내주요거점역":8,
            "3km이내백화점수":1,
            "5km이내아울렛몰수":0,
            "1km이내대형먀트수":1,
            "500m이내은행수":4,
            "500m이내병원수":78,
            "5km이내대형병원수":1,
            "500m이내공원수":3,
            "3km이내혐오시설수":0,
            "초등학교학업성취도":90.63,
            "중학교학업성취도":59.6,
            "용적률":290,
            "건폐율":20,
            "Y":37.541381,
            "X":127.205902,
            "rank":18.0,
            "area_info":"23평(77.32), 23평(77.57), 33평(109.9), 33평(109.87), 33평(109.67)",
            "last_sales":"2021-05-10,76000.0,33평(109.87)"
        },
        {
            "index":513,
            "아파트명":"위례롯데캐슬",
            "투자타입":"일반",
            "전용면적(m2)":"101.46",
            "전용면적(평)":"30평",
            "법정동주소":"경기도 하남시 학암동 672",
            "도로명주소":"경기도 하남시 위례중앙로 215",
            "세대수":100,
            "입주년차":80,
            "용적률점수":"--",
            "건폐율점수":"--",
            "세대당주차수":60,
            "난방방식":100,
            "공급면적":"--",
            "전용률":"--",
            "욕실수":100,
            "현관타입":100,
            "주거총점":90.0,
            "지역구공급총점":0.0,
            "역세권":0,
            "30분내 이동가능 거점":20,
            "1시간내 이동가능 거점":80,
            "교통총점":22.0,
            "백화점":0,
            "아울렛몰":80,
            "대형마트":0,
            "은행":0,
            "병원":0,
            "종합병원":100,
            "공원":0,
            "혐오시설":0,
            "인프라총점":28.0,
            "초등학군":93.39,
            "중학군":51.44,
            "학군총점":59.83,
            "인구수":31.62,
            "인구증감":67.08,
            "인구총점":42.258,
            "일자리":11.1,
            "소득수준":50.98,
            "일자리총점":23.064,
            "가치 총점":43.0745,
            "매매실거래년":20211216.0,
            "매매실거래가":140000.0,
            "전세실거래년":20220115.0,
            "전세실거래가":56700.0,
            "전세가율":40.5,
            "장기전세가율평균":67.74,
            "전세가율거품지수":27.24,
            "검색코드":107023,
            "세대수":1673.0,
            "준공년월":"2016-01-15",
            "준공년차":7.0,
            "가까운역이름":"산성",
            "가까운역거리":2022.98,
            "역세권여부":"비역세권",
            "30분이내주요거점역":1,
            "1시간이내주요거점역":8,
            "3km이내백화점수":0,
            "5km이내아울렛몰수":1,
            "1km이내대형먀트수":0,
            "500m이내은행수":0,
            "500m이내병원수":0,
            "5km이내대형병원수":4,
            "500m이내공원수":0,
            "3km이내혐오시설수":0,
            "초등학교학업성취도":93.39,
            "중학교학업성취도":83.6,
            "용적률":223,
            "건폐율":19,
            "Y":37.475194,
            "X":127.152548,
            "rank":19.0,
            "area_info":"30평(101.46), 30평(101.46), 30평(101.46), 34평(114.23), 34평(114.23), 34평(114.23)",
            "last_sales":"2021-12-16,140000.0,30평(101.46)"
        },
        {
            "index":380,
            "아파트명":"명지캐럿108",
            "투자타입":"일반",
            "전용면적(m2)":"102.42",
            "전용면적(평)":"30평",
            "법정동주소":"경기도 하남시 신장동 415-10",
            "도로명주소":"경기도 하남시 하남대로 815",
            "세대수":0,
            "입주년차":40,
            "용적률점수":"--",
            "건폐율점수":"--",
            "세대당주차수":30,
            "난방방식":30,
            "공급면적":"--",
            "전용률":"--",
            "욕실수":100,
            "현관타입":100,
            "주거총점":35.5,
            "지역구공급총점":0.0,
            "역세권":0,
            "30분내 이동가능 거점":0,
            "1시간내 이동가능 거점":70,
            "교통총점":14.0,
            "백화점":100,
            "아울렛몰":0,
            "대형마트":80,
            "은행":70,
            "병원":100,
            "종합병원":80,
            "공원":100,
            "혐오시설":0,
            "인프라총점":78.0,
            "초등학군":90.63,
            "중학군":35.76,
            "학군총점":46.734,
            "인구수":31.62,
            "인구증감":67.08,
            "인구총점":42.258,
            "일자리":11.1,
            "소득수준":50.98,
            "일자리총점":23.064,
            "가치 총점":42.4101,
            "매매실거래년":20210828.0,
            "매매실거래가":76000.0,
            "전세실거래년":20190919.0,
            "전세실거래가":28000.0,
            "전세가율":43.21,
            "장기전세가율평균":67.74,
            "전세가율거품지수":24.53,
            "검색코드":17809,
            "세대수":108.0,
            "준공년월":"2006-02-13",
            "준공년차":17.0,
            "가까운역이름":"팔당",
            "가까운역거리":3330.88,
            "역세권여부":"비역세권",
            "30분이내주요거점역":0,
            "1시간이내주요거점역":7,
            "3km이내백화점수":1,
            "5km이내아울렛몰수":0,
            "1km이내대형먀트수":1,
            "500m이내은행수":4,
            "500m이내병원수":73,
            "5km이내대형병원수":1,
            "500m이내공원수":3,
            "3km이내혐오시설수":0,
            "초등학교학업성취도":90.63,
            "중학교학업성취도":59.6,
            "용적률":566,
            "건폐율":59,
            "Y":37.541208,
            "X":127.206967,
            "rank":20.0,
            "area_info":"30평(102.42), 34평(114.55), 35평(117.22), 42평(139.18)",
            "last_sales":"2021-08-28,76000.0,42평(139.18)"
        },
        {
            "index":410,
            "아파트명":"에코타운1단지",
            "투자타입":"일반",
            "전용면적(m2)":"77.02",
            "전용면적(평)":"23평",
            "법정동주소":"경기도 하남시 신장동 562",
            "도로명주소":"경기도 하남시 하남대로784번길 29",
            "세대수":50,
            "입주년차":40,
            "용적률점수":"--",
            "건폐율점수":"--",
            "세대당주차수":0,
            "난방방식":30,
            "공급면적":"--",
            "전용률":"--",
            "욕실수":50,
            "현관타입":10,
            "주거총점":34.5,
            "지역구공급총점":0.0,
            "역세권":0,
            "30분내 이동가능 거점":0,
            "1시간내 이동가능 거점":60,
            "교통총점":12.0,
            "백화점":100,
            "아울렛몰":0,
            "대형마트":80,
            "은행":100,
            "병원":80,
            "종합병원":80,
            "공원":100,
            "혐오시설":0,
            "인프라총점":79.0,
            "초등학군":90.63,
            "중학군":35.76,
            "학군총점":46.734,
            "인구수":31.62,
            "인구증감":67.08,
            "인구총점":42.258,
            "일자리":11.1,
            "소득수준":50.98,
            "일자리총점":23.064,
            "가치 총점":41.8101,
            "매매실거래년":20211118.0,
            "매매실거래가":71500.0,
            "전세실거래년":20220108.0,
            "전세실거래가":28000.0,
            "전세가율":39.16,
            "장기전세가율평균":67.74,
            "전세가율거품지수":28.58,
            "검색코드":9663,
            "세대수":525.0,
            "준공년월":"2004-11-18",
            "준공년차":19.0,
            "가까운역이름":"팔당",
            "가까운역거리":3081.19,
            "역세권여부":"비역세권",
            "30분이내주요거점역":0,
            "1시간이내주요거점역":6,
            "3km이내백화점수":1,
            "5km이내아울렛몰수":0,
            "1km이내대형먀트수":1,
            "500m이내은행수":5,
            "500m이내병원수":33,
            "5km이내대형병원수":1,
            "500m이내공원수":3,
            "3km이내혐오시설수":0,
            "초등학교학업성취도":90.63,
            "중학교학업성취도":59.6,
            "용적률":235,
            "건폐율":12,
            "Y":37.540822,
            "X":127.209981,
            "rank":21.0,
            "area_info":"23평(77.02), 23평(77.0)",
            "last_sales":"2021-11-18,71500.0,23평(77.02)"
        },
        {
            "index":33,
            "아파트명":"하남감일스윗시티(B1블록)",
            "투자타입":"일반",
            "전용면적(m2)":"103.22",
            "전용면적(평)":"31평",
            "법정동주소":"경기도 하남시 감일동 519",
            "도로명주소":"경기도 하남시 신우실로 15",
            "세대수":50,
            "입주년차":100,
            "용적률점수":"--",
            "건폐율점수":"--",
            "세대당주차수":30,
            "난방방식":100,
            "공급면적":"--",
            "전용률":"--",
            "욕실수":100,
            "현관타입":100,
            "주거총점":72.0,
            "지역구공급총점":0.0,
            "역세권":0,
            "30분내 이동가능 거점":20,
            "1시간내 이동가능 거점":90,
            "교통총점":24.0,
            "백화점":0,
            "아울렛몰":100,
            "대형마트":0,
            "은행":0,
            "병원":30,
            "종합병원":100,
            "공원":0,
            "혐오시설":0,
            "인프라총점":33.0,
            "초등학군":90.0,
            "중학군":51.44,
            "학군총점":59.152,
            "인구수":31.62,
            "인구증감":67.08,
            "인구총점":42.258,
            "일자리":11.1,
            "소득수준":50.98,
            "일자리총점":23.064,
            "가치 총점":41.5728,
            "매매실거래년":"18000101",
            "매매실거래가":null,
            "전세실거래년":null,
            "전세실거래가":null,
            "전세가율":null,
            "장기전세가율평균":67.74,
            "전세가율거품지수":null,
            "검색코드":136150,
            "세대수":684.0,
            "준공년월":"2021-05-01",
            "준공년차":2.0,
            "가까운역이름":"마천",
            "가까운역거리":1947.23,
            "역세권여부":"비역세권",
            "30분이내주요거점역":1,
            "1시간이내주요거점역":9,
            "3km이내백화점수":0,
            "5km이내아울렛몰수":2,
            "1km이내대형먀트수":0,
            "500m이내은행수":0,
            "500m이내병원수":5,
            "5km이내대형병원수":5,
            "500m이내공원수":0,
            "3km이내혐오시설수":0,
            "초등학교학업성취도":90.0,
            "중학교학업성취도":83.6,
            "용적률":149,
            "건폐율":14,
            "Y":37.512116,
            "X":127.157389,
            "rank":22.0,
            "area_info":"31평(103.22), 35평(116.97)",
            "last_sales":"1800-01-01,nan,31평(103.22)"
        },
        {
            "index":229,
            "아파트명":"미사강변도시12단지",
            "투자타입":"일반",
            "전용면적(m2)":"98.51",
            "전용면적(평)":"29평",
            "법정동주소":"경기도 하남시 망월동 946",
            "도로명주소":"경기도 하남시 미사강변동로 177",
            "세대수":50,
            "입주년차":80,
            "용적률점수":"--",
            "건폐율점수":"--",
            "세대당주차수":30,
            "난방방식":100,
            "공급면적":"--",
            "전용률":"--",
            "욕실수":100,
            "현관타입":100,
            "주거총점":68.0,
            "지역구공급총점":0.0,
            "역세권":0,
            "30분내 이동가능 거점":20,
            "1시간내 이동가능 거점":70,
            "교통총점":20.0,
            "백화점":0,
            "아울렛몰":0,
            "대형마트":100,
            "은행":0,
            "병원":80,
            "종합병원":80,
            "공원":0,
            "혐오시설":0,
            "인프라총점":39.0,
            "초등학군":87.66,
            "중학군":54.3,
            "학군총점":60.972,
            "인구수":31.62,
            "인구증감":67.08,
            "인구총점":42.258,
            "일자리":11.1,
            "소득수준":50.98,
            "일자리총점":23.064,
            "가치 총점":41.4458,
            "매매실거래년":20220110.0,
            "매매실거래가":87000.0,
            "전세실거래년":20211227.0,
            "전세실거래가":58000.0,
            "전세가율":66.67,
            "장기전세가율평균":67.74,
            "전세가율거품지수":1.07,
            "검색코드":143074,
            "세대수":664.0,
            "준공년월":"2015-07-14",
            "준공년차":8.0,
            "가까운역이름":"상일동",
            "가까운역거리":2503.5,
            "역세권여부":"비역세권",
            "30분이내주요거점역":1,
            "1시간이내주요거점역":7,
            "3km이내백화점수":0,
            "5km이내아울렛몰수":0,
            "1km이내대형먀트수":2,
            "500m이내은행수":1,
            "500m이내병원수":38,
            "5km이내대형병원수":1,
            "500m이내공원수":0,
            "3km이내혐오시설수":0,
            "초등학교학업성취도":87.66,
            "중학교학업성취도":90.5,
            "용적률":218,
            "건폐율":20,
            "Y":37.571112,
            "X":127.188251,
            "rank":23.0,
            "area_info":"29평(98.51), 33평(111.61), 33평(111.41)",
            "last_sales":"2022-01-10,87000.0,29평(98.51)"
        },
        {
            "index":493,
            "아파트명":"하남힐즈파크푸르지오2단지",
            "투자타입":"일반",
            "전용면적(m2)":"80.67",
            "전용면적(평)":"24평",
            "법정동주소":"경기도 하남시 풍산동 626",
            "도로명주소":"경기도 하남시 세미로1길 11",
            "세대수":50,
            "입주년차":80,
            "용적률점수":"--",
            "건폐율점수":"--",
            "세대당주차수":60,
            "난방방식":100,
            "공급면적":"--",
            "전용률":"--",
            "욕실수":100,
            "현관타입":100,
            "주거총점":72.5,
            "지역구공급총점":0.0,
            "역세권":0,
            "30분내 이동가능 거점":0,
            "1시간내 이동가능 거점":40,
            "교통총점":8.0,
            "백화점":100,
            "아울렛몰":0,
            "대형마트":0,
            "은행":0,
            "병원":10,
            "종합병원":100,
            "공원":100,
            "혐오시설":0,
            "인프라총점":54.0,
            "초등학군":87.79,
            "중학군":43.66,
            "학군총점":52.486,
            "인구수":31.62,
            "인구증감":67.08,
            "인구총점":42.258,
            "일자리":11.1,
            "소득수준":50.98,
            "일자리총점":23.064,
            "가치 총점":41.3729,
            "매매실거래년":20211020.0,
            "매매실거래가":96400.0,
            "전세실거래년":20211221.0,
            "전세실거래가":50000.0,
            "전세가율":56.82,
            "장기전세가율평균":67.74,
            "전세가율거품지수":10.92,
            "검색코드":114092,
            "세대수":456.0,
            "준공년월":"2018-09-28",
            "준공년차":5.0,
            "가까운역이름":"상일동",
            "가까운역거리":2904.25,
            "역세권여부":"비역세권",
            "30분이내주요거점역":0,
            "1시간이내주요거점역":4,
            "3km이내백화점수":1,
            "5km이내아울렛몰수":0,
            "1km이내대형먀트수":0,
            "500m이내은행수":0,
            "500m이내병원수":2,
            "5km이내대형병원수":2,
            "500m이내공원수":2,
            "3km이내혐오시설수":0,
            "초등학교학업성취도":87.79,
            "중학교학업성취도":72.5,
            "용적률":199,
            "건폐율":19,
            "Y":37.543713,
            "X":127.194991,
            "rank":24.0,
            "area_info":"24평(80.67), 33평(112.38), 34평(113.56)",
            "last_sales":"2021-10-20,96400.0,34평(113.56)"
        },
        {
            "index":386,
            "아파트명":"벽산블루밍더클래식",
            "투자타입":"일반",
            "전용면적(m2)":"113.43",
            "전용면적(평)":"34평",
            "법정동주소":"경기도 하남시 신장동 517",
            "도로명주소":"경기도 하남시 하남대로 770",
            "세대수":0,
            "입주년차":60,
            "용적률점수":"--",
            "건폐율점수":"--",
            "세대당주차수":0,
            "난방방식":30,
            "공급면적":"--",
            "전용률":"--",
            "욕실수":100,
            "현관타입":100,
            "주거총점":35.0,
            "지역구공급총점":0.0,
            "역세권":0,
            "30분내 이동가능 거점":0,
            "1시간내 이동가능 거점":50,
            "교통총점":10.0,
            "백화점":100,
            "아울렛몰":0,
            "대형마트":80,
            "은행":100,
            "병원":80,
            "종합병원":80,
            "공원":100,
            "혐오시설":0,
            "인프라총점":79.0,
            "초등학군":90.63,
            "중학군":35.76,
            "학군총점":46.734,
            "인구수":31.62,
            "인구증감":67.08,
            "인구총점":42.258,
            "일자리":11.1,
            "소득수준":50.98,
            "일자리총점":23.064,
            "가치 총점":41.2101,
            "매매실거래년":20161230.0,
            "매매실거래가":37000.0,
            "전세실거래년":20201209.0,
            "전세실거래가":29400.0,
            "전세가율":83.29,
            "장기전세가율평균":67.74,
            "전세가율거품지수":-15.55,
            "검색코드":101349,
            "세대수":220.0,
            "준공년월":"2010-08-01",
            "준공년차":13.0,
            "가까운역이름":"팔당",
            "가까운역거리":2991.46,
            "역세권여부":"비역세권",
            "30분이내주요거점역":0,
            "1시간이내주요거점역":5,
            "3km이내백화점수":1,
            "5km이내아울렛몰수":0,
            "1km이내대형먀트수":1,
            "500m이내은행수":5,
            "500m이내병원수":32,
            "5km이내대형병원수":1,
            "500m이내공원수":4,
            "3km이내혐오시설수":0,
            "초등학교학업성취도":90.63,
            "중학교학업성취도":59.6,
            "용적률":0,
            "건폐율":0,
            "Y":37.539844,
            "X":127.211364,
            "rank":25.0,
            "area_info":"34평(113.43), 34평(115.12), 35평(116.58), 35평(116.58), 38평(126.89), 38평(126.87)",
            "last_sales":"2016-12-30,37000.0,38평(126.89)"
        },
        {
            "index":532,
            "아파트명":"플로리체위례",
            "투자타입":"일반",
            "전용면적(m2)":"124.73",
            "전용면적(평)":"37평",
            "법정동주소":"경기도 하남시 학암동 671",
            "도로명주소":"경기도 하남시 위례중앙로 185",
            "세대수":90,
            "입주년차":80,
            "용적률점수":"--",
            "건폐율점수":"--",
            "세대당주차수":60,
            "난방방식":100,
            "공급면적":"--",
            "전용률":"--",
            "욕실수":100,
            "현관타입":100,
            "주거총점":86.5,
            "지역구공급총점":0.0,
            "역세권":0,
            "30분내 이동가능 거점":20,
            "1시간내 이동가능 거점":60,
            "교통총점":18.0,
            "백화점":0,
            "아울렛몰":80,
            "대형마트":0,
            "은행":0,
            "병원":0,
            "종합병원":100,
            "공원":0,
            "혐오시설":0,
            "인프라총점":28.0,
            "초등학군":93.39,
            "중학군":51.44,
            "학군총점":59.83,
            "인구수":31.62,
            "인구증감":67.08,
            "인구총점":42.258,
            "일자리":11.1,
            "소득수준":50.98,
            "일자리총점":23.064,
            "가치 총점":40.9745,
            "매매실거래년":20211216.0,
            "매매실거래가":165000.0,
            "전세실거래년":20211228.0,
            "전세실거래가":65600.0,
            "전세가율":40.0,
            "장기전세가율평균":67.74,
            "전세가율거품지수":27.74,
            "검색코드":107022,
            "세대수":970.0,
            "준공년월":"2015-10-30",
            "준공년차":8.0,
            "가까운역이름":"거여",
            "가까운역거리":2012.97,
            "역세권여부":"비역세권",
            "30분이내주요거점역":1,
            "1시간이내주요거점역":6,
            "3km이내백화점수":0,
            "5km이내아울렛몰수":1,
            "1km이내대형먀트수":0,
            "500m이내은행수":0,
            "500m이내병원수":0,
            "5km이내대형병원수":4,
            "500m이내공원수":0,
            "3km이내혐오시설수":0,
            "초등학교학업성취도":93.39,
            "중학교학업성취도":83.6,
            "용적률":218,
            "건폐율":19,
            "Y":37.475396,
            "X":127.148884,
            "rank":26.0,
            "area_info":"37평(124.73), 37평(124.08), 37평(124.39), 37평(125.22), 39평(132.19)",
            "last_sales":"2021-12-16,165000.0,39평(132.19)"
        },
        {
            "index":5,
            "아파트명":"감일에코앤e편한세상",
            "투자타입":"일반",
            "전용면적(m2)":"100.58",
            "전용면적(평)":"30평",
            "법정동주소":"경기도 하남시 감이동 감일지구 공공주택지구내 B9블록",
            "도로명주소":"경기도 하남시 감일중앙로 20",
            "세대수":80,
            "입주년차":100,
            "용적률점수":"--",
            "건폐율점수":"--",
            "세대당주차수":60,
            "난방방식":100,
            "공급면적":"--",
            "전용률":"--",
            "욕실수":100,
            "현관타입":100,
            "주거총점":87.0,
            "지역구공급총점":0.0,
            "역세권":0,
            "30분내 이동가능 거점":20,
            "1시간내 이동가능 거점":50,
            "교통총점":16.0,
            "백화점":0,
            "아울렛몰":100,
            "대형마트":0,
            "은행":0,
            "병원":0,
            "종합병원":100,
            "공원":0,
            "혐오시설":0,
            "인프라총점":30.0,
            "초등학군":90.0,
            "중학군":51.44,
            "학군총점":59.152,
            "인구수":31.62,
            "인구증감":67.08,
            "인구총점":42.258,
            "일자리":11.1,
            "소득수준":50.98,
            "일자리총점":23.064,
            "가치 총점":40.8728,
            "매매실거래년":20211203.0,
            "매매실거래가":90000.0,
            "전세실거래년":null,
            "전세실거래가":null,
            "전세가율":null,
            "장기전세가율평균":67.74,
            "전세가율거품지수":null,
            "검색코드":125937,
            "세대수":866.0,
            "준공년월":"2021-10-01",
            "준공년차":2.0,
            "가까운역이름":"마천",
            "가까운역거리":1060.37,
            "역세권여부":"비역세권",
            "30분이내주요거점역":1,
            "1시간이내주요거점역":5,
            "3km이내백화점수":0,
            "5km이내아울렛몰수":2,
            "1km이내대형먀트수":0,
            "500m이내은행수":0,
            "500m이내병원수":0,
            "5km이내대형병원수":4,
            "500m이내공원수":0,
            "3km이내혐오시설수":0,
            "초등학교학업성취도":90.0,
            "중학교학업성취도":83.6,
            "용적률":0,
            "건폐율":0,
            "Y":37.504526,
            "X":127.152711,
            "rank":27.0,
            "area_info":"30평(100.58), 30평(102.38), 33평(109.63), 34평(112.45)",
            "last_sales":"2021-12-03,90000.0,33평(109.63)"
        },
        {
            "index":434,
            "아파트명":"하남유니온시티에일린의뜰",
            "투자타입":"일반",
            "전용면적(m2)":"98.69",
            "전용면적(평)":"29평",
            "법정동주소":"경기도 하남시 신장동 602",
            "도로명주소":"경기도 하남시 하남유니온로 70",
            "세대수":80,
            "입주년차":80,
            "용적률점수":"--",
            "건폐율점수":"--",
            "세대당주차수":30,
            "난방방식":100,
            "공급면적":"--",
            "전용률":"--",
            "욕실수":100,
            "현관타입":100,
            "주거총점":78.5,
            "지역구공급총점":0.0,
            "역세권":0,
            "30분내 이동가능 거점":0,
            "1시간내 이동가능 거점":20,
            "교통총점":4.0,
            "백화점":100,
            "아울렛몰":0,
            "대형마트":80,
            "은행":0,
            "병원":60,
            "종합병원":0,
            "공원":100,
            "혐오시설":0,
            "인프라총점":51.0,
            "초등학군":88.77,
            "중학군":47.38,
            "학군총점":55.658,
            "인구수":31.62,
            "인구증감":67.08,
            "인구총점":42.258,
            "일자리":11.1,
            "소득수준":50.98,
            "일자리총점":23.064,
            "가치 총점":40.7487,
            "매매실거래년":20211223.0,
            "매매실거래가":119000.0,
            "전세실거래년":20211228.0,
            "전세실거래가":63000.0,
            "전세가율":67.02,
            "장기전세가율평균":67.74,
            "전세가율거품지수":0.72,
            "검색코드":110547,
            "세대수":754.0,
            "준공년월":"2017-08-18",
            "준공년차":6.0,
            "가까운역이름":"팔당",
            "가까운역거리":2238.51,
            "역세권여부":"비역세권",
            "30분이내주요거점역":0,
            "1시간이내주요거점역":2,
            "3km이내백화점수":1,
            "5km이내아울렛몰수":0,
            "1km이내대형먀트수":1,
            "500m이내은행수":1,
            "500m이내병원수":16,
            "5km이내대형병원수":0,
            "500m이내공원수":2,
            "3km이내혐오시설수":0,
            "초등학교학업성취도":88.77,
            "중학교학업성취도":78.7,
            "용적률":199,
            "건폐율":16,
            "Y":37.544505,
            "X":127.218807,
            "rank":28.0,
            "area_info":"29평(98.69), 33평(111.71), 33평(112.03), 33평(112.23)",
            "last_sales":"2021-12-23,119000.0,33평(111.71)"
        },
        {
            "index":31,
            "아파트명":"힐스테이트포웰시티",
            "투자타입":"일반",
            "전용면적(m2)":"97.91",
            "전용면적(평)":"29평",
            "법정동주소":"경기도 하남시 감이동 하남감일공공주택지구 B6BL",
            "도로명주소":"경기도 하남시 감일백제로 120",
            "세대수":90,
            "입주년차":100,
            "용적률점수":"--",
            "건폐율점수":"--",
            "세대당주차수":60,
            "난방방식":100,
            "공급면적":"--",
            "전용률":"--",
            "욕실수":100,
            "현관타입":100,
            "주거총점":90.5,
            "지역구공급총점":0.0,
            "역세권":0,
            "30분내 이동가능 거점":0,
            "1시간내 이동가능 거점":50,
            "교통총점":10.0,
            "백화점":0,
            "아울렛몰":80,
            "대형마트":0,
            "은행":0,
            "병원":60,
            "종합병원":100,
            "공원":0,
            "혐오시설":0,
            "인프라총점":34.0,
            "초등학군":90.0,
            "중학군":51.44,
            "학군총점":59.152,
            "인구수":31.62,
            "인구증감":67.08,
            "인구총점":42.258,
            "일자리":11.1,
            "소득수준":50.98,
            "일자리총점":23.064,
            "가치 총점":40.6728,
            "매매실거래년":20210512.0,
            "매매실거래가":90000.0,
            "전세실거래년":null,
            "전세실거래가":null,
            "전세가율":null,
            "장기전세가율평균":67.74,
            "전세가율거품지수":null,
            "검색코드":125022,
            "세대수":932.0,
            "준공년월":"2020-11-01",
            "준공년차":3.0,
            "가까운역이름":"마천",
            "가까운역거리":1491.91,
            "역세권여부":"비역세권",
            "30분이내주요거점역":0,
            "1시간이내주요거점역":5,
            "3km이내백화점수":0,
            "5km이내아울렛몰수":1,
            "1km이내대형먀트수":0,
            "500m이내은행수":0,
            "500m이내병원수":11,
            "5km이내대형병원수":3,
            "500m이내공원수":0,
            "3km이내혐오시설수":0,
            "초등학교학업성취도":90.0,
            "중학교학업성취도":83.6,
            "용적률":219,
            "건폐율":12,
            "Y":37.506713,
            "X":127.161007,
            "rank":29.0,
            "area_info":"29평(97.91), 33평(111.25)",
            "last_sales":"2021-05-12,90000.0,33평(111.25)"
        },
        {
            "index":438,
            "아파트명":"하남유시티대명루첸리버파크",
            "투자타입":"일반",
            "전용면적(m2)":"100.51",
            "전용면적(평)":"30평",
            "법정동주소":"경기도 하남시 신장동 593",
            "도로명주소":"경기도 하남시 하남유니온로 30",
            "세대수":80,
            "입주년차":80,
            "용적률점수":"--",
            "건폐율점수":"--",
            "세대당주차수":60,
            "난방방식":100,
            "공급면적":"--",
            "전용률":"--",
            "욕실수":100,
            "현관타입":100,
            "주거총점":83.0,
            "지역구공급총점":0.0,
            "역세권":0,
            "30분내 이동가능 거점":0,
            "1시간내 이동가능 거점":20,
            "교통총점":4.0,
            "백화점":100,
            "아울렛몰":0,
            "대형마트":80,
            "은행":0,
            "병원":10,
            "종합병원":0,
            "공원":100,
            "혐오시설":0,
            "인프라총점":46.0,
            "초등학군":88.77,
            "중학군":49.44,
            "학군총점":57.306,
            "인구수":31.62,
            "인구증감":67.08,
            "인구총점":42.258,
            "일자리":11.1,
            "소득수준":50.98,
            "일자리총점":23.064,
            "가치 총점":40.3959,
            "매매실거래년":20211218.0,
            "매매실거래가":87700.0,
            "전세실거래년":20220109.0,
            "전세실거래가":42000.0,
            "전세가율":47.89,
            "장기전세가율평균":67.74,
            "전세가율거품지수":19.85,
            "검색코드":117769,
            "세대수":854.0,
            "준공년월":"2018-09-28",
            "준공년차":5.0,
            "가까운역이름":"팔당",
            "가까운역거리":2627.85,
            "역세권여부":"비역세권",
            "30분이내주요거점역":0,
            "1시간이내주요거점역":2,
            "3km이내백화점수":1,
            "5km이내아울렛몰수":0,
            "1km이내대형먀트수":1,
            "500m이내은행수":1,
            "500m이내병원수":2,
            "5km이내대형병원수":0,
            "500m이내공원수":4,
            "3km이내혐오시설수":0,
            "초등학교학업성취도":88.77,
            "중학교학업성취도":81.2,
            "용적률":199,
            "건폐율":15,
            "Y":37.545446,
            "X":127.214231,
            "rank":30.0,
            "area_info":"30평(100.51), 30평(100.83)",
            "last_sales":"2021-12-18,87700.0,30평(100.51)"
        },
        {
            "index":496,
            "아파트명":"하남힐즈파크푸르지오3단지",
            "투자타입":"일반",
            "전용면적(m2)":"128.53",
            "전용면적(평)":"38평",
            "법정동주소":"경기도 하남시 풍산동 627",
            "도로명주소":"경기도 하남시 세미로1길 30",
            "세대수":30,
            "입주년차":80,
            "용적률점수":"--",
            "건폐율점수":"--",
            "세대당주차수":80,
            "난방방식":100,
            "공급면적":"--",
            "전용률":"--",
            "욕실수":100,
            "현관타입":100,
            "주거총점":68.5,
            "지역구공급총점":0.0,
            "역세권":0,
            "30분내 이동가능 거점":0,
            "1시간내 이동가능 거점":40,
            "교통총점":8.0,
            "백화점":100,
            "아울렛몰":0,
            "대형마트":0,
            "은행":0,
            "병원":10,
            "종합병원":100,
            "공원":80,
            "혐오시설":0,
            "인프라총점":53.4,
            "초등학군":87.79,
            "중학군":43.66,
            "학군총점":52.486,
            "인구수":31.62,
            "인구증감":67.08,
            "인구총점":42.258,
            "일자리":11.1,
            "소득수준":50.98,
            "일자리총점":23.064,
            "가치 총점":40.3929,
            "매매실거래년":20211204.0,
            "매매실거래가":106000.0,
            "전세실거래년":20211220.0,
            "전세실거래가":75000.0,
            "전세가율":70.75,
            "장기전세가율평균":67.74,
            "전세가율거품지수":-3.01,
            "검색코드":114094,
            "세대수":358.0,
            "준공년월":"2018-09-28",
            "준공년차":5.0,
            "가까운역이름":"상일동",
            "가까운역거리":3020.39,
            "역세권여부":"비역세권",
            "30분이내주요거점역":0,
            "1시간이내주요거점역":4,
            "3km이내백화점수":1,
            "5km이내아울렛몰수":0,
            "1km이내대형먀트수":0,
            "500m이내은행수":0,
            "500m이내병원수":2,
            "5km이내대형병원수":2,
            "500m이내공원수":1,
            "3km이내혐오시설수":0,
            "초등학교학업성취도":87.79,
            "중학교학업성취도":72.5,
            "용적률":198,
            "건폐율":17,
            "Y":37.542008,
            "X":127.195224,
            "rank":31.0,
            "area_info":"38평(128.53), 39평(129.29), 56평(187.56)",
            "last_sales":"2021-12-04,106000.0,38평(128.53)"
        },
        {
            "index":490,
            "아파트명":"하남힐즈파크푸르지오1단지",
            "투자타입":"일반",
            "전용면적(m2)":"75.55",
            "전용면적(평)":"22평",
            "법정동주소":"경기도 하남시 풍산동 630",
            "도로명주소":"경기도 하남시 세미로1길 10",
            "세대수":50,
            "입주년차":100,
            "용적률점수":"--",
            "건폐율점수":"--",
            "세대당주차수":30,
            "난방방식":100,
            "공급면적":"--",
            "전용률":"--",
            "욕실수":50,
            "현관타입":100,
            "주거총점":67.0,
            "지역구공급총점":0.0,
            "역세권":0,
            "30분내 이동가능 거점":0,
            "1시간내 이동가능 거점":40,
            "교통총점":8.0,
            "백화점":100,
            "아울렛몰":0,
            "대형마트":0,
            "은행":0,
            "병원":0,
            "종합병원":100,
            "공원":0,
            "혐오시설":0,
            "인프라총점":50.0,
            "초등학군":87.79,
            "중학군":52.52,
            "학군총점":59.574,
            "인구수":31.62,
            "인구증감":67.08,
            "인구총점":42.258,
            "일자리":11.1,
            "소득수준":50.98,
            "일자리총점":23.064,
            "가치 총점":40.1361,
            "매매실거래년":20210322.0,
            "매매실거래가":75700.0,
            "전세실거래년":20220113.0,
            "전세실거래가":45000.0,
            "전세가율":64.29,
            "장기전세가율평균":67.74,
            "전세가율거품지수":3.45,
            "검색코드":119713,
            "세대수":404.0,
            "준공년월":"2020-04-27",
            "준공년차":3.0,
            "가까운역이름":"상일동",
            "가까운역거리":2767.04,
            "역세권여부":"비역세권",
            "30분이내주요거점역":0,
            "1시간이내주요거점역":4,
            "3km이내백화점수":1,
            "5km이내아울렛몰수":0,
            "1km이내대형먀트수":0,
            "500m이내은행수":0,
            "500m이내병원수":0,
            "5km이내대형병원수":2,
            "500m이내공원수":0,
            "3km이내혐오시설수":0,
            "초등학교학업성취도":87.79,
            "중학교학업성취도":86.4,
            "용적률":199,
            "건폐율":18,
            "Y":37.543832,
            "X":127.193273,
            "rank":32.0,
            "area_info":"22평(75.55), 24평(80.79), 24평(80.51)",
            "last_sales":"2021-03-22,75700.0,24평(80.79)"
        },
        {
            "index":507,
            "아파트명":"위례그린파크푸르지오",
            "투자타입":"일반",
            "전용면적(m2)":"130.96",
            "전용면적(평)":"39평",
            "법정동주소":"경기도 하남시 학암동 673",
            "도로명주소":"경기도 하남시 위례순환로 270",
            "세대수":90,
            "입주년차":80,
            "용적률점수":"--",
            "건폐율점수":"--",
            "세대당주차수":60,
            "난방방식":100,
            "공급면적":"--",
            "전용률":"--",
            "욕실수":100,
            "현관타입":100,
            "주거총점":86.5,
            "지역구공급총점":0.0,
            "역세권":0,
            "30분내 이동가능 거점":0,
            "1시간내 이동가능 거점":80,
            "교통총점":16.0,
            "백화점":0,
            "아울렛몰":80,
            "대형마트":0,
            "은행":0,
            "병원":0,
            "종합병원":100,
            "공원":0,
            "혐오시설":0,
            "인프라총점":28.0,
            "초등학군":88.53,
            "중학군":51.44,
            "학군총점":58.858,
            "인구수":31.62,
            "인구증감":67.08,
            "인구총점":42.258,
            "일자리":11.1,
            "소득수준":50.98,
            "일자리총점":23.064,
            "가치 총점":40.1287,
            "매매실거래년":20211202.0,
            "매매실거래가":181000.0,
            "전세실거래년":20211203.0,
            "전세실거래가":80000.0,
            "전세가율":48.78,
            "장기전세가율평균":67.74,
            "전세가율거품지수":18.96,
            "검색코드":107662,
            "세대수":972.0,
            "준공년월":"2016-01-28",
            "준공년차":7.0,
            "가까운역이름":"산성",
            "가까운역거리":1923.26,
            "역세권여부":"비역세권",
            "30분이내주요거점역":0,
            "1시간이내주요거점역":8,
            "3km이내백화점수":0,
            "5km이내아울렛몰수":1,
            "1km이내대형먀트수":0,
            "500m이내은행수":0,
            "500m이내병원수":0,
            "5km이내대형병원수":4,
            "500m이내공원수":0,
            "3km이내혐오시설수":0,
            "초등학교학업성취도":88.53,
            "중학교학업성취도":83.6,
            "용적률":179,
            "건폐율":15,
            "Y":37.473877,
            "X":127.155317,
            "rank":33.0,
            "area_info":"39평(130.96), 39평(130.87), 39평(131.83), 39평(131.71), 45평(150.59), 45평(151.11)",
            "last_sales":"2021-12-02,181000.0,39평(131.71)"
        },
        {
            "index":102,
            "아파트명":"제일풍경채2단지",
            "투자타입":"일반",
            "전용면적(m2)":"132.33",
            "전용면적(평)":"40평",
            "법정동주소":"경기도 하남시 덕풍동 765",
            "도로명주소":"경기도 하남시 덕풍북로71번길 29",
            "세대수":0,
            "입주년차":40,
            "용적률점수":"--",
            "건폐율점수":"--",
            "세대당주차수":80,
            "난방방식":30,
            "공급면적":"--",
            "전용률":"--",
            "욕실수":100,
            "현관타입":100,
            "주거총점":43.0,
            "지역구공급총점":0.0,
            "역세권":0,
            "30분내 이동가능 거점":0,
            "1시간내 이동가능 거점":40,
            "교통총점":8.0,
            "백화점":100,
            "아울렛몰":0,
            "대형마트":80,
            "은행":0,
            "병원":10,
            "종합병원":100,
            "공원":100,
            "혐오시설":0,
            "인프라총점":66.0,
            "초등학군":86.08,
            "중학군":52.52,
            "학군총점":59.232,
            "인구수":31.62,
            "인구증감":67.08,
            "인구총점":42.258,
            "일자리":11.1,
            "소득수준":50.98,
            "일자리총점":23.064,
            "가치 총점":40.0848,
            "매매실거래년":"18000101",
            "매매실거래가":null,
            "전세실거래년":null,
            "전세실거래가":null,
            "전세가율":null,
            "장기전세가율평균":67.74,
            "전세가율거품지수":null,
            "검색코드":24206,
            "세대수":120.0,
            "준공년월":"2008-04-11",
            "준공년차":15.0,
            "가까운역이름":"상일동",
            "가까운역거리":2726.96,
            "역세권여부":"비역세권",
            "30분이내주요거점역":0,
            "1시간이내주요거점역":4,
            "3km이내백화점수":1,
            "5km이내아울렛몰수":0,
            "1km이내대형먀트수":1,
            "500m이내은행수":1,
            "500m이내병원수":2,
            "5km이내대형병원수":2,
            "500m이내공원수":4,
            "3km이내혐오시설수":0,
            "초등학교학업성취도":86.08,
            "중학교학업성취도":86.4,
            "용적률":99,
            "건폐율":34,
            "Y":37.553061,
            "X":127.197007,
            "rank":34.0,
            "area_info":"40평(132.33), 42평(138.95), 50평(165.33)",
            "last_sales":"1800-01-01,nan,40평(132.33)"
        },
        {
            "index":186,
            "아파트명":"하남풍산아이파크1단지",
            "투자타입":"일반",
            "전용면적(m2)":"109.7",
            "전용면적(평)":"33평",
            "법정동주소":"경기도 하남시 덕풍동 823",
            "도로명주소":"경기도 하남시 덕풍남로 11",
            "세대수":50,
            "입주년차":40,
            "용적률점수":"--",
            "건폐율점수":"--",
            "세대당주차수":60,
            "난방방식":30,
            "공급면적":"--",
            "전용률":"--",
            "욕실수":100,
            "현관타입":100,
            "주거총점":57.5,
            "지역구공급총점":0.0,
            "역세권":0,
            "30분내 이동가능 거점":0,
            "1시간내 이동가능 거점":30,
            "교통총점":6.0,
            "백화점":100,
            "아울렛몰":0,
            "대형마트":100,
            "은행":0,
            "병원":10,
            "종합병원":80,
            "공원":100,
            "혐오시설":0,
            "인프라총점":65.0,
            "초등학군":86.66,
            "중학군":35.76,
            "학군총점":45.94,
            "인구수":31.62,
            "인구증감":67.08,
            "인구총점":42.258,
            "일자리":11.1,
            "소득수준":50.98,
            "일자리총점":23.064,
            "가치 총점":39.991,
            "매매실거래년":20211005.0,
            "매매실거래가":102000.0,
            "전세실거래년":20220110.0,
            "전세실거래가":40950.0,
            "전세가율":40.15,
            "장기전세가율평균":67.74,
            "전세가율거품지수":27.59,
            "검색코드":25270,
            "세대수":686.0,
            "준공년월":"2008-07-18",
            "준공년차":15.0,
            "가까운역이름":"팔당",
            "가까운역거리":3110.82,
            "역세권여부":"비역세권",
            "30분이내주요거점역":0,
            "1시간이내주요거점역":3,
            "3km이내백화점수":1,
            "5km이내아울렛몰수":0,
            "1km이내대형먀트수":2,
            "500m이내은행수":0,
            "500m이내병원수":2,
            "5km이내대형병원수":1,
            "500m이내공원수":5,
            "3km이내혐오시설수":0,
            "초등학교학업성취도":86.66,
            "중학교학업성취도":59.6,
            "용적률":179,
            "건폐율":20,
            "Y":37.546067,
            "X":127.208692,
            "rank":35.0,
            "area_info":"33평(109.7), 33평(111.59), 33평(112.17), 33평(112.19), 33평(112.38), 38평(128.34), 40평(134.22)",
            "last_sales":"2021-10-05,102000.0,33평(109.7)"
        },
        {
            "index":198,
            "아파트명":"하남한솔솔파크",
            "투자타입":"일반",
            "전용면적(m2)":"109.67",
            "전용면적(평)":"33평",
            "법정동주소":"경기도 하남시 덕풍동 692",
            "도로명주소":"경기도 하남시 하남대로887번길 25",
            "세대수":50,
            "입주년차":40,
            "용적률점수":"--",
            "건폐율점수":"--",
            "세대당주차수":30,
            "난방방식":30,
            "공급면적":"--",
            "전용률":"--",
            "욕실수":100,
            "현관타입":100,
            "주거총점":53.0,
            "지역구공급총점":0.0,
            "역세권":0,
            "30분내 이동가능 거점":0,
            "1시간내 이동가능 거점":50,
            "교통총점":10.0,
            "백화점":100,
            "아울렛몰":0,
            "대형마트":0,
            "은행":20,
            "병원":80,
            "종합병원":100,
            "공원":100,
            "혐오시설":0,
            "인프라총점":63.0,
            "초등학군":87.79,
            "중학군":35.76,
            "학군총점":46.166,
            "인구수":31.62,
            "인구증감":67.08,
            "인구총점":42.258,
            "일자리":11.1,
            "소득수준":50.98,
            "일자리총점":23.064,
            "가치 총점":39.9249,
            "매매실거래년":20211121.0,
            "매매실거래가":86000.0,
            "전세실거래년":20220104.0,
            "전세실거래가":34650.0,
            "전세가율":40.29,
            "장기전세가율평균":67.74,
            "전세가율거품지수":27.45,
            "검색코드":10204,
            "세대수":616.0,
            "준공년월":"2006-06-15",
            "준공년차":17.0,
            "가까운역이름":"상일동",
            "가까운역거리":3425.77,
            "역세권여부":"비역세권",
            "30분이내주요거점역":0,
            "1시간이내주요거점역":5,
            "3km이내백화점수":1,
            "5km이내아울렛몰수":0,
            "1km이내대형먀트수":0,
            "500m이내은행수":2,
            "500m이내병원수":36,
            "5km이내대형병원수":2,
            "500m이내공원수":3,
            "3km이내혐오시설수":0,
            "초등학교학업성취도":87.79,
            "중학교학업성취도":59.6,
            "용적률":307,
            "건폐율":20,
            "Y":37.5433,
            "X":127.201401,
            "rank":36.0,
            "area_info":"33평(109.67), 44평(145.56)",
            "last_sales":"2021-11-21,86000.0,33평(109.67)"
        },
        {
            "index":293,
            "아파트명":"미사강변한신휴플러스",
            "투자타입":"일반",
            "전용면적(m2)":"98.9",
            "전용면적(평)":"29평",
            "법정동주소":"경기도 하남시 망월동 904",
            "도로명주소":"경기도 하남시 미사강변한강로 170",
            "세대수":80,
            "입주년차":80,
            "용적률점수":"--",
            "건폐율점수":"--",
            "세대당주차수":30,
            "난방방식":100,
            "공급면적":"--",
            "전용률":"--",
            "욕실수":100,
            "현관타입":100,
            "주거총점":78.5,
            "지역구공급총점":0.0,
            "역세권":0,
            "30분내 이동가능 거점":20,
            "1시간내 이동가능 거점":50,
            "교통총점":16.0,
            "백화점":0,
            "아울렛몰":0,
            "대형마트":100,
            "은행":0,
            "병원":0,
            "종합병원":80,
            "공원":0,
            "혐오시설":0,
            "인프라총점":31.0,
            "초등학군":87.66,
            "중학군":54.3,
            "학군총점":60.972,
            "인구수":31.62,
            "인구증감":67.08,
            "인구총점":42.258,
            "일자리":11.1,
            "소득수준":50.98,
            "일자리총점":23.064,
            "가치 총점":39.7458,
            "매매실거래년":20220110.0,
            "매매실거래가":64000.0,
            "전세실거래년":20220113.0,
            "전세실거래가":57000.0,
            "전세가율":67.06,
            "장기전세가율평균":67.74,
            "전세가율거품지수":0.68,
            "검색코드":106199,
            "세대수":763.0,
            "준공년월":"2015-01-16",
            "준공년차":8.0,
            "가까운역이름":"덕소",
            "가까운역거리":2030.05,
            "역세권여부":"비역세권",
            "30분이내주요거점역":1,
            "1시간이내주요거점역":5,
            "3km이내백화점수":0,
            "5km이내아울렛몰수":0,
            "1km이내대형먀트수":2,
            "500m이내은행수":0,
            "500m이내병원수":0,
            "5km이내대형병원수":1,
            "500m이내공원수":0,
            "3km이내혐오시설수":0,
            "초등학교학업성취도":87.66,
            "중학교학업성취도":90.5,
            "용적률":217,
            "건폐율":21,
            "Y":37.574364,
            "X":127.191944,
            "rank":37.0,
            "area_info":"29평(98.9), 29평(98.9), 34평(112.65), 34평(112.57), 33평(112.3), 34평(112.62), 34평(112.65), 34평(112.62)",
            "last_sales":"2022-01-10,64000.0,34평(112.57)"
        },
        {
            "index":416,
            "아파트명":"에코타운3단지",
            "투자타입":"일반",
            "전용면적(m2)":"125.89",
            "전용면적(평)":"38평",
            "법정동주소":"경기도 하남시 신장동 560",
            "도로명주소":"경기도 하남시 하남대로802번길 111",
            "세대수":50,
            "입주년차":40,
            "용적률점수":"--",
            "건폐율점수":"--",
            "세대당주차수":60,
            "난방방식":30,
            "공급면적":"--",
            "전용률":"--",
            "욕실수":100,
            "현관타입":100,
            "주거총점":57.5,
            "지역구공급총점":0.0,
            "역세권":0,
            "30분내 이동가능 거점":0,
            "1시간내 이동가능 거점":30,
            "교통총점":6.0,
            "백화점":100,
            "아울렛몰":0,
            "대형마트":80,
            "은행":70,
            "병원":60,
            "종합병원":0,
            "공원":100,
            "혐오시설":0,
            "인프라총점":58.0,
            "초등학군":88.77,
            "중학군":49.44,
            "학군총점":57.306,
            "인구수":31.62,
            "인구증감":67.08,
            "인구총점":42.258,
            "일자리":11.1,
            "소득수준":50.98,
            "일자리총점":23.064,
            "가치 총점":39.5959,
            "매매실거래년":20210806.0,
            "매매실거래가":109700.0,
            "전세실거래년":null,
            "전세실거래가":null,
            "전세가율":null,
            "장기전세가율평균":67.74,
            "전세가율거품지수":null,
            "검색코드":26461,
            "세대수":594.0,
            "준공년월":"2004-11-18",
            "준공년차":19.0,
            "가까운역이름":"팔당",
            "가까운역거리":2620.12,
            "역세권여부":"비역세권",
            "30분이내주요거점역":0,
            "1시간이내주요거점역":3,
            "3km이내백화점수":1,
            "5km이내아울렛몰수":0,
            "1km이내대형먀트수":1,
            "500m이내은행수":4,
            "500m이내병원수":22,
            "5km이내대형병원수":0,
            "500m이내공원수":4,
            "3km이내혐오시설수":0,
            "초등학교학업성취도":88.77,
            "중학교학업성취도":81.2,
            "용적률":254,
            "건폐율":14,
            "Y":37.542696,
            "X":127.214811,
            "rank":38.0,
            "area_info":"38평(125.89), 38평(126.51), 38평(128.02), 39평(131.37), 47평(156.94), 47평(156.94), 47평(156.94), 47평(158.66)",
            "last_sales":"2021-08-06,109700.0,47평(158.66)"
        },
        {
            "index":451,
            "아파트명":"은행",
            "투자타입":"일반",
            "전용면적(m2)":"124.46",
            "전용면적(평)":"37평",
            "법정동주소":"경기도 하남시 창우동 520",
            "도로명주소":"경기도 하남시 대청로116번길 30",
            "세대수":90,
            "입주년차":0,
            "용적률점수":"--",
            "건폐율점수":"--",
            "세대당주차수":30,
            "난방방식":30,
            "공급면적":"--",
            "전용률":"--",
            "욕실수":100,
            "현관타입":100,
            "주거총점":59.0,
            "지역구공급총점":0.0,
            "역세권":0,
            "30분내 이동가능 거점":0,
            "1시간내 이동가능 거점":50,
            "교통총점":10.0,
            "백화점":100,
            "아울렛몰":0,
            "대형마트":80,
            "은행":0,
            "병원":60,
            "종합병원":0,
            "공원":100,
            "혐오시설":0,
            "인프라총점":51.0,
            "초등학군":90.88,
            "중학군":51.88,
            "학군총점":59.68,
            "인구수":31.62,
            "인구증감":67.08,
            "인구총점":42.258,
            "일자리":11.1,
            "소득수준":50.98,
            "일자리총점":23.064,
            "가치 총점":39.552,
            "매매실거래년":20220108.0,
            "매매실거래가":107000.0,
            "전세실거래년":20220115.0,
            "전세실거래가":60000.0,
            "전세가율":84.51,
            "장기전세가율평균":67.74,
            "전세가율거품지수":-16.77,
            "검색코드":2156,
            "세대수":1360.0,
            "준공년월":"1994-05-30",
            "준공년차":29.0,
            "가까운역이름":"팔당",
            "가까운역거리":2117.44,
            "역세권여부":"비역세권",
            "30분이내주요거점역":0,
            "1시간이내주요거점역":5,
            "3km이내백화점수":1,
            "5km이내아울렛몰수":0,
            "1km이내대형먀트수":1,
            "500m이내은행수":1,
            "500m이내병원수":12,
            "5km이내대형병원수":0,
            "500m이내공원수":6,
            "3km이내혐오시설수":0,
            "초등학교학업성취도":90.88,
            "중학교학업성취도":85.8,
            "용적률":219,
            "건폐율":18,
            "Y":37.538618,
            "X":127.22261,
            "rank":39.0,
            "area_info":"37평(124.46), 37평(124.46), 48평(158.97), 48평(158.94)",
            "last_sales":"2022-01-08,107000.0,48평(158.94)"
        },
        {
            "index":147,
            "아파트명":"하남자이",
            "투자타입":"일반",
            "전용면적(m2)":"78.54",
            "전용면적(평)":"23평",
            "법정동주소":"경기도 하남시 덕풍동 691",
            "도로명주소":"경기도 하남시 덕풍공원로 38",
            "세대수":80,
            "입주년차":40,
            "용적률점수":"--",
            "건폐율점수":"--",
            "세대당주차수":30,
            "난방방식":30,
            "공급면적":"--",
            "전용률":"--",
            "욕실수":100,
            "현관타입":100,
            "주거총점":63.5,
            "지역구공급총점":0.0,
            "역세권":0,
            "30분내 이동가능 거점":0,
            "1시간내 이동가능 거점":20,
            "교통총점":4.0,
            "백화점":100,
            "아울렛몰":0,
            "대형마트":0,
            "은행":0,
            "병원":60,
            "종합병원":100,
            "공원":80,
            "혐오시설":0,
            "인프라총점":58.4,
            "초등학군":87.79,
            "중학군":43.66,
            "학군총점":52.486,
            "인구수":31.62,
            "인구증감":67.08,
            "인구총점":42.258,
            "일자리":11.1,
            "소득수준":50.98,
            "일자리총점":23.064,
            "가치 총점":39.4929,
            "매매실거래년":20211028.0,
            "매매실거래가":85500.0,
            "전세실거래년":20211204.0,
            "전세실거래가":29400.0,
            "전세가율":45.23,
            "장기전세가율평균":67.74,
            "전세가율거품지수":22.51,
            "검색코드":19152,
            "세대수":875.0,
            "준공년월":"2006-04-14",
            "준공년차":17.0,
            "가까운역이름":"상일동",
            "가까운역거리":3236.24,
            "역세권여부":"비역세권",
            "30분이내주요거점역":0,
            "1시간이내주요거점역":2,
            "3km이내백화점수":1,
            "5km이내아울렛몰수":0,
            "1km이내대형먀트수":0,
            "500m이내은행수":0,
            "500m이내병원수":23,
            "5km이내대형병원수":2,
            "500m이내공원수":1,
            "3km이내혐오시설수":0,
            "초등학교학업성취도":87.79,
            "중학교학업성취도":72.5,
            "용적률":287,
            "건폐율":16,
            "Y":37.540201,
            "X":127.196647,
            "rank":40.0,
            "area_info":"23평(78.54), 24평(81.29), 32평(107.79), 46평(154.92)",
            "last_sales":"2021-10-28,85500.0,46평(154.92)"
        },
        {
            "index":185,
            "아파트명":"하남풍산센트레빌",
            "투자타입":"일반",
            "전용면적(m2)":"107.65",
            "전용면적(평)":"32평",
            "법정동주소":"경기도 하남시 덕풍동 747",
            "도로명주소":"경기도 하남시 덕풍동로 110",
            "세대수":0,
            "입주년차":40,
            "용적률점수":"--",
            "건폐율점수":"--",
            "세대당주차수":60,
            "난방방식":30,
            "공급면적":"--",
            "전용률":"--",
            "욕실수":100,
            "현관타입":100,
            "주거총점":40.0,
            "지역구공급총점":0.0,
            "역세권":0,
            "30분내 이동가능 거점":0,
            "1시간내 이동가능 거점":40,
            "교통총점":8.0,
            "백화점":100,
            "아울렛몰":0,
            "대형마트":80,
            "은행":0,
            "병원":60,
            "종합병원":80,
            "공원":100,
            "혐오시설":0,
            "인프라총점":67.0,
            "초등학군":86.66,
            "중학군":49.44,
            "학군총점":56.884,
            "인구수":31.62,
            "인구증감":67.08,
            "인구총점":42.258,
            "일자리":11.1,
            "소득수준":50.98,
            "일자리총점":23.064,
            "가치 총점":39.4326,
            "매매실거래년":20211127.0,
            "매매실거래가":94500.0,
            "전세실거래년":20211228.0,
            "전세실거래가":60000.0,
            "전세가율":63.49,
            "장기전세가율평균":67.74,
            "전세가율거품지수":4.25,
            "검색코드":24971,
            "세대수":168.0,
            "준공년월":"2008-03-03",
            "준공년차":15.0,
            "가까운역이름":"팔당",
            "가까운역거리":3071.5,
            "역세권여부":"비역세권",
            "30분이내주요거점역":0,
            "1시간이내주요거점역":4,
            "3km이내백화점수":1,
            "5km이내아울렛몰수":0,
            "1km이내대형먀트수":1,
            "500m이내은행수":0,
            "500m이내병원수":10,
            "5km이내대형병원수":1,
            "500m이내공원수":7,
            "3km이내혐오시설수":0,
            "초등학교학업성취도":86.66,
            "중학교학업성취도":81.2,
            "용적률":179,
            "건폐율":22,
            "Y":37.550991,
            "X":127.209399,
            "rank":41.0,
            "area_info":"32평(107.65)",
            "last_sales":"2021-11-27,94500.0,32평(107.65)"
        },
        {
            "index":457,
            "아파트명":"e편한세상미사",
            "투자타입":"일반",
            "전용면적(m2)":"94.06",
            "전용면적(평)":"28평",
            "법정동주소":"경기도 하남시 풍산동 568",
            "도로명주소":"경기도 하남시 미사강변중앙로 90",
            "세대수":50,
            "입주년차":80,
            "용적률점수":"--",
            "건폐율점수":"--",
            "세대당주차수":30,
            "난방방식":100,
            "공급면적":"--",
            "전용률":"--",
            "욕실수":100,
            "현관타입":100,
            "주거총점":68.0,
            "지역구공급총점":0.0,
            "역세권":0,
            "30분내 이동가능 거점":0,
            "1시간내 이동가능 거점":20,
            "교통총점":4.0,
            "백화점":100,
            "아울렛몰":0,
            "대형마트":0,
            "은행":0,
            "병원":10,
            "종합병원":100,
            "공원":0,
            "혐오시설":0,
            "인프라총점":51.0,
            "초등학군":93.49,
            "중학군":52.52,
            "학군총점":60.714,
            "인구수":31.62,
            "인구증감":67.08,
            "인구총점":42.258,
            "일자리":11.1,
            "소득수준":50.98,
            "일자리총점":23.064,
            "가치 총점":39.4071,
            "매매실거래년":20211112.0,
            "매매실거래가":107500.0,
            "전세실거래년":20211110.0,
            "전세실거래가":30000.0,
            "전세가율":30.67,
            "장기전세가율평균":67.74,
            "전세가율거품지수":37.07,
            "검색코드":112142,
            "세대수":652.0,
            "준공년월":"2018-06-15",
            "준공년차":5.0,
            "가까운역이름":"상일동",
            "가까운역거리":2436.67,
            "역세권여부":"비역세권",
            "30분이내주요거점역":0,
            "1시간이내주요거점역":2,
            "3km이내백화점수":1,
            "5km이내아울렛몰수":0,
            "1km이내대형먀트수":0,
            "500m이내은행수":1,
            "500m이내병원수":4,
            "5km이내대형병원수":2,
            "500m이내공원수":0,
            "3km이내혐오시설수":0,
            "초등학교학업성취도":93.49,
            "중학교학업성취도":86.4,
            "용적률":209,
            "건폐율":13,
            "Y":37.555005,
            "X":127.193975,
            "rank":42.0,
            "area_info":"28평(94.06), 34평(112.93)",
            "last_sales":"2021-11-12,107500.0,34평(112.93)"
        },
        {
            "index":110,
            "아파트명":"태석하남풍산메트하임",
            "투자타입":"일반",
            "전용면적(m2)":"64.51",
            "전용면적(평)":"19평",
            "법정동주소":"경기도 하남시 덕풍동 741-2",
            "도로명주소":"경기도 하남시 덕풍동로 123",
            "세대수":0,
            "입주년차":100,
            "용적률점수":"--",
            "건폐율점수":"--",
            "세대당주차수":0,
            "난방방식":30,
            "공급면적":"--",
            "전용률":"--",
            "욕실수":50,
            "현관타입":100,
            "주거총점":38.0,
            "지역구공급총점":0.0,
            "역세권":0,
            "30분내 이동가능 거점":0,
            "1시간내 이동가능 거점":40,
            "교통총점":8.0,
            "백화점":100,
            "아울렛몰":0,
            "대형마트":80,
            "은행":0,
            "병원":60,
            "종합병원":80,
            "공원":100,
            "혐오시설":0,
            "인프라총점":67.0,
            "초등학군":86.66,
            "중학군":52.52,
            "학군총점":59.348,
            "인구수":31.62,
            "인구증감":67.08,
            "인구총점":42.258,
            "일자리":11.1,
            "소득수준":50.98,
            "일자리총점":23.064,
            "가치 총점":39.4022,
            "매매실거래년":"18000101",
            "매매실거래가":null,
            "전세실거래년":null,
            "전세실거래가":null,
            "전세가율":null,
            "장기전세가율평균":67.74,
            "전세가율거품지수":null,
            "검색코드":120969,
            "세대수":168.0,
            "준공년월":"2019-06-11",
            "준공년차":4.0,
            "가까운역이름":"팔당",
            "가까운역거리":3133.03,
            "역세권여부":"비역세권",
            "30분이내주요거점역":0,
            "1시간이내주요거점역":4,
            "3km이내백화점수":1,
            "5km이내아울렛몰수":0,
            "1km이내대형먀트수":1,
            "500m이내은행수":0,
            "500m이내병원수":10,
            "5km이내대형병원수":1,
            "500m이내공원수":5,
            "3km이내혐오시설수":0,
            "초등학교학업성취도":86.66,
            "중학교학업성취도":86.4,
            "용적률":602,
            "건폐율":71,
            "Y":37.552321,
            "X":127.208953,
            "rank":43.0,
            "area_info":"19평(64.51), 24평(81.96), 31평(105.29)",
            "last_sales":"1800-01-01,nan,19평(64.51)"
        },
        {
            "index":12,
            "아파트명":"더샵포웰시티",
            "투자타입":"일반",
            "전용면적(m2)":"116.47",
            "전용면적(평)":"35평",
            "법정동주소":"경기도 하남시 감이동 491",
            "도로명주소":"경기도 하남시 감일백제로 70",
            "세대수":80,
            "입주년차":100,
            "용적률점수":"--",
            "건폐율점수":"--",
            "세대당주차수":60,
            "난방방식":100,
            "공급면적":"--",
            "전용률":"--",
            "욕실수":100,
            "현관타입":100,
            "주거총점":87.0,
            "지역구공급총점":0.0,
            "역세권":0,
            "30분내 이동가능 거점":0,
            "1시간내 이동가능 거점":50,
            "교통총점":10.0,
            "백화점":0,
            "아울렛몰":80,
            "대형마트":0,
            "은행":0,
            "병원":30,
            "종합병원":100,
            "공원":0,
            "혐오시설":0,
            "인프라총점":31.0,
            "초등학군":100.0,
            "중학군":51.44,
            "학군총점":61.152,
            "인구수":31.62,
            "인구증감":67.08,
            "인구총점":42.258,
            "일자리":11.1,
            "소득수준":50.98,
            "일자리총점":23.064,
            "가치 총점":39.3728,
            "매매실거래년":20211105.0,
            "매매실거래가":127000.0,
            "전세실거래년":20211201.0,
            "전세실거래가":70000.0,
            "전세가율":null,
            "장기전세가율평균":67.74,
            "전세가율거품지수":null,
            "검색코드":122024,
            "세대수":881.0,
            "준공년월":"2021-01-29",
            "준공년차":2.0,
            "가까운역이름":"마천",
            "가까운역거리":1393.81,
            "역세권여부":"비역세권",
            "30분이내주요거점역":0,
            "1시간이내주요거점역":5,
            "3km이내백화점수":0,
            "5km이내아울렛몰수":1,
            "1km이내대형먀트수":0,
            "500m이내은행수":0,
            "500m이내병원수":5,
            "5km이내대형병원수":3,
            "500m이내공원수":0,
            "3km이내혐오시설수":0,
            "초등학교학업성취도":100.0,
            "중학교학업성취도":83.6,
            "용적률":217,
            "건폐율":14,
            "Y":37.502773,
            "X":127.165166,
            "rank":44.0,
            "area_info":"35평(116.47), 38평(127.73), 38평(128.02), 49평(162.77), 60평(199.96)",
            "last_sales":"2021-11-05,127000.0,38평(128.02)"
        },
        {
            "index":151,
            "아파트명":"하남푸르지오시티",
            "투자타입":"일반",
            "전용면적(m2)":"54.88",
            "전용면적(평)":"16평",
            "법정동주소":"경기도 하남시 덕풍동 741",
            "도로명주소":"경기도 하남시 덕풍동로 111-33",
            "세대수":50,
            "입주년차":60,
            "용적률점수":"--",
            "건폐율점수":"--",
            "세대당주차수":0,
            "난방방식":30,
            "공급면적":"--",
            "전용률":"--",
            "욕실수":50,
            "현관타입":10,
            "주거총점":38.5,
            "지역구공급총점":0.0,
            "역세권":0,
            "30분내 이동가능 거점":0,
            "1시간내 이동가능 거점":50,
            "교통총점":10.0,
            "백화점":100,
            "아울렛몰":0,
            "대형마트":80,
            "은행":0,
            "병원":30,
            "종합병원":80,
            "공원":100,
            "혐오시설":0,
            "인프라총점":64.0,
            "초등학군":86.66,
            "중학군":52.52,
            "학군총점":59.348,
            "인구수":31.62,
            "인구증감":67.08,
            "인구총점":42.258,
            "일자리":11.1,
            "소득수준":50.98,
            "일자리총점":23.064,
            "가치 총점":39.3022,
            "매매실거래년":20220112.0,
            "매매실거래가":12000.0,
            "전세실거래년":20211217.0,
            "전세실거래가":10400.0,
            "전세가율":86.67,
            "장기전세가율평균":67.74,
            "전세가율거품지수":-18.93,
            "검색코드":103977,
            "세대수":452.0,
            "준공년월":"2013-07-15",
            "준공년차":10.0,
            "가까운역이름":"팔당",
            "가까운역거리":3194.29,
            "역세권여부":"비역세권",
            "30분이내주요거점역":0,
            "1시간이내주요거점역":5,
            "3km이내백화점수":1,
            "5km이내아울렛몰수":0,
            "1km이내대형먀트수":1,
            "500m이내은행수":0,
            "500m이내병원수":9,
            "5km이내대형병원수":1,
            "500m이내공원수":5,
            "3km이내혐오시설수":0,
            "초등학교학업성취도":86.66,
            "중학교학업성취도":86.4,
            "용적률":627,
            "건폐율":76,
            "Y":37.552489,
            "X":127.208285,
            "rank":45.0,
            "area_info":"16평(54.88), 16평(54.88), 16평(54.88), 16평(54.88), 16평(54.89), 16평(54.89), 16평(54.89), 16평(54.89), 16평(54.87), 16평(54.88), 16평(54.88), 16평(54.87), 16평(54.88), 16평(54.89), 16평(55.46), 18평(60.53), 19평(65.68), 24평(79.6), 24평(80.08), 24평(80.82), 24평(80.9), 24평(80.9), 24평(80.9), 24평(81.4), 25평(83.81), 27평(92.29), 30평(100.99), 37평(122.87), 37평(122.87), 37평(122.87), 37평(122.94), 37평(122.87), 37평(122.87), 37평(122.87)",
            "last_sales":"2022-01-12,12000.0,16평(54.88)"
        },
        {
            "index":145,
            "아파트명":"하남덕풍역파크어울림",
            "투자타입":"일반",
            "전용면적(m2)":"84.88",
            "전용면적(평)":"25평",
            "법정동주소":"경기도 하남시 덕풍동 947",
            "도로명주소":"경기도 하남시 덕풍공원로 50",
            "세대수":30,
            "입주년차":100,
            "용적률점수":"--",
            "건폐율점수":"--",
            "세대당주차수":30,
            "난방방식":30,
            "공급면적":"--",
            "전용률":"--",
            "욕실수":100,
            "현관타입":100,
            "주거총점":58.0,
            "지역구공급총점":0.0,
            "역세권":0,
            "30분내 이동가능 거점":0,
            "1시간내 이동가능 거점":20,
            "교통총점":4.0,
            "백화점":100,
            "아울렛몰":0,
            "대형마트":0,
            "은행":0,
            "병원":80,
            "종합병원":100,
            "공원":100,
            "혐오시설":0,
            "인프라총점":61.0,
            "초등학군":87.79,
            "중학군":43.66,
            "학군총점":52.486,
            "인구수":31.62,
            "인구증감":67.08,
            "인구총점":42.258,
            "일자리":11.1,
            "소득수준":50.98,
            "일자리총점":23.064,
            "가치 총점":39.1729,
            "매매실거래년":20211102.0,
            "매매실거래가":71500.0,
            "전세실거래년":20211216.0,
            "전세실거래가":37000.0,
            "전세가율":51.75,
            "장기전세가율평균":67.74,
            "전세가율거품지수":15.99,
            "검색코드":115679,
            "세대수":383.0,
            "준공년월":"2019-04-05",
            "준공년차":4.0,
            "가까운역이름":"상일동",
            "가까운역거리":3384.89,
            "역세권여부":"비역세권",
            "30분이내주요거점역":0,
            "1시간이내주요거점역":2,
            "3km이내백화점수":1,
            "5km이내아울렛몰수":0,
            "1km이내대형먀트수":0,
            "500m이내은행수":1,
            "500m이내병원수":31,
            "5km이내대형병원수":2,
            "500m이내공원수":3,
            "3km이내혐오시설수":0,
            "초등학교학업성취도":87.79,
            "중학교학업성취도":72.5,
            "용적률":249,
            "건폐율":19,
            "Y":37.53893,
            "X":127.19758,
            "rank":46.0,
            "area_info":"25평(84.88), 25평(84.65)",
            "last_sales":"2021-11-02,71500.0,25평(84.88)"
        },
        {
            "index":9,
            "아파트명":"감일한라비발디",
            "투자타입":"일반",
            "전용면적(m2)":"101.56",
            "전용면적(평)":"30평",
            "법정동주소":"경기도 하남시 감이동 530",
            "도로명주소":"경기도 하남시 감일백제로 65",
            "세대수":90,
            "입주년차":100,
            "용적률점수":"--",
            "건폐율점수":"--",
            "세대당주차수":30,
            "난방방식":100,
            "공급면적":"--",
            "전용률":"--",
            "욕실수":100,
            "현관타입":100,
            "주거총점":86.0,
            "지역구공급총점":0.0,
            "역세권":0,
            "30분내 이동가능 거점":0,
            "1시간내 이동가능 거점":50,
            "교통총점":10.0,
            "백화점":0,
            "아울렛몰":80,
            "대형마트":0,
            "은행":0,
            "병원":30,
            "종합병원":100,
            "공원":0,
            "혐오시설":0,
            "인프라총점":31.0,
            "초등학군":100.0,
            "중학군":51.44,
            "학군총점":61.152,
            "인구수":31.62,
            "인구증감":67.08,
            "인구총점":42.258,
            "일자리":11.1,
            "소득수준":50.98,
            "일자리총점":23.064,
            "가치 총점":39.1728,
            "매매실거래년":20211223.0,
            "매매실거래가":110000.0,
            "전세실거래년":20211120.0,
            "전세실거래가":60000.0,
            "전세가율":54.79,
            "장기전세가율평균":67.74,
            "전세가율거품지수":12.95,
            "검색코드":115551,
            "세대수":934.0,
            "준공년월":"2019-06-10",
            "준공년차":4.0,
            "가까운역이름":"마천",
            "가까운역거리":1162.39,
            "역세권여부":"비역세권",
            "30분이내주요거점역":0,
            "1시간이내주요거점역":5,
            "3km이내백화점수":0,
            "5km이내아울렛몰수":1,
            "1km이내대형먀트수":0,
            "500m이내은행수":0,
            "500m이내병원수":5,
            "5km이내대형병원수":3,
            "500m이내공원수":0,
            "3km이내혐오시설수":0,
            "초등학교학업성취도":100.0,
            "중학교학업성취도":83.6,
            "용적률":219,
            "건폐율":15,
            "Y":37.502458,
            "X":127.162001,
            "rank":47.0,
            "area_info":"30평(101.56), 34평(115.07), 34평(115.14)",
            "last_sales":"2021-12-23,110000.0,34평(115.14)"
        },
        {
            "index":372,
            "아파트명":"대명강변타운",
            "투자타입":"일반",
            "전용면적(m2)":"93.44",
            "전용면적(평)":"28평",
            "법정동주소":"경기도 하남시 신장동 569",
            "도로명주소":"경기도 하남시 대청로 79",
            "세대수":90,
            "입주년차":40,
            "용적률점수":"--",
            "건폐율점수":"--",
            "세대당주차수":30,
            "난방방식":30,
            "공급면적":"--",
            "전용률":"--",
            "욕실수":100,
            "현관타입":100,
            "주거총점":67.0,
            "지역구공급총점":0.0,
            "역세권":0,
            "30분내 이동가능 거점":0,
            "1시간내 이동가능 거점":30,
            "교통총점":6.0,
            "백화점":100,
            "아울렛몰":0,
            "대형마트":80,
            "은행":0,
            "병원":60,
            "종합병원":0,
            "공원":100,
            "혐오시설":0,
            "인프라총점":51.0,
            "초등학군":87.25,
            "중학군":47.38,
            "학군총점":55.354,
            "인구수":31.62,
            "인구증감":67.08,
            "인구총점":42.258,
            "일자리":11.1,
            "소득수준":50.98,
            "일자리총점":23.064,
            "가치 총점":39.1031,
            "매매실거래년":20211226.0,
            "매매실거래가":92000.0,
            "전세실거래년":20211226.0,
            "전세실거래가":43000.0,
            "전세가율":52.76,
            "장기전세가율평균":67.74,
            "전세가율거품지수":14.98,
            "검색코드":8305,
            "세대수":1369.0,
            "준공년월":"2007-08-31",
            "준공년차":16.0,
            "가까운역이름":"팔당",
            "가까운역거리":2050.96,
            "역세권여부":"비역세권",
            "30분이내주요거점역":0,
            "1시간이내주요거점역":3,
            "3km이내백화점수":1,
            "5km이내아울렛몰수":0,
            "1km이내대형먀트수":1,
            "500m이내은행수":1,
            "500m이내병원수":11,
            "5km이내대형병원수":0,
            "500m이내공원수":5,
            "3km이내혐오시설수":0,
            "초등학교학업성취도":87.25,
            "중학교학업성취도":78.7,
            "용적률":328,
            "건폐율":18,
            "Y":37.541685,
            "X":127.221809,
            "rank":48.0,
            "area_info":"28평(93.44), 33평(111.59)",
            "last_sales":"2021-12-26,92000.0,33평(111.59)"
        },
        {
            "index":424,
            "아파트명":"진도로르빌",
            "투자타입":"일반",
            "전용면적(m2)":"74.44",
            "전용면적(평)":"22평",
            "법정동주소":"경기도 하남시 신장동 427-66",
            "도로명주소":"경기도 하남시 신평로55번길 8",
            "세대수":0,
            "입주년차":20,
            "용적률점수":"--",
            "건폐율점수":"--",
            "세대당주차수":0,
            "난방방식":30,
            "공급면적":"--",
            "전용률":"--",
            "욕실수":50,
            "현관타입":100,
            "주거총점":22.0,
            "지역구공급총점":0.0,
            "역세권":0,
            "30분내 이동가능 거점":0,
            "1시간내 이동가능 거점":60,
            "교통총점":12.0,
            "백화점":100,
            "아울렛몰":0,
            "대형마트":80,
            "은행":70,
            "병원":100,
            "종합병원":80,
            "공원":0,
            "혐오시설":0,
            "인프라총점":75.0,
            "초등학군":88.27,
            "중학군":43.66,
            "학군총점":52.582,
            "인구수":31.62,
            "인구증감":67.08,
            "인구총점":42.258,
            "일자리":11.1,
            "소득수준":50.98,
            "일자리총점":23.064,
            "가치 총점":38.9873,
            "매매실거래년":20210819.0,
            "매매실거래가":55000.0,
            "전세실거래년":20211022.0,
            "전세실거래가":20000.0,
            "전세가율":49.38,
            "장기전세가율평균":67.74,
            "전세가율거품지수":18.36,
            "검색코드":11093,
            "세대수":132.0,
            "준공년월":"2003-11-20",
            "준공년차":20.0,
            "가까운역이름":"팔당",
            "가까운역거리":3591.69,
            "역세권여부":"비역세권",
            "30분이내주요거점역":0,
            "1시간이내주요거점역":6,
            "3km이내백화점수":1,
            "5km이내아울렛몰수":0,
            "1km이내대형먀트수":1,
            "500m이내은행수":4,
            "500m이내병원수":80,
            "5km이내대형병원수":1,
            "500m이내공원수":0,
            "3km이내혐오시설수":0,
            "초등학교학업성취도":88.27,
            "중학교학업성취도":72.5,
            "용적률":672,
            "건폐율":66,
            "Y":37.539074,
            "X":127.204568,
            "rank":49.0,
            "area_info":"22평(74.44), 22평(74.42), 32평(108.75), 33평(109.12)",
            "last_sales":"2021-08-19,55000.0,32평(108.75)"
        },
        {
            "index":127,
            "아파트명":"트윈렉스2",
            "투자타입":"일반",
            "전용면적(m2)":"45.05",
            "전용면적(평)":"13평",
            "법정동주소":"경기도 하남시 덕풍동 742",
            "도로명주소":"경기도 하남시 덕풍동로 111-50",
            "세대수":0,
            "입주년차":60,
            "용적률점수":"--",
            "건폐율점수":"--",
            "세대당주차수":30,
            "난방방식":30,
            "공급면적":"--",
            "전용률":"--",
            "욕실수":50,
            "현관타입":100,
            "주거총점":34.5,
            "지역구공급총점":0.0,
            "역세권":0,
            "30분내 이동가능 거점":0,
            "1시간내 이동가능 거점":40,
            "교통총점":8.0,
            "백화점":100,
            "아울렛몰":0,
            "대형마트":80,
            "은행":0,
            "병원":60,
            "종합병원":80,
            "공원":100,
            "혐오시설":0,
            "인프라총점":67.0,
            "초등학군":86.66,
            "중학군":52.52,
            "학군총점":59.348,
            "인구수":31.62,
            "인구증감":67.08,
            "인구총점":42.258,
            "일자리":11.1,
            "소득수준":50.98,
            "일자리총점":23.064,
            "가치 총점":38.7022,
            "매매실거래년":20210309.0,
            "매매실거래가":27000.0,
            "전세실거래년":null,
            "전세실거래가":null,
            "전세가율":null,
            "장기전세가율평균":67.74,
            "전세가율거품지수":null,
            "검색코드":102495,
            "세대수":115.0,
            "준공년월":"2011-09-23",
            "준공년차":12.0,
            "가까운역이름":"팔당",
            "가까운역거리":3157.04,
            "역세권여부":"비역세권",
            "30분이내주요거점역":0,
            "1시간이내주요거점역":4,
            "3km이내백화점수":1,
            "5km이내아울렛몰수":0,
            "1km이내대형먀트수":1,
            "500m이내은행수":0,
            "500m이내병원수":10,
            "5km이내대형병원수":1,
            "500m이내공원수":5,
            "3km이내혐오시설수":0,
            "초등학교학업성취도":86.66,
            "중학교학업성취도":86.4,
            "용적률":603,
            "건폐율":78,
            "Y":37.552104,
            "X":127.208629,
            "rank":50.0,
            "area_info":"13평(45.05), 14평(49.46), 20평(67.32), 20평(67.13), 20평(68.91), 20평(69.12), 21평(70.02), 27평(92.1), 31평(102.74), 32평(107.86), 35평(118.46), 42평(139.27), 45평(149.23), 45평(149.42)",
            "last_sales":"2021-03-09,27000.0,45평(149.42)"
        },
        {
            "index":59,
            "아파트명":"동원베네스트",
            "투자타입":"일반",
            "전용면적(m2)":"108.08",
            "전용면적(평)":"32평",
            "법정동주소":"경기도 하남시 덕풍동 748",
            "도로명주소":"경기도 하남시 덕풍북로 236",
            "세대수":0,
            "입주년차":40,
            "용적률점수":"--",
            "건폐율점수":"--",
            "세대당주차수":60,
            "난방방식":30,
            "공급면적":"--",
            "전용률":"--",
            "욕실수":100,
            "현관타입":100,
            "주거총점":40.0,
            "지역구공급총점":0.0,
            "역세권":0,
            "30분내 이동가능 거점":0,
            "1시간내 이동가능 거점":40,
            "교통총점":8.0,
            "백화점":100,
            "아울렛몰":0,
            "대형마트":80,
            "은행":0,
            "병원":30,
            "종합병원":80,
            "공원":100,
            "혐오시설":0,
            "인프라총점":64.0,
            "초등학군":86.66,
            "중학군":49.44,
            "학군총점":56.884,
            "인구수":31.62,
            "인구증감":67.08,
            "인구총점":42.258,
            "일자리":11.1,
            "소득수준":50.98,
            "일자리총점":23.064,
            "가치 총점":38.5326,
            "매매실거래년":20211001.0,
            "매매실거래가":92000.0,
            "전세실거래년":20211218.0,
            "전세실거래가":40950.0,
            "전세가율":44.51,
            "장기전세가율평균":67.74,
            "전세가율거품지수":23.23,
            "검색코드":24937,
            "세대수":217.0,
            "준공년월":"2008-05-01",
            "준공년차":15.0,
            "가까운역이름":"팔당",
            "가까운역거리":2928.05,
            "역세권여부":"비역세권",
            "30분이내주요거점역":0,
            "1시간이내주요거점역":4,
            "3km이내백화점수":1,
            "5km이내아울렛몰수":0,
            "1km이내대형먀트수":1,
            "500m이내은행수":0,
            "500m이내병원수":9,
            "5km이내대형병원수":1,
            "500m이내공원수":7,
            "3km이내혐오시설수":0,
            "초등학교학업성취도":86.66,
            "중학교학업성취도":81.2,
            "용적률":179,
            "건폐율":20,
            "Y":37.550236,
            "X":127.210923,
            "rank":51.0,
            "area_info":"32평(108.08)",
            "last_sales":"2021-10-01,92000.0,32평(108.08)"
        },
        {
            "index":385,
            "아파트명":"백조현대",
            "투자타입":"일반",
            "전용면적(m2)":"68.21",
            "전용면적(평)":"20평",
            "법정동주소":"경기도 하남시 신장동 528",
            "도로명주소":"경기도 하남시 대청로 62",
            "세대수":80,
            "입주년차":0,
            "용적률점수":"--",
            "건폐율점수":"--",
            "세대당주차수":0,
            "난방방식":30,
            "공급면적":"--",
            "전용률":"--",
            "욕실수":50,
            "현관타입":100,
            "주거총점":46.0,
            "지역구공급총점":0.0,
            "역세권":0,
            "30분내 이동가능 거점":0,
            "1시간내 이동가능 거점":40,
            "교통총점":8.0,
            "백화점":100,
            "아울렛몰":0,
            "대형마트":80,
            "은행":100,
            "병원":60,
            "종합병원":0,
            "공원":100,
            "혐오시설":0,
            "인프라총점":61.0,
            "초등학군":83.38,
            "중학군":47.38,
            "학군총점":54.58,
            "인구수":31.62,
            "인구증감":67.08,
            "인구총점":42.258,
            "일자리":11.1,
            "소득수준":50.98,
            "일자리총점":23.064,
            "가치 총점":38.487,
            "매매실거래년":20211204.0,
            "매매실거래가":60000.0,
            "전세실거래년":20220115.0,
            "전세실거래가":23000.0,
            "전세가율":38.33,
            "장기전세가율평균":67.74,
            "전세가율거품지수":29.41,
            "검색코드":2153,
            "세대수":880.0,
            "준공년월":"1994-07-19",
            "준공년차":29.0,
            "가까운역이름":"팔당",
            "가까운역거리":2351.0,
            "역세권여부":"비역세권",
            "30분이내주요거점역":0,
            "1시간이내주요거점역":4,
            "3km이내백화점수":1,
            "5km이내아울렛몰수":0,
            "1km이내대형먀트수":1,
            "500m이내은행수":5,
            "500m이내병원수":25,
            "5km이내대형병원수":0,
            "500m이내공원수":6,
            "3km이내혐오시설수":0,
            "초등학교학업성취도":83.38,
            "중학교학업성취도":78.7,
            "용적률":235,
            "건폐율":19,
            "Y":37.53977,
            "X":127.219056,
            "rank":52.0,
            "area_info":"20평(68.21)",
            "last_sales":"2021-12-04,60000.0,20평(68.21)"
        },
        {
            "index":21,
            "아파트명":"포웰시티푸르지오라포레",
            "투자타입":"일반",
            "전용면적(m2)":"116.26",
            "전용면적(평)":"35평",
            "법정동주소":"경기도 하남시 감이동 500",
            "도로명주소":"경기도 하남시 감일백제로 20",
            "세대수":80,
            "입주년차":100,
            "용적률점수":"--",
            "건폐율점수":"--",
            "세대당주차수":60,
            "난방방식":100,
            "공급면적":"--",
            "전용률":"--",
            "욕실수":100,
            "현관타입":100,
            "주거총점":87.0,
            "지역구공급총점":0.0,
            "역세권":0,
            "30분내 이동가능 거점":0,
            "1시간내 이동가능 거점":50,
            "교통총점":10.0,
            "백화점":0,
            "아울렛몰":80,
            "대형마트":0,
            "은행":0,
            "병원":0,
            "종합병원":100,
            "공원":0,
            "혐오시설":0,
            "인프라총점":28.0,
            "초등학군":100.0,
            "중학군":51.44,
            "학군총점":61.152,
            "인구수":31.62,
            "인구증감":67.08,
            "인구총점":42.258,
            "일자리":11.1,
            "소득수준":50.98,
            "일자리총점":23.064,
            "가치 총점":38.4728,
            "매매실거래년":"18000101",
            "매매실거래가":null,
            "전세실거래년":20220104.0,
            "전세실거래가":75000.0,
            "전세가율":null,
            "장기전세가율평균":67.74,
            "전세가율거품지수":null,
            "검색코드":122025,
            "세대수":790.0,
            "준공년월":"2021-02-01",
            "준공년차":2.0,
            "가까운역이름":"마천",
            "가까운역거리":1101.83,
            "역세권여부":"비역세권",
            "30분이내주요거점역":0,
            "1시간이내주요거점역":5,
            "3km이내백화점수":0,
            "5km이내아울렛몰수":1,
            "1km이내대형먀트수":0,
            "500m이내은행수":0,
            "500m이내병원수":0,
            "5km이내대형병원수":3,
            "500m이내공원수":0,
            "3km이내혐오시설수":0,
            "초등학교학업성취도":100.0,
            "중학교학업성취도":83.6,
            "용적률":219,
            "건폐율":13,
            "Y":37.498165,
            "X":127.164612,
            "rank":53.0,
            "area_info":"35평(116.26), 35평(117.65), 35평(118.74), 38평(127.49), 38평(127.78), 60평(199.6)",
            "last_sales":"1800-01-01,nan,35평(116.26)"
        },
        {
            "index":374,
            "아파트명":"더우개마을동일",
            "투자타입":"일반",
            "전용면적(m2)":"63.99",
            "전용면적(평)":"19평",
            "법정동주소":"경기도 하남시 신장동 100",
            "도로명주소":"경기도 하남시 대청로59번길 20",
            "세대수":50,
            "입주년차":20,
            "용적률점수":"--",
            "건폐율점수":"--",
            "세대당주차수":60,
            "난방방식":30,
            "공급면적":"--",
            "전용률":"--",
            "욕실수":50,
            "현관타입":100,
            "주거총점":48.5,
            "지역구공급총점":0.0,
            "역세권":0,
            "30분내 이동가능 거점":0,
            "1시간내 이동가능 거점":40,
            "교통총점":8.0,
            "백화점":100,
            "아울렛몰":0,
            "대형마트":80,
            "은행":70,
            "병원":60,
            "종합병원":0,
            "공원":100,
            "혐오시설":0,
            "인프라총점":58.0,
            "초등학군":87.25,
            "중학군":47.38,
            "학군총점":55.354,
            "인구수":31.62,
            "인구증감":67.08,
            "인구총점":42.258,
            "일자리":11.1,
            "소득수준":50.98,
            "일자리총점":23.064,
            "가치 총점":38.2031,
            "매매실거래년":20211110.0,
            "매매실거래가":112500.0,
            "전세실거래년":20211203.0,
            "전세실거래가":18900.0,
            "전세가율":33.16,
            "장기전세가율평균":67.74,
            "전세가율거품지수":34.58,
            "검색코드":2856,
            "세대수":438.0,
            "준공년월":"1999-09-08",
            "준공년차":24.0,
            "가까운역이름":"팔당",
            "가까운역거리":2224.62,
            "역세권여부":"비역세권",
            "30분이내주요거점역":0,
            "1시간이내주요거점역":4,
            "3km이내백화점수":1,
            "5km이내아울렛몰수":0,
            "1km이내대형먀트수":1,
            "500m이내은행수":3,
            "500m이내병원수":21,
            "5km이내대형병원수":0,
            "500m이내공원수":5,
            "3km이내혐오시설수":0,
            "초등학교학업성취도":87.25,
            "중학교학업성취도":78.7,
            "용적률":349,
            "건폐율":24,
            "Y":37.541348,
            "X":127.219877,
            "rank":54.0,
            "area_info":"19평(63.99), 23평(78.95), 32평(106.27), 47평(158.46), 61평(204.65), 66평(219.69)",
            "last_sales":"2021-11-10,112500.0,66평(219.69)"
        },
        {
            "index":200,
            "아파트명":"한솔리치빌1단지",
            "투자타입":"일반",
            "전용면적(m2)":"115.77",
            "전용면적(평)":"35평",
            "법정동주소":"경기도 하남시 덕풍동 681",
            "도로명주소":"경기도 하남시 덕산로 39",
            "세대수":80,
            "입주년차":20,
            "용적률점수":"--",
            "건폐율점수":"--",
            "세대당주차수":30,
            "난방방식":30,
            "공급면적":"--",
            "전용률":"--",
            "욕실수":100,
            "현관타입":100,
            "주거총점":59.5,
            "지역구공급총점":0.0,
            "역세권":0,
            "30분내 이동가능 거점":0,
            "1시간내 이동가능 거점":30,
            "교통총점":6.0,
            "백화점":100,
            "아울렛몰":0,
            "대형마트":0,
            "은행":0,
            "병원":10,
            "종합병원":100,
            "공원":100,
            "혐오시설":0,
            "인프라총점":54.0,
            "초등학군":88.27,
            "중학군":43.66,
            "학군총점":52.582,
            "인구수":31.62,
            "인구증감":67.08,
            "인구총점":42.258,
            "일자리":11.1,
            "소득수준":50.98,
            "일자리총점":23.064,
            "가치 총점":38.0873,
            "매매실거래년":20211130.0,
            "매매실거래가":68000.0,
            "전세실거래년":20211207.0,
            "전세실거래가":29500.0,
            "전세가율":43.38,
            "장기전세가율평균":67.74,
            "전세가율거품지수":24.36,
            "검색코드":3724,
            "세대수":747.0,
            "준공년월":"2002-12-23",
            "준공년차":21.0,
            "가까운역이름":"상일동",
            "가까운역거리":3668.16,
            "역세권여부":"비역세권",
            "30분이내주요거점역":0,
            "1시간이내주요거점역":3,
            "3km이내백화점수":1,
            "5km이내아울렛몰수":0,
            "1km이내대형먀트수":0,
            "500m이내은행수":0,
            "500m이내병원수":2,
            "5km이내대형병원수":2,
            "500m이내공원수":2,
            "3km이내혐오시설수":0,
            "초등학교학업성취도":88.27,
            "중학교학업성취도":72.5,
            "용적률":349,
            "건폐율":18,
            "Y":37.533747,
            "X":127.196286,
            "rank":55.0,
            "area_info":"35평(115.77)",
            "last_sales":"2021-11-30,68000.0,35평(115.77)"
        },
        {
            "index":38,
            "아파트명":"대동피렌체",
            "투자타입":"일반",
            "전용면적(m2)":"34.18",
            "전용면적(평)":"10평",
            "법정동주소":"경기도 하남시 덕풍동 372-2",
            "도로명주소":"경기도 하남시 신장로 151",
            "세대수":0,
            "입주년차":40,
            "용적률점수":"--",
            "건폐율점수":"--",
            "세대당주차수":0,
            "난방방식":30,
            "공급면적":"--",
            "전용률":"--",
            "욕실수":50,
            "현관타입":10,
            "주거총점":17.0,
            "지역구공급총점":0.0,
            "역세권":0,
            "30분내 이동가능 거점":0,
            "1시간내 이동가능 거점":30,
            "교통총점":6.0,
            "백화점":100,
            "아울렛몰":0,
            "대형마트":80,
            "은행":70,
            "병원":100,
            "종합병원":100,
            "공원":80,
            "혐오시설":0,
            "인프라총점":81.4,
            "초등학군":88.27,
            "중학군":43.66,
            "학군총점":52.582,
            "인구수":31.62,
            "인구증감":67.08,
            "인구총점":42.258,
            "일자리":11.1,
            "소득수준":50.98,
            "일자리총점":23.064,
            "가치 총점":37.8073,
            "매매실거래년":20211216.0,
            "매매실거래가":15000.0,
            "전세실거래년":20201024.0,
            "전세실거래가":10000.0,
            "전세가율":66.67,
            "장기전세가율평균":67.74,
            "전세가율거품지수":1.07,
            "검색코드":12043,
            "세대수":232.0,
            "준공년월":"2005-01-12",
            "준공년차":18.0,
            "가까운역이름":"상일동",
            "가까운역거리":3643.55,
            "역세권여부":"비역세권",
            "30분이내주요거점역":0,
            "1시간이내주요거점역":3,
            "3km이내백화점수":1,
            "5km이내아울렛몰수":0,
            "1km이내대형먀트수":1,
            "500m이내은행수":4,
            "500m이내병원수":75,
            "5km이내대형병원수":2,
            "500m이내공원수":1,
            "3km이내혐오시설수":0,
            "초등학교학업성취도":88.27,
            "중학교학업성취도":72.5,
            "용적률":511,
            "건폐율":57,
            "Y":37.539504,
            "X":127.201588,
            "rank":56.0,
            "area_info":"10평(34.18), 12평(40.05), 12평(41.12), 12평(42.72), 18평(60.88)",
            "last_sales":"2021-12-16,15000.0,10평(34.18)"
        },
        {
            "index":484,
            "아파트명":"미사강변센트럴풍경채",
            "투자타입":"일반",
            "전용면적(m2)":"109.15",
            "전용면적(평)":"33평",
            "법정동주소":"경기도 하남시 풍산동 471",
            "도로명주소":"경기도 하남시 미사강변서로 65",
            "세대수":80,
            "입주년차":100,
            "용적률점수":"--",
            "건폐율점수":"--",
            "세대당주차수":60,
            "난방방식":100,
            "공급면적":"--",
            "전용률":"--",
            "욕실수":100,
            "현관타입":100,
            "주거총점":87.0,
            "지역구공급총점":0.0,
            "역세권":0,
            "30분내 이동가능 거점":0,
            "1시간내 이동가능 거점":50,
            "교통총점":10.0,
            "백화점":0,
            "아울렛몰":0,
            "대형마트":0,
            "은행":0,
            "병원":60,
            "종합병원":100,
            "공원":0,
            "혐오시설":0,
            "인프라총점":26.0,
            "초등학군":89.52,
            "중학군":52.52,
            "학군총점":59.92,
            "인구수":31.62,
            "인구증감":67.08,
            "인구총점":42.258,
            "일자리":11.1,
            "소득수준":50.98,
            "일자리총점":23.064,
            "가치 총점":37.688,
            "매매실거래년":20211228.0,
            "매매실거래가":125000.0,
            "전세실거래년":20211227.0,
            "전세실거래가":77000.0,
            "전세가율":62.7,
            "장기전세가율평균":67.74,
            "전세가율거품지수":5.04,
            "검색코드":115505,
            "세대수":726.0,
            "준공년월":"2019-01-08",
            "준공년차":4.0,
            "가까운역이름":"상일동",
            "가까운역거리":1471.96,
            "역세권여부":"비역세권",
            "30분이내주요거점역":0,
            "1시간이내주요거점역":5,
            "3km이내백화점수":0,
            "5km이내아울렛몰수":0,
            "1km이내대형먀트수":0,
            "500m이내은행수":0,
            "500m이내병원수":14,
            "5km이내대형병원수":3,
            "500m이내공원수":0,
            "3km이내혐오시설수":0,
            "초등학교학업성취도":89.52,
            "중학교학업성취도":86.4,
            "용적률":209,
            "건폐율":16,
            "Y":37.556806,
            "X":127.183115,
            "rank":57.0,
            "area_info":"33평(109.15), 37평(123.27), 37평(124.27)",
            "last_sales":"2021-12-28,125000.0,37평(124.27)"
        },
        {
            "index":526,
            "아파트명":"위례포레자이",
            "투자타입":"일반",
            "전용면적(m2)":"119.68",
            "전용면적(평)":"36평",
            "법정동주소":"경기도 하남시 학암동 635",
            "도로명주소":"경기도 하남시 위례대로6길 95",
            "세대수":50,
            "입주년차":100,
            "용적률점수":"--",
            "건폐율점수":"--",
            "세대당주차수":80,
            "난방방식":100,
            "공급면적":"--",
            "전용률":"--",
            "욕실수":100,
            "현관타입":100,
            "주거총점":79.5,
            "지역구공급총점":0.0,
            "역세권":0,
            "30분내 이동가능 거점":0,
            "1시간내 이동가능 거점":60,
            "교통총점":12.0,
            "백화점":0,
            "아울렛몰":80,
            "대형마트":0,
            "은행":0,
            "병원":10,
            "종합병원":100,
            "공원":0,
            "혐오시설":0,
            "인프라총점":29.0,
            "초등학군":90.0,
            "중학군":51.44,
            "학군총점":59.152,
            "인구수":31.62,
            "인구증감":67.08,
            "인구총점":42.258,
            "일자리":11.1,
            "소득수준":50.98,
            "일자리총점":23.064,
            "가치 총점":37.6728,
            "매매실거래년":20200218.0,
            "매매실거래가":72421.0,
            "전세실거래년":null,
            "전세실거래가":null,
            "전세가율":null,
            "장기전세가율평균":67.74,
            "전세가율거품지수":null,
            "검색코드":124942,
            "세대수":558.0,
            "준공년월":"2021-04-27",
            "준공년차":2.0,
            "가까운역이름":"마천",
            "가까운역거리":1160.19,
            "역세권여부":"비역세권",
            "30분이내주요거점역":0,
            "1시간이내주요거점역":6,
            "3km이내백화점수":0,
            "5km이내아울렛몰수":1,
            "1km이내대형먀트수":0,
            "500m이내은행수":0,
            "500m이내병원수":2,
            "5km이내대형병원수":3,
            "500m이내공원수":0,
            "3km이내혐오시설수":0,
            "초등학교학업성취도":90.0,
            "중학교학업성취도":83.6,
            "용적률":199,
            "건폐율":17,
            "Y":37.486929,
            "X":127.16113,
            "rank":58.0,
            "area_info":"36평(119.68), 36평(120.26), 38평(126.92), 38평(126.33), 41평(136.79), 49평(163.21)",
            "last_sales":"2020-02-18,72421.0,38평(126.33)"
        },
        {
            "index":237,
            "아파트명":"미사강변도시8단지스타힐스",
            "투자타입":"일반",
            "전용면적(m2)":"71.35",
            "전용면적(평)":"21평",
            "법정동주소":"경기도 하남시 망월동 956",
            "도로명주소":"경기도 하남시 미사강변대로 240",
            "세대수":90,
            "입주년차":80,
            "용적률점수":"--",
            "건폐율점수":"--",
            "세대당주차수":30,
            "난방방식":100,
            "공급면적":"--",
            "전용률":"--",
            "욕실수":50,
            "현관타입":100,
            "주거총점":77.0,
            "지역구공급총점":0.0,
            "역세권":0,
            "30분내 이동가능 거점":0,
            "1시간내 이동가능 거점":10,
            "교통총점":2.0,
            "백화점":0,
            "아울렛몰":0,
            "대형마트":100,
            "은행":20,
            "병원":80,
            "종합병원":80,
            "공원":0,
            "혐오시설":0,
            "인프라총점":41.0,
            "초등학군":90.06,
            "중학군":54.3,
            "학군총점":61.452,
            "인구수":31.62,
            "인구증감":67.08,
            "인구총점":42.258,
            "일자리":11.1,
            "소득수준":50.98,
            "일자리총점":23.064,
            "가치 총점":37.6178,
            "매매실거래년":20211217.0,
            "매매실거래가":100500.0,
            "전세실거래년":20220114.0,
            "전세실거래가":46000.0,
            "전세가율":54.12,
            "장기전세가율평균":67.74,
            "전세가율거품지수":13.62,
            "검색코드":109097,
            "세대수":1389.0,
            "준공년월":"2016-11-24",
            "준공년차":7.0,
            "가까운역이름":"상일동",
            "가까운역거리":2323.82,
            "역세권여부":"비역세권",
            "30분이내주요거점역":0,
            "1시간이내주요거점역":1,
            "3km이내백화점수":0,
            "5km이내아울렛몰수":0,
            "1km이내대형먀트수":2,
            "500m이내은행수":2,
            "500m이내병원수":35,
            "5km이내대형병원수":1,
            "500m이내공원수":0,
            "3km이내혐오시설수":0,
            "초등학교학업성취도":90.06,
            "중학교학업성취도":90.5,
            "용적률":219,
            "건폐율":18,
            "Y":37.571594,
            "X":127.184927,
            "rank":59.0,
            "area_info":"21평(71.35), 21평(71.53), 21평(71.27), 24평(82.47), 24평(82.49), 24평(82.31), 31평(103.43), 35평(117.1), 35평(117.17)",
            "last_sales":"2021-12-17,100500.0,31평(103.43)"
        },
        {
            "index":113,
            "아파트명":"트윈렉스1",
            "투자타입":"일반",
            "전용면적(m2)":"45.05",
            "전용면적(평)":"13평",
            "법정동주소":"경기도 하남시 덕풍동 743",
            "도로명주소":"경기도 하남시 덕풍동로 111-10",
            "세대수":0,
            "입주년차":60,
            "용적률점수":"--",
            "건폐율점수":"--",
            "세대당주차수":30,
            "난방방식":30,
            "공급면적":"--",
            "전용률":"--",
            "욕실수":50,
            "현관타입":10,
            "주거총점":25.5,
            "지역구공급총점":0.0,
            "역세권":0,
            "30분내 이동가능 거점":0,
            "1시간내 이동가능 거점":50,
            "교통총점":10.0,
            "백화점":100,
            "아울렛몰":0,
            "대형마트":80,
            "은행":0,
            "병원":60,
            "종합병원":80,
            "공원":100,
            "혐오시설":0,
            "인프라총점":67.0,
            "초등학군":86.66,
            "중학군":52.52,
            "학군총점":59.348,
            "인구수":31.62,
            "인구증감":67.08,
            "인구총점":42.258,
            "일자리":11.1,
            "소득수준":50.98,
            "일자리총점":23.064,
            "가치 총점":37.6022,
            "매매실거래년":20210227.0,
            "매매실거래가":28000.0,
            "전세실거래년":null,
            "전세실거래가":null,
            "전세가율":null,
            "장기전세가율평균":67.74,
            "전세가율거품지수":null,
            "검색코드":102494,
            "세대수":115.0,
            "준공년월":"2011-08-30",
            "준공년차":12.0,
            "가까운역이름":"팔당",
            "가까운역거리":3176.23,
            "역세권여부":"비역세권",
            "30분이내주요거점역":0,
            "1시간이내주요거점역":5,
            "3km이내백화점수":1,
            "5km이내아울렛몰수":0,
            "1km이내대형먀트수":1,
            "500m이내은행수":0,
            "500m이내병원수":10,
            "5km이내대형병원수":1,
            "500m이내공원수":6,
            "3km이내혐오시설수":0,
            "초등학교학업성취도":86.66,
            "중학교학업성취도":86.4,
            "용적률":603,
            "건폐율":78,
            "Y":37.551759,
            "X":127.208338,
            "rank":60.0,
            "area_info":"13평(45.05), 14평(49.46), 20평(67.32), 20평(67.13), 20평(68.91), 20평(69.12), 21평(70.02), 27평(92.1), 31평(102.74), 32평(107.86), 35평(118.46), 42평(139.27), 45평(149.23), 45평(149.41)",
            "last_sales":"2021-02-27,28000.0,45평(149.41)"
        },
        {
            "index":394,
            "아파트명":"성원상떼빌",
            "투자타입":"일반",
            "전용면적(m2)":"31.09",
            "전용면적(평)":"9평",
            "법정동주소":"경기도 하남시 신장동 430-7",
            "도로명주소":"경기도 하남시 신장로 104",
            "세대수":0,
            "입주년차":20,
            "용적률점수":"--",
            "건폐율점수":"--",
            "세대당주차수":0,
            "난방방식":30,
            "공급면적":"--",
            "전용률":"--",
            "욕실수":50,
            "현관타입":100,
            "주거총점":22.0,
            "지역구공급총점":0.0,
            "역세권":0,
            "30분내 이동가능 거점":0,
            "1시간내 이동가능 거점":40,
            "교통총점":8.0,
            "백화점":100,
            "아울렛몰":0,
            "대형마트":80,
            "은행":70,
            "병원":100,
            "종합병원":80,
            "공원":0,
            "혐오시설":0,
            "인프라총점":75.0,
            "초등학군":88.27,
            "중학군":43.66,
            "학군총점":52.582,
            "인구수":31.62,
            "인구증감":67.08,
            "인구총점":42.258,
            "일자리":11.1,
            "소득수준":50.98,
            "일자리총점":23.064,
            "가치 총점":37.5873,
            "매매실거래년":20210719.0,
            "매매실거래가":50000.0,
            "전세실거래년":20111228.0,
            "전세실거래가":5000.0,
            "전세가율":55.87,
            "장기전세가율평균":67.74,
            "전세가율거품지수":11.87,
            "검색코드":9576,
            "세대수":234.0,
            "준공년월":"2003-11-08",
            "준공년차":20.0,
            "가까운역이름":"팔당",
            "가까운역거리":3476.41,
            "역세권여부":"비역세권",
            "30분이내주요거점역":0,
            "1시간이내주요거점역":4,
            "3km이내백화점수":1,
            "5km이내아울렛몰수":0,
            "1km이내대형먀트수":1,
            "500m이내은행수":3,
            "500m이내병원수":68,
            "5km이내대형병원수":1,
            "500m이내공원수":0,
            "3km이내혐오시설수":0,
            "초등학교학업성취도":88.27,
            "중학교학업성취도":72.5,
            "용적률":593,
            "건폐율":80,
            "Y":37.537627,
            "X":127.206473,
            "rank":61.0,
            "area_info":"9평(31.09), 11평(36.73), 11평(38.73), 12평(39.75), 12평(42.39), 13평(45.77), 13평(45.77), 14평(46.97), 15평(52.82), 16평(53.0), 16평(54.21), 17평(56.62), 19평(65.65), 27평(91.55), 34평(114.96), 41평(137.16)",
            "last_sales":"2021-07-19,50000.0,34평(114.96)"
        },
        {
            "index":99,
            "아파트명":"제일풍경채1단지",
            "투자타입":"일반",
            "전용면적(m2)":"132.4",
            "전용면적(평)":"40평",
            "법정동주소":"경기도 하남시 덕풍동 759",
            "도로명주소":"경기도 하남시 덕풍북로71번길 30",
            "세대수":0,
            "입주년차":40,
            "용적률점수":"--",
            "건폐율점수":"--",
            "세대당주차수":80,
            "난방방식":30,
            "공급면적":"--",
            "전용률":"--",
            "욕실수":100,
            "현관타입":100,
            "주거총점":43.0,
            "지역구공급총점":0.0,
            "역세권":0,
            "30분내 이동가능 거점":0,
            "1시간내 이동가능 거점":20,
            "교통총점":4.0,
            "백화점":100,
            "아울렛몰":0,
            "대형마트":80,
            "은행":0,
            "병원":10,
            "종합병원":80,
            "공원":100,
            "혐오시설":0,
            "인프라총점":62.0,
            "초등학군":86.08,
            "중학군":52.52,
            "학군총점":59.232,
            "인구수":31.62,
            "인구증감":67.08,
            "인구총점":42.258,
            "일자리":11.1,
            "소득수준":50.98,
            "일자리총점":23.064,
            "가치 총점":37.4848,
            "매매실거래년":"18000101",
            "매매실거래가":null,
            "전세실거래년":null,
            "전세실거래가":null,
            "전세가율":null,
            "장기전세가율평균":67.74,
            "전세가율거품지수":null,
            "검색코드":24216,
            "세대수":140.0,
            "준공년월":"2008-04-11",
            "준공년차":15.0,
            "가까운역이름":"상일동",
            "가까운역거리":2762.78,
            "역세권여부":"비역세권",
            "30분이내주요거점역":0,
            "1시간이내주요거점역":2,
            "3km이내백화점수":1,
            "5km이내아울렛몰수":0,
            "1km이내대형먀트수":1,
            "500m이내은행수":1,
            "500m이내병원수":2,
            "5km이내대형병원수":1,
            "500m이내공원수":3,
            "3km이내혐오시설수":0,
            "초등학교학업성취도":86.08,
            "중학교학업성취도":86.4,
            "용적률":99,
            "건폐율":34,
            "Y":37.555156,
            "X":127.197697,
            "rank":62.0,
            "area_info":"40평(132.4), 42평(139.03), 50평(165.42)",
            "last_sales":"1800-01-01,nan,40평(132.4)"
        },
        {
            "index":523,
            "아파트명":"위례신도시엠코타운센트로엘",
            "투자타입":"일반",
            "전용면적(m2)":"124.52",
            "전용면적(평)":"37평",
            "법정동주소":"경기도 하남시 학암동 662",
            "도로명주소":"경기도 하남시 위례광장로 265",
            "세대수":50,
            "입주년차":80,
            "용적률점수":"--",
            "건폐율점수":"--",
            "세대당주차수":60,
            "난방방식":100,
            "공급면적":"--",
            "전용률":"--",
            "욕실수":100,
            "현관타입":100,
            "주거총점":72.5,
            "지역구공급총점":0.0,
            "역세권":0,
            "30분내 이동가능 거점":0,
            "1시간내 이동가능 거점":80,
            "교통총점":16.0,
            "백화점":0,
            "아울렛몰":80,
            "대형마트":0,
            "은행":0,
            "병원":0,
            "종합병원":100,
            "공원":0,
            "혐오시설":0,
            "인프라총점":28.0,
            "초등학군":93.39,
            "중학군":51.44,
            "학군총점":59.83,
            "인구수":31.62,
            "인구증감":67.08,
            "인구총점":42.258,
            "일자리":11.1,
            "소득수준":50.98,
            "일자리총점":23.064,
            "가치 총점":37.4745,
            "매매실거래년":20211208.0,
            "매매실거래가":173500.0,
            "전세실거래년":20211120.0,
            "전세실거래가":81000.0,
            "전세가율":51.27,
            "장기전세가율평균":67.74,
            "전세가율거품지수":16.47,
            "검색코드":107958,
            "세대수":673.0,
            "준공년월":"2016-06-03",
            "준공년차":7.0,
            "가까운역이름":"장지",
            "가까운역거리":1751.78,
            "역세권여부":"비역세권",
            "30분이내주요거점역":0,
            "1시간이내주요거점역":8,
            "3km이내백화점수":0,
            "5km이내아울렛몰수":1,
            "1km이내대형먀트수":0,
            "500m이내은행수":0,
            "500m이내병원수":0,
            "5km이내대형병원수":4,
            "500m이내공원수":0,
            "3km이내혐오시설수":0,
            "초등학교학업성취도":93.39,
            "중학교학업성취도":83.6,
            "용적률":209,
            "건폐율":18,
            "Y":37.476565,
            "X":127.145859,
            "rank":63.0,
            "area_info":"37평(124.52), 38평(128.52), 38평(128.02)",
            "last_sales":"2021-12-08,173500.0,38평(128.02)"
        },
        {
            "index":476,
            "아파트명":"미사강변센트럴자이",
            "투자타입":"일반",
            "전용면적(m2)":"117.87",
            "전용면적(평)":"35평",
            "법정동주소":"경기도 하남시 풍산동 480",
            "도로명주소":"경기도 하남시 미사강변대로 95",
            "세대수":90,
            "입주년차":80,
            "용적률점수":"--",
            "건폐율점수":"--",
            "세대당주차수":60,
            "난방방식":100,
            "공급면적":"--",
            "전용률":"--",
            "욕실수":100,
            "현관타입":100,
            "주거총점":86.5,
            "지역구공급총점":0.0,
            "역세권":0,
            "30분내 이동가능 거점":0,
            "1시간내 이동가능 거점":40,
            "교통총점":8.0,
            "백화점":0,
            "아울렛몰":0,
            "대형마트":0,
            "은행":0,
            "병원":60,
            "종합병원":100,
            "공원":0,
            "혐오시설":0,
            "인프라총점":26.0,
            "초등학군":89.52,
            "중학군":52.52,
            "학군총점":59.92,
            "인구수":31.62,
            "인구증감":67.08,
            "인구총점":42.258,
            "일자리":11.1,
            "소득수준":50.98,
            "일자리총점":23.064,
            "가치 총점":36.888,
            "매매실거래년":20211218.0,
            "매매실거래가":140000.0,
            "전세실거래년":20211227.0,
            "전세실거래가":84000.0,
            "전세가율":62.69,
            "장기전세가율평균":67.74,
            "전세가율거품지수":5.05,
            "검색코드":109215,
            "세대수":1222.0,
            "준공년월":"2017-02-27",
            "준공년차":6.0,
            "가까운역이름":"상일동",
            "가까운역거리":1754.93,
            "역세권여부":"비역세권",
            "30분이내주요거점역":0,
            "1시간이내주요거점역":4,
            "3km이내백화점수":0,
            "5km이내아울렛몰수":0,
            "1km이내대형먀트수":0,
            "500m이내은행수":0,
            "500m이내병원수":18,
            "5km이내대형병원수":2,
            "500m이내공원수":0,
            "3km이내혐오시설수":0,
            "초등학교학업성취도":89.52,
            "중학교학업성취도":86.4,
            "용적률":209,
            "건폐율":13,
            "Y":37.558021,
            "X":127.186257,
            "rank":64.0,
            "area_info":"35평(117.87), 37평(123.52), 37평(123.37), 37평(123.64), 39평(130.08), 51평(171.78), 51평(171.03), 51평(171.77)",
            "last_sales":"2021-12-18,140000.0,37평(123.64)"
        },
        {
            "index":519,
            "아파트명":"위례신도시신안인스빌아스트로",
            "투자타입":"일반",
            "전용면적(m2)":"123.8",
            "전용면적(평)":"37평",
            "법정동주소":"경기도 하남시 학암동 663",
            "도로명주소":"경기도 하남시 위례광장로 285",
            "세대수":50,
            "입주년차":80,
            "용적률점수":"--",
            "건폐율점수":"--",
            "세대당주차수":60,
            "난방방식":100,
            "공급면적":"--",
            "전용률":"--",
            "욕실수":100,
            "현관타입":100,
            "주거총점":72.5,
            "지역구공급총점":0.0,
            "역세권":0,
            "30분내 이동가능 거점":0,
            "1시간내 이동가능 거점":70,
            "교통총점":14.0,
            "백화점":0,
            "아울렛몰":80,
            "대형마트":0,
            "은행":0,
            "병원":0,
            "종합병원":100,
            "공원":0,
            "혐오시설":0,
            "인프라총점":28.0,
            "초등학군":92.74,
            "중학군":51.44,
            "학군총점":59.7,
            "인구수":31.62,
            "인구증감":67.08,
            "인구총점":42.258,
            "일자리":11.1,
            "소득수준":50.98,
            "일자리총점":23.064,
            "가치 총점":36.755,
            "매매실거래년":20211028.0,
            "매매실거래가":180000.0,
            "전세실거래년":20211231.0,
            "전세실거래가":80000.0,
            "전세가율":45.98,
            "장기전세가율평균":67.74,
            "전세가율거품지수":21.76,
            "검색코드":108651,
            "세대수":694.0,
            "준공년월":"2017-02-22",
            "준공년차":6.0,
            "가까운역이름":"복정",
            "가까운역거리":1767.4,
            "역세권여부":"비역세권",
            "30분이내주요거점역":0,
            "1시간이내주요거점역":7,
            "3km이내백화점수":0,
            "5km이내아울렛몰수":1,
            "1km이내대형먀트수":0,
            "500m이내은행수":1,
            "500m이내병원수":0,
            "5km이내대형병원수":4,
            "500m이내공원수":0,
            "3km이내혐오시설수":0,
            "초등학교학업성취도":92.74,
            "중학교학업성취도":83.6,
            "용적률":209,
            "건폐율":18,
            "Y":37.474981,
            "X":127.1457,
            "rank":65.0,
            "area_info":"37평(123.8), 37평(124.68), 39평(131.28), 39평(131.23)",
            "last_sales":"2021-10-28,180000.0,39평(131.23)"
        },
        {
            "index":17,
            "아파트명":"엘에이치감일파크",
            "투자타입":"일반",
            "전용면적(m2)":"100.09",
            "전용면적(평)":"30평",
            "법정동주소":"경기도 하남시 감이동 448",
            "도로명주소":"경기도 하남시 감일순환로 190",
            "세대수":50,
            "입주년차":100,
            "용적률점수":"--",
            "건폐율점수":"--",
            "세대당주차수":30,
            "난방방식":100,
            "공급면적":"--",
            "전용률":"--",
            "욕실수":100,
            "현관타입":100,
            "주거총점":72.0,
            "지역구공급총점":0.0,
            "역세권":0,
            "30분내 이동가능 거점":0,
            "1시간내 이동가능 거점":50,
            "교통총점":10.0,
            "백화점":0,
            "아울렛몰":100,
            "대형마트":0,
            "은행":0,
            "병원":30,
            "종합병원":100,
            "공원":0,
            "혐오시설":0,
            "인프라총점":33.0,
            "초등학군":90.0,
            "중학군":51.44,
            "학군총점":59.152,
            "인구수":31.62,
            "인구증감":67.08,
            "인구총점":42.258,
            "일자리":11.1,
            "소득수준":50.98,
            "일자리총점":23.064,
            "가치 총점":36.6728,
            "매매실거래년":"18000101",
            "매매실거래가":null,
            "전세실거래년":null,
            "전세실거래가":null,
            "전세가율":null,
            "장기전세가율평균":67.74,
            "전세가율거품지수":null,
            "검색코드":125346,
            "세대수":595.0,
            "준공년월":"2021-10-01",
            "준공년차":2.0,
            "가까운역이름":"마천",
            "가까운역거리":1477.32,
            "역세권여부":"비역세권",
            "30분이내주요거점역":0,
            "1시간이내주요거점역":5,
            "3km이내백화점수":0,
            "5km이내아울렛몰수":2,
            "1km이내대형먀트수":0,
            "500m이내은행수":0,
            "500m이내병원수":6,
            "5km이내대형병원수":4,
            "500m이내공원수":0,
            "3km이내혐오시설수":0,
            "초등학교학업성취도":90.0,
            "중학교학업성취도":83.6,
            "용적률":216,
            "건폐율":18,
            "Y":37.507814,
            "X":127.157158,
            "rank":66.0,
            "area_info":"30평(100.09), 34평(113.68), 34평(113.7), 34평(113.78)",
            "last_sales":"1800-01-01,nan,30평(100.09)"
        },
        {
            "index":232,
            "아파트명":"미사강변도시16단지",
            "투자타입":"일반",
            "전용면적(m2)":"73.9",
            "전용면적(평)":"22평",
            "법정동주소":"경기도 하남시 망월동 938",
            "도로명주소":"경기도 하남시 미사강변북로 130",
            "세대수":50,
            "입주년차":80,
            "용적률점수":"--",
            "건폐율점수":"--",
            "세대당주차수":30,
            "난방방식":100,
            "공급면적":"--",
            "전용률":"--",
            "욕실수":50,
            "현관타입":100,
            "주거총점":63.0,
            "지역구공급총점":0.0,
            "역세권":0,
            "30분내 이동가능 거점":20,
            "1시간내 이동가능 거점":50,
            "교통총점":16.0,
            "백화점":0,
            "아울렛몰":0,
            "대형마트":100,
            "은행":0,
            "병원":0,
            "종합병원":80,
            "공원":0,
            "혐오시설":0,
            "인프라총점":31.0,
            "초등학군":87.66,
            "중학군":54.3,
            "학군총점":60.972,
            "인구수":31.62,
            "인구증감":67.08,
            "인구총점":42.258,
            "일자리":11.1,
            "소득수준":50.98,
            "일자리총점":23.064,
            "가치 총점":36.6458,
            "매매실거래년":20211224.0,
            "매매실거래가":75000.0,
            "전세실거래년":20220108.0,
            "전세실거래가":46000.0,
            "전세가율":61.33,
            "장기전세가율평균":67.74,
            "전세가율거품지수":6.41,
            "검색코드":143079,
            "세대수":620.0,
            "준공년월":"2015-10-16",
            "준공년차":8.0,
            "가까운역이름":"덕소",
            "가까운역거리":2149.15,
            "역세권여부":"비역세권",
            "30분이내주요거점역":1,
            "1시간이내주요거점역":5,
            "3km이내백화점수":0,
            "5km이내아울렛몰수":0,
            "1km이내대형먀트수":2,
            "500m이내은행수":0,
            "500m이내병원수":0,
            "5km이내대형병원수":1,
            "500m이내공원수":0,
            "3km이내혐오시설수":0,
            "초등학교학업성취도":87.66,
            "중학교학업성취도":90.5,
            "용적률":215,
            "건폐율":20,
            "Y":37.572473,
            "X":127.192436,
            "rank":67.0,
            "area_info":"22평(73.9), 22평(73.9), 22평(74.23), 25평(84.82), 25평(85.35)",
            "last_sales":"2021-12-24,75000.0,22평(73.9)"
        },
        {
            "index":277,
            "아파트명":"미사강변푸르지오",
            "투자타입":"일반",
            "전용면적(m2)":"97.7",
            "전용면적(평)":"29평",
            "법정동주소":"경기도 하남시 망월동 1060",
            "도로명주소":"경기도 하남시 미사강변대로 165",
            "세대수":90,
            "입주년차":80,
            "용적률점수":"--",
            "건폐율점수":"--",
            "세대당주차수":30,
            "난방방식":100,
            "공급면적":"--",
            "전용률":"--",
            "욕실수":100,
            "현관타입":100,
            "주거총점":82.0,
            "지역구공급총점":0.0,
            "역세권":0,
            "30분내 이동가능 거점":0,
            "1시간내 이동가능 거점":40,
            "교통총점":8.0,
            "백화점":0,
            "아울렛몰":0,
            "대형마트":0,
            "은행":0,
            "병원":80,
            "종합병원":100,
            "공원":0,
            "혐오시설":0,
            "인프라총점":28.0,
            "초등학군":89.15,
            "중학군":51.24,
            "학군총점":58.822,
            "인구수":31.62,
            "인구증감":67.08,
            "인구총점":42.258,
            "일자리":11.1,
            "소득수준":50.98,
            "일자리총점":23.064,
            "가치 총점":36.4233,
            "매매실거래년":20211209.0,
            "매매실거래가":138500.0,
            "전세실거래년":20211025.0,
            "전세실거래가":40000.0,
            "전세가율":36.36,
            "장기전세가율평균":67.74,
            "전세가율거품지수":31.38,
            "검색코드":107663,
            "세대수":1188.0,
            "준공년월":"2016-04-22",
            "준공년차":7.0,
            "가까운역이름":"상일동",
            "가까운역거리":1831.14,
            "역세권여부":"비역세권",
            "30분이내주요거점역":0,
            "1시간이내주요거점역":4,
            "3km이내백화점수":0,
            "5km이내아울렛몰수":0,
            "1km이내대형먀트수":0,
            "500m이내은행수":1,
            "500m이내병원수":31,
            "5km이내대형병원수":2,
            "500m이내공원수":0,
            "3km이내혐오시설수":0,
            "초등학교학업성취도":89.15,
            "중학교학업성취도":85.4,
            "용적률":209,
            "건폐율":20,
            "Y":37.565293,
            "X":127.184148,
            "rank":68.0,
            "area_info":"29평(97.7), 29평(97.66), 29평(98.55), 29평(99.13), 33평(111.83), 33평(111.63), 33평(112.33)",
            "last_sales":"2021-12-09,138500.0,33평(112.33)"
        },
        {
            "index":440,
            "아파트명":"한국",
            "투자타입":"일반",
            "전용면적(m2)":"60.91",
            "전용면적(평)":"18평",
            "법정동주소":"경기도 하남시 신장동 527",
            "도로명주소":"경기도 하남시 대청로59번길 15",
            "세대수":80,
            "입주년차":0,
            "용적률점수":"--",
            "건폐율점수":"--",
            "세대당주차수":30,
            "난방방식":30,
            "공급면적":"--",
            "전용률":"--",
            "욕실수":50,
            "현관타입":10,
            "주거총점":41.5,
            "지역구공급총점":0.0,
            "역세권":0,
            "30분내 이동가능 거점":0,
            "1시간내 이동가능 거점":20,
            "교통총점":4.0,
            "백화점":100,
            "아울렛몰":0,
            "대형마트":80,
            "은행":100,
            "병원":60,
            "종합병원":0,
            "공원":100,
            "혐오시설":0,
            "인프라총점":61.0,
            "초등학군":88.77,
            "중학군":47.38,
            "학군총점":55.658,
            "인구수":31.62,
            "인구증감":67.08,
            "인구총점":42.258,
            "일자리":11.1,
            "소득수준":50.98,
            "일자리총점":23.064,
            "가치 총점":36.3487,
            "매매실거래년":20211221.0,
            "매매실거래가":68000.0,
            "전세실거래년":20211205.0,
            "전세실거래가":21000.0,
            "전세가율":36.21,
            "장기전세가율평균":67.74,
            "전세가율거품지수":31.53,
            "검색코드":2151,
            "세대수":848.0,
            "준공년월":"1996-08-30",
            "준공년차":27.0,
            "가까운역이름":"팔당",
            "가까운역거리":2380.95,
            "역세권여부":"비역세권",
            "30분이내주요거점역":0,
            "1시간이내주요거점역":2,
            "3km이내백화점수":1,
            "5km이내아울렛몰수":0,
            "1km이내대형먀트수":1,
            "500m이내은행수":5,
            "500m이내병원수":25,
            "5km이내대형병원수":0,
            "500m이내공원수":4,
            "3km이내혐오시설수":0,
            "초등학교학업성취도":88.77,
            "중학교학업성취도":78.7,
            "용적률":199,
            "건폐율":15,
            "Y":37.542324,
            "X":127.217694,
            "rank":69.0,
            "area_info":"18평(60.91), 23평(78.0)",
            "last_sales":"2021-12-21,68000.0,23평(78.0)"
        },
        {
            "index":428,
            "아파트명":"하남두산위브파크",
            "투자타입":"일반",
            "전용면적(m2)":"175.92",
            "전용면적(평)":"53평",
            "법정동주소":"경기도 하남시 신장동 570",
            "도로명주소":"경기도 하남시 하남대로 747",
            "세대수":0,
            "입주년차":60,
            "용적률점수":"--",
            "건폐율점수":"--",
            "세대당주차수":100,
            "난방방식":30,
            "공급면적":"--",
            "전용률":"--",
            "욕실수":100,
            "현관타입":100,
            "주거총점":50.0,
            "지역구공급총점":0.0,
            "역세권":0,
            "30분내 이동가능 거점":0,
            "1시간내 이동가능 거점":30,
            "교통총점":6.0,
            "백화점":100,
            "아울렛몰":0,
            "대형마트":80,
            "은행":70,
            "병원":60,
            "종합병원":0,
            "공원":100,
            "혐오시설":0,
            "인프라총점":58.0,
            "초등학군":83.38,
            "중학군":35.76,
            "학군총점":45.284,
            "인구수":31.62,
            "인구증감":67.08,
            "인구총점":42.258,
            "일자리":11.1,
            "소득수준":50.98,
            "일자리총점":23.064,
            "가치 총점":36.2926,
            "매매실거래년":20210806.0,
            "매매실거래가":127500.0,
            "전세실거래년":20210716.0,
            "전세실거래가":45000.0,
            "전세가율":47.62,
            "장기전세가율평균":67.74,
            "전세가율거품지수":20.12,
            "검색코드":101357,
            "세대수":189.0,
            "준공년월":"2010-09-06",
            "준공년차":13.0,
            "가까운역이름":"팔당",
            "가까운역거리":2943.77,
            "역세권여부":"비역세권",
            "30분이내주요거점역":0,
            "1시간이내주요거점역":3,
            "3km이내백화점수":1,
            "5km이내아울렛몰수":0,
            "1km이내대형먀트수":1,
            "500m이내은행수":4,
            "500m이내병원수":24,
            "5km이내대형병원수":0,
            "500m이내공원수":5,
            "3km이내혐오시설수":0,
            "초등학교학업성취도":83.38,
            "중학교학업성취도":59.6,
            "용적률":437,
            "건폐율":58,
            "Y":37.538595,
            "X":127.212438,
            "rank":70.0,
            "area_info":"53평(175.92), 53평(176.42), 59평(195.13), 59평(195.13)",
            "last_sales":"2021-08-06,127500.0,59평(195.13)"
        },
        {
            "index":284,
            "아파트명":"미사강변하우스디더레이크",
            "투자타입":"일반",
            "전용면적(m2)":"98.99",
            "전용면적(평)":"29평",
            "법정동주소":"경기도 하남시 망월동 1062",
            "도로명주소":"경기도 하남시 미사강변대로 135",
            "세대수":80,
            "입주년차":80,
            "용적률점수":"--",
            "건폐율점수":"--",
            "세대당주차수":30,
            "난방방식":100,
            "공급면적":"--",
            "전용률":"--",
            "욕실수":100,
            "현관타입":100,
            "주거총점":78.5,
            "지역구공급총점":0.0,
            "역세권":0,
            "30분내 이동가능 거점":0,
            "1시간내 이동가능 거점":60,
            "교통총점":12.0,
            "백화점":0,
            "아울렛몰":0,
            "대형마트":0,
            "은행":0,
            "병원":30,
            "종합병원":100,
            "공원":0,
            "혐오시설":0,
            "인프라총점":23.0,
            "초등학군":89.15,
            "중학군":55.68,
            "학군총점":62.374,
            "인구수":31.62,
            "인구증감":67.08,
            "인구총점":42.258,
            "일자리":11.1,
            "소득수준":50.98,
            "일자리총점":23.064,
            "가치 총점":36.1561,
            "매매실거래년":20211105.0,
            "매매실거래가":113300.0,
            "전세실거래년":20211225.0,
            "전세실거래가":63500.0,
            "전세가율":63.5,
            "장기전세가율평균":67.74,
            "전세가율거품지수":4.24,
            "검색코드":107025,
            "세대수":821.0,
            "준공년월":"2016-05-25",
            "준공년차":7.0,
            "가까운역이름":"상일동",
            "가까운역거리":1752.89,
            "역세권여부":"비역세권",
            "30분이내주요거점역":0,
            "1시간이내주요거점역":6,
            "3km이내백화점수":0,
            "5km이내아울렛몰수":0,
            "1km이내대형먀트수":0,
            "500m이내은행수":0,
            "500m이내병원수":5,
            "5km이내대형병원수":2,
            "500m이내공원수":0,
            "3km이내혐오시설수":0,
            "초등학교학업성취도":89.15,
            "중학교학업성취도":92.8,
            "용적률":209,
            "건폐율":17,
            "Y":37.562114,
            "X":127.185099,
            "rank":71.0,
            "area_info":"29평(98.99), 29평(98.99), 29평(99.08), 33평(111.96), 33평(112.35), 33평(112.2), 33평(112.21), 33평(112.37), 33평(112.37)",
            "last_sales":"2021-11-05,113300.0,33평(112.21)"
        },
        {
            "index":499,
            "아파트명":"LH위례포엘리움",
            "투자타입":"일반",
            "전용면적(m2)":"68.58",
            "전용면적(평)":"20평",
            "법정동주소":"경기도 하남시 학암동 645",
            "도로명주소":"경기도 하남시 위례학암로 30",
            "세대수":50,
            "입주년차":100,
            "용적률점수":"--",
            "건폐율점수":"--",
            "세대당주차수":30,
            "난방방식":100,
            "공급면적":"--",
            "전용률":"--",
            "욕실수":50,
            "현관타입":100,
            "주거총점":67.0,
            "지역구공급총점":0.0,
            "역세권":0,
            "30분내 이동가능 거점":0,
            "1시간내 이동가능 거점":70,
            "교통총점":14.0,
            "백화점":0,
            "아울렛몰":80,
            "대형마트":0,
            "은행":0,
            "병원":10,
            "종합병원":100,
            "공원":0,
            "혐오시설":0,
            "인프라총점":29.0,
            "초등학군":90.0,
            "중학군":51.44,
            "학군총점":59.152,
            "인구수":31.62,
            "인구증감":67.08,
            "인구총점":42.258,
            "일자리":11.1,
            "소득수준":50.98,
            "일자리총점":23.064,
            "가치 총점":35.8728,
            "매매실거래년":"18000101",
            "매매실거래가":null,
            "전세실거래년":null,
            "전세실거래가":null,
            "전세가율":null,
            "장기전세가율평균":67.74,
            "전세가율거품지수":null,
            "검색코드":125343,
            "세대수":508.0,
            "준공년월":"2021-09-14",
            "준공년차":2.0,
            "가까운역이름":"마천",
            "가까운역거리":1033.68,
            "역세권여부":"비역세권",
            "30분이내주요거점역":0,
            "1시간이내주요거점역":7,
            "3km이내백화점수":0,
            "5km이내아울렛몰수":1,
            "1km이내대형먀트수":0,
            "500m이내은행수":0,
            "500m이내병원수":2,
            "5km이내대형병원수":4,
            "500m이내공원수":0,
            "3km이내혐오시설수":0,
            "초등학교학업성취도":90.0,
            "중학교학업성취도":83.6,
            "용적률":194,
            "건폐율":20,
            "Y":37.486967,
            "X":127.158699,
            "rank":72.0,
            "area_info":"20평(68.58), 20평(68.46), 20평(68.41), 20평(68.58), 24평(81.79), 24평(81.83), 24평(81.83), 24평(81.82)",
            "last_sales":"1800-01-01,nan,20평(68.58)"
        },
        {
            "index":342,
            "아파트명":"미사강변리버뷰자이",
            "투자타입":"일반",
            "전용면적(m2)":"118.62",
            "전용면적(평)":"35평",
            "법정동주소":"경기도 하남시 선동 455",
            "도로명주소":"경기도 하남시 미사강변한강로 10",
            "세대수":50,
            "입주년차":80,
            "용적률점수":"--",
            "건폐율점수":"--",
            "세대당주차수":60,
            "난방방식":100,
            "공급면적":"--",
            "전용률":"--",
            "욕실수":100,
            "현관타입":100,
            "주거총점":72.5,
            "지역구공급총점":0.0,
            "역세권":0,
            "30분내 이동가능 거점":20,
            "1시간내 이동가능 거점":60,
            "교통총점":18.0,
            "백화점":0,
            "아울렛몰":0,
            "대형마트":0,
            "은행":0,
            "병원":0,
            "종합병원":100,
            "공원":0,
            "혐오시설":0,
            "인프라총점":20.0,
            "초등학군":90.06,
            "중학군":51.24,
            "학군총점":59.004,
            "인구수":31.62,
            "인구증감":67.08,
            "인구총점":42.258,
            "일자리":11.1,
            "소득수준":50.98,
            "일자리총점":23.064,
            "가치 총점":35.6506,
            "매매실거래년":20210928.0,
            "매매실거래가":130000.0,
            "전세실거래년":20211009.0,
            "전세실거래가":45000.0,
            "전세가율":36.59,
            "장기전세가율평균":67.74,
            "전세가율거품지수":31.15,
            "검색코드":110010,
            "세대수":555.0,
            "준공년월":"2017-08-24",
            "준공년차":6.0,
            "가까운역이름":"상일동",
            "가까운역거리":2198.82,
            "역세권여부":"비역세권",
            "30분이내주요거점역":1,
            "1시간이내주요거점역":6,
            "3km이내백화점수":0,
            "5km이내아울렛몰수":0,
            "1km이내대형먀트수":0,
            "500m이내은행수":0,
            "500m이내병원수":0,
            "5km이내대형병원수":2,
            "500m이내공원수":0,
            "3km이내혐오시설수":0,
            "초등학교학업성취도":90.06,
            "중학교학업성취도":85.4,
            "용적률":209,
            "건폐율":13,
            "Y":37.574372,
            "X":127.177641,
            "rank":73.0,
            "area_info":"35평(118.62), 37평(125.41), 37평(125.6), 37평(125.49), 39평(131.2), 39평(131.2), 39평(132.21), 50평(166.89), 51평(171.66), 51평(171.83), 51평(171.27)",
            "last_sales":"2021-09-28,130000.0,39평(131.2)"
        },
        {
            "index":261,
            "아파트명":"미사강변센텀팰리스",
            "투자타입":"일반",
            "전용면적(m2)":"98.31",
            "전용면적(평)":"29평",
            "법정동주소":"경기도 하남시 망월동 1050",
            "도로명주소":"경기도 하남시 미사강변서로 127",
            "세대수":90,
            "입주년차":80,
            "용적률점수":"--",
            "건폐율점수":"--",
            "세대당주차수":30,
            "난방방식":100,
            "공급면적":"--",
            "전용률":"--",
            "욕실수":100,
            "현관타입":100,
            "주거총점":82.0,
            "지역구공급총점":0.0,
            "역세권":0,
            "30분내 이동가능 거점":0,
            "1시간내 이동가능 거점":40,
            "교통총점":8.0,
            "백화점":0,
            "아울렛몰":0,
            "대형마트":0,
            "은행":0,
            "병원":30,
            "종합병원":100,
            "공원":0,
            "혐오시설":0,
            "인프라총점":23.0,
            "초등학군":89.15,
            "중학군":55.68,
            "학군총점":62.374,
            "인구수":31.62,
            "인구증감":67.08,
            "인구총점":42.258,
            "일자리":11.1,
            "소득수준":50.98,
            "일자리총점":23.064,
            "가치 총점":35.4561,
            "매매실거래년":20210723.0,
            "매매실거래가":103000.0,
            "전세실거래년":null,
            "전세실거래가":null,
            "전세가율":null,
            "장기전세가율평균":67.74,
            "전세가율거품지수":null,
            "검색코드":107024,
            "세대수":1455.0,
            "준공년월":"2016-07-29",
            "준공년차":7.0,
            "가까운역이름":"상일동",
            "가까운역거리":1525.86,
            "역세권여부":"비역세권",
            "30분이내주요거점역":0,
            "1시간이내주요거점역":4,
            "3km이내백화점수":0,
            "5km이내아울렛몰수":0,
            "1km이내대형먀트수":0,
            "500m이내은행수":0,
            "500m이내병원수":5,
            "5km이내대형병원수":2,
            "500m이내공원수":0,
            "3km이내혐오시설수":0,
            "초등학교학업성취도":89.15,
            "중학교학업성취도":92.8,
            "용적률":208,
            "건폐율":17,
            "Y":37.561668,
            "X":127.182559,
            "rank":74.0,
            "area_info":"29평(98.31), 29평(98.4), 29평(98.4), 29평(98.31), 33평(111.19), 33평(111.57), 33평(111.44), 33평(111.43), 33평(111.6), 33평(111.6)",
            "last_sales":"2021-07-23,103000.0,33평(111.6)"
        },
        {
            "index":311,
            "아파트명":"리버나인",
            "투자타입":"일반",
            "전용면적(m2)":"99.85",
            "전용면적(평)":"30평",
            "법정동주소":"경기도 하남시 선동 423",
            "도로명주소":"경기도 하남시 미사강변한강로 110",
            "세대수":80,
            "입주년차":80,
            "용적률점수":"--",
            "건폐율점수":"--",
            "세대당주차수":30,
            "난방방식":100,
            "공급면적":"--",
            "전용률":"--",
            "욕실수":100,
            "현관타입":100,
            "주거총점":78.5,
            "지역구공급총점":0.0,
            "역세권":0,
            "30분내 이동가능 거점":20,
            "1시간내 이동가능 거점":50,
            "교통총점":16.0,
            "백화점":0,
            "아울렛몰":0,
            "대형마트":0,
            "은행":0,
            "병원":0,
            "종합병원":80,
            "공원":0,
            "혐오시설":0,
            "인프라총점":16.0,
            "초등학군":89.01,
            "중학군":54.3,
            "학군총점":61.242,
            "인구수":31.62,
            "인구증감":67.08,
            "인구총점":42.258,
            "일자리":11.1,
            "소득수준":50.98,
            "일자리총점":23.064,
            "가치 총점":35.2863,
            "매매실거래년":20210820.0,
            "매매실거래가":103500.0,
            "전세실거래년":null,
            "전세실거래가":null,
            "전세가율":null,
            "장기전세가율평균":67.74,
            "전세가율거품지수":null,
            "검색코드":104311,
            "세대수":712.0,
            "준공년월":"2014-07-25",
            "준공년차":9.0,
            "가까운역이름":"덕소",
            "가까운역거리":2217.19,
            "역세권여부":"비역세권",
            "30분이내주요거점역":1,
            "1시간이내주요거점역":5,
            "3km이내백화점수":0,
            "5km이내아울렛몰수":0,
            "1km이내대형먀트수":0,
            "500m이내은행수":0,
            "500m이내병원수":1,
            "5km이내대형병원수":1,
            "500m이내공원수":0,
            "3km이내혐오시설수":0,
            "초등학교학업성취도":89.01,
            "중학교학업성취도":90.5,
            "용적률":215,
            "건폐율":18,
            "Y":37.576387,
            "X":127.18736,
            "rank":75.0,
            "area_info":"30평(99.85), 30평(99.85), 30평(99.9), 30평(99.85), 34평(113.2), 34평(113.09), 34평(113.08), 34평(113.2)",
            "last_sales":"2021-08-20,103500.0,34평(113.2)"
        },
        {
            "index":27,
            "아파트명":"하남감일스윗시티 B3블록",
            "투자타입":"일반",
            "전용면적(m2)":"99.54",
            "전용면적(평)":"30평",
            "법정동주소":"경기도 하남시 감이동 하남감일 공공주택지구내 B3블록",
            "도로명주소":"경기도 하남시 감일순환로 170",
            "세대수":50,
            "입주년차":100,
            "용적률점수":"--",
            "건폐율점수":"--",
            "세대당주차수":30,
            "난방방식":100,
            "공급면적":"--",
            "전용률":"--",
            "욕실수":100,
            "현관타입":100,
            "주거총점":72.0,
            "지역구공급총점":0.0,
            "역세권":0,
            "30분내 이동가능 거점":0,
            "1시간내 이동가능 거점":30,
            "교통총점":6.0,
            "백화점":0,
            "아울렛몰":100,
            "대형마트":0,
            "은행":0,
            "병원":30,
            "종합병원":100,
            "공원":0,
            "혐오시설":0,
            "인프라총점":33.0,
            "초등학군":90.0,
            "중학군":51.44,
            "학군총점":59.152,
            "인구수":31.62,
            "인구증감":67.08,
            "인구총점":42.258,
            "일자리":11.1,
            "소득수준":50.98,
            "일자리총점":23.064,
            "가치 총점":35.2728,
            "매매실거래년":"18000101",
            "매매실거래가":null,
            "전세실거래년":null,
            "전세실거래가":null,
            "전세가율":null,
            "장기전세가율평균":67.74,
            "전세가율거품지수":null,
            "검색코드":125345,
            "세대수":578.0,
            "준공년월":"2021-10-01",
            "준공년차":2.0,
            "가까운역이름":"마천",
            "가까운역거리":1717.48,
            "역세권여부":"비역세권",
            "30분이내주요거점역":0,
            "1시간이내주요거점역":3,
            "3km이내백화점수":0,
            "5km이내아울렛몰수":2,
            "1km이내대형먀트수":0,
            "500m이내은행수":0,
            "500m이내병원수":6,
            "5km이내대형병원수":5,
            "500m이내공원수":0,
            "3km이내혐오시설수":0,
            "초등학교학업성취도":90.0,
            "중학교학업성취도":83.6,
            "용적률":216,
            "건폐율":19,
            "Y":37.509741,
            "X":127.158554,
            "rank":76.0,
            "area_info":"30평(99.54), 34평(113.06), 34평(113.08), 34평(113.16)",
            "last_sales":"1800-01-01,nan,30평(99.54)"
        },
        {
            "index":467,
            "아파트명":"미사강변동원로얄듀크",
            "투자타입":"일반",
            "전용면적(m2)":"99.87",
            "전용면적(평)":"30평",
            "법정동주소":"경기도 하남시 풍산동 477",
            "도로명주소":"경기도 하남시 미사강변서로 45",
            "세대수":80,
            "입주년차":80,
            "용적률점수":"--",
            "건폐율점수":"--",
            "세대당주차수":30,
            "난방방식":100,
            "공급면적":"--",
            "전용률":"--",
            "욕실수":100,
            "현관타입":100,
            "주거총점":78.5,
            "지역구공급총점":0.0,
            "역세권":0,
            "30분내 이동가능 거점":0,
            "1시간내 이동가능 거점":50,
            "교통총점":10.0,
            "백화점":0,
            "아울렛몰":0,
            "대형마트":0,
            "은행":0,
            "병원":30,
            "종합병원":100,
            "공원":0,
            "혐오시설":0,
            "인프라총점":23.0,
            "초등학군":89.52,
            "중학군":52.52,
            "학군총점":59.92,
            "인구수":31.62,
            "인구증감":67.08,
            "인구총점":42.258,
            "일자리":11.1,
            "소득수준":50.98,
            "일자리총점":23.064,
            "가치 총점":35.088,
            "매매실거래년":20211208.0,
            "매매실거래가":105000.0,
            "전세실거래년":20220118.0,
            "전세실거래가":63000.0,
            "전세가율":102.61,
            "장기전세가율평균":67.74,
            "전세가율거품지수":-34.87,
            "검색코드":107686,
            "세대수":808.0,
            "준공년월":"2016-04-14",
            "준공년차":7.0,
            "가까운역이름":"상일동",
            "가까운역거리":1466.09,
            "역세권여부":"비역세권",
            "30분이내주요거점역":0,
            "1시간이내주요거점역":5,
            "3km이내백화점수":0,
            "5km이내아울렛몰수":0,
            "1km이내대형먀트수":0,
            "500m이내은행수":0,
            "500m이내병원수":8,
            "5km이내대형병원수":3,
            "500m이내공원수":0,
            "3km이내혐오시설수":0,
            "초등학교학업성취도":89.52,
            "중학교학업성취도":86.4,
            "용적률":209,
            "건폐율":16,
            "Y":37.554487,
            "X":127.18281,
            "rank":77.0,
            "area_info":"30평(99.87), 34평(112.53), 34평(112.54)",
            "last_sales":"2021-12-08,105000.0,34평(112.53)"
        },
        {
            "index":384,
            "아파트명":"백송한신",
            "투자타입":"일반",
            "전용면적(m2)":"67.44",
            "전용면적(평)":"20평",
            "법정동주소":"경기도 하남시 신장동 528-5",
            "도로명주소":"경기도 하남시 대청로 50",
            "세대수":50,
            "입주년차":0,
            "용적률점수":"--",
            "건폐율점수":"--",
            "세대당주차수":30,
            "난방방식":30,
            "공급면적":"--",
            "전용률":"--",
            "욕실수":50,
            "현관타입":10,
            "주거총점":31.0,
            "지역구공급총점":0.0,
            "역세권":0,
            "30분내 이동가능 거점":0,
            "1시간내 이동가능 거점":30,
            "교통총점":6.0,
            "백화점":100,
            "아울렛몰":0,
            "대형마트":80,
            "은행":100,
            "병원":60,
            "종합병원":0,
            "공원":100,
            "혐오시설":0,
            "인프라총점":61.0,
            "초등학군":83.38,
            "중학군":47.38,
            "학군총점":54.58,
            "인구수":31.62,
            "인구증감":67.08,
            "인구총점":42.258,
            "일자리":11.1,
            "소득수준":50.98,
            "일자리총점":23.064,
            "가치 총점":34.787,
            "매매실거래년":20211128.0,
            "매매실거래가":60500.0,
            "전세실거래년":20211228.0,
            "전세실거래가":23000.0,
            "전세가율":38.02,
            "장기전세가율평균":67.74,
            "전세가율거품지수":29.72,
            "검색코드":2149,
            "세대수":641.0,
            "준공년월":"1994-06-04",
            "준공년차":29.0,
            "가까운역이름":"팔당",
            "가까운역거리":2480.97,
            "역세권여부":"비역세권",
            "30분이내주요거점역":0,
            "1시간이내주요거점역":3,
            "3km이내백화점수":1,
            "5km이내아울렛몰수":0,
            "1km이내대형먀트수":1,
            "500m이내은행수":5,
            "500m이내병원수":25,
            "5km이내대형병원수":0,
            "500m이내공원수":5,
            "3km이내혐오시설수":0,
            "초등학교학업성취도":83.38,
            "중학교학업성취도":78.7,
            "용적률":219,
            "건폐율":20,
            "Y":37.539162,
            "X":127.217773,
            "rank":78.0,
            "area_info":"20평(67.44)",
            "last_sales":"2021-11-28,60500.0,20평(67.44)"
        },
        {
            "index":35,
            "아파트명":"KCC스위첸",
            "투자타입":"일반",
            "전용면적(m2)":"107.85",
            "전용면적(평)":"32평",
            "법정동주소":"경기도 하남시 덕풍동 690",
            "도로명주소":"경기도 하남시 신장로205번길 30",
            "세대수":0,
            "입주년차":40,
            "용적률점수":"--",
            "건폐율점수":"--",
            "세대당주차수":30,
            "난방방식":30,
            "공급면적":"--",
            "전용률":"--",
            "욕실수":100,
            "현관타입":100,
            "주거총점":35.5,
            "지역구공급총점":0.0,
            "역세권":0,
            "30분내 이동가능 거점":0,
            "1시간내 이동가능 거점":30,
            "교통총점":6.0,
            "백화점":100,
            "아울렛몰":0,
            "대형마트":0,
            "은행":0,
            "병원":60,
            "종합병원":100,
            "공원":100,
            "혐오시설":0,
            "인프라총점":59.0,
            "초등학군":87.79,
            "중학군":43.66,
            "학군총점":52.486,
            "인구수":31.62,
            "인구증감":67.08,
            "인구총점":42.258,
            "일자리":11.1,
            "소득수준":50.98,
            "일자리총점":23.064,
            "가치 총점":34.7729,
            "매매실거래년":20211116.0,
            "매매실거래가":69000.0,
            "전세실거래년":20211213.0,
            "전세실거래가":53000.0,
            "전세가율":76.81,
            "장기전세가율평균":67.74,
            "전세가율거품지수":-9.07,
            "검색코드":19151,
            "세대수":244.0,
            "준공년월":"2006-02-21",
            "준공년차":17.0,
            "가까운역이름":"상일동",
            "가까운역거리":3160.25,
            "역세권여부":"비역세권",
            "30분이내주요거점역":0,
            "1시간이내주요거점역":3,
            "3km이내백화점수":1,
            "5km이내아울렛몰수":0,
            "1km이내대형먀트수":0,
            "500m이내은행수":0,
            "500m이내병원수":19,
            "5km이내대형병원수":2,
            "500m이내공원수":2,
            "3km이내혐오시설수":0,
            "초등학교학업성취도":87.79,
            "중학교학업성취도":72.5,
            "용적률":281,
            "건폐율":19,
            "Y":37.542196,
            "X":127.197236,
            "rank":79.0,
            "area_info":"32평(107.85), 32평(107.85), 33평(112.04)",
            "last_sales":"2021-11-16,69000.0,32평(107.85)"
        },
        {
            "index":470,
            "아파트명":"미사강변동일하이빌",
            "투자타입":"일반",
            "전용면적(m2)":"81.24",
            "전용면적(평)":"24평",
            "법정동주소":"경기도 하남시 풍산동 470",
            "도로명주소":"경기도 하남시 미사강변서로 85",
            "세대수":50,
            "입주년차":80,
            "용적률점수":"--",
            "건폐율점수":"--",
            "세대당주차수":30,
            "난방방식":100,
            "공급면적":"--",
            "전용률":"--",
            "욕실수":100,
            "현관타입":100,
            "주거총점":68.0,
            "지역구공급총점":0.0,
            "역세권":0,
            "30분내 이동가능 거점":0,
            "1시간내 이동가능 거점":60,
            "교통총점":12.0,
            "백화점":0,
            "아울렛몰":0,
            "대형마트":0,
            "은행":0,
            "병원":60,
            "종합병원":100,
            "공원":0,
            "혐오시설":0,
            "인프라총점":26.0,
            "초등학군":89.52,
            "중학군":52.52,
            "학군총점":59.92,
            "인구수":31.62,
            "인구증감":67.08,
            "인구총점":42.258,
            "일자리":11.1,
            "소득수준":50.98,
            "일자리총점":23.064,
            "가치 총점":34.588,
            "매매실거래년":20211116.0,
            "매매실거래가":105000.0,
            "전세실거래년":20220105.0,
            "전세실거래가":35700.0,
            "전세가율":39.23,
            "장기전세가율평균":67.74,
            "전세가율거품지수":28.51,
            "검색코드":113117,
            "세대수":655.0,
            "준공년월":"2018-02-06",
            "준공년차":5.0,
            "가까운역이름":"상일동",
            "가까운역거리":1449.66,
            "역세권여부":"비역세권",
            "30분이내주요거점역":0,
            "1시간이내주요거점역":6,
            "3km이내백화점수":0,
            "5km이내아울렛몰수":0,
            "1km이내대형먀트수":0,
            "500m이내은행수":0,
            "500m이내병원수":11,
            "5km이내대형병원수":3,
            "500m이내공원수":0,
            "3km이내혐오시설수":0,
            "초등학교학업성취도":89.52,
            "중학교학업성취도":86.4,
            "용적률":218,
            "건폐율":15,
            "Y":37.558115,
            "X":127.182767,
            "rank":80.0,
            "area_info":"24평(81.24), 24평(81.24), 30평(101.59), 30평(101.65), 34평(115.18), 34평(115.15)",
            "last_sales":"2021-11-16,105000.0,34평(115.15)"
        },
        {
            "index":201,
            "아파트명":"한솔리치빌2단지",
            "투자타입":"일반",
            "전용면적(m2)":"88.15",
            "전용면적(평)":"26평",
            "법정동주소":"경기도 하남시 덕풍동 684",
            "도로명주소":"경기도 하남시 덕산로 60",
            "세대수":30,
            "입주년차":20,
            "용적률점수":"--",
            "건폐율점수":"--",
            "세대당주차수":30,
            "난방방식":30,
            "공급면적":"--",
            "전용률":"--",
            "욕실수":100,
            "현관타입":100,
            "주거총점":42.0,
            "지역구공급총점":0.0,
            "역세권":0,
            "30분내 이동가능 거점":0,
            "1시간내 이동가능 거점":30,
            "교통총점":6.0,
            "백화점":100,
            "아울렛몰":0,
            "대형마트":0,
            "은행":0,
            "병원":10,
            "종합병원":100,
            "공원":100,
            "혐오시설":0,
            "인프라총점":54.0,
            "초등학군":88.27,
            "중학군":43.66,
            "학군총점":52.582,
            "인구수":31.62,
            "인구증감":67.08,
            "인구총점":42.258,
            "일자리":11.1,
            "소득수준":50.98,
            "일자리총점":23.064,
            "가치 총점":34.5873,
            "매매실거래년":20211016.0,
            "매매실거래가":68300.0,
            "전세실거래년":20200622.0,
            "전세실거래가":32000.0,
            "전세가율":70.33,
            "장기전세가율평균":67.74,
            "전세가율거품지수":-2.59,
            "검색코드":27884,
            "세대수":347.0,
            "준공년월":"2002-12-02",
            "준공년차":21.0,
            "가까운역이름":"상일동",
            "가까운역거리":3593.55,
            "역세권여부":"비역세권",
            "30분이내주요거점역":0,
            "1시간이내주요거점역":3,
            "3km이내백화점수":1,
            "5km이내아울렛몰수":0,
            "1km이내대형먀트수":0,
            "500m이내은행수":0,
            "500m이내병원수":2,
            "5km이내대형병원수":2,
            "500m이내공원수":3,
            "3km이내혐오시설수":0,
            "초등학교학업성취도":88.27,
            "중학교학업성취도":72.5,
            "용적률":350,
            "건폐율":18,
            "Y":37.535483,
            "X":127.19715,
            "rank":81.0,
            "area_info":"26평(88.15), 34평(114.17)",
            "last_sales":"2021-10-16,68300.0,34평(114.17)"
        },
        {
            "index":246,
            "아파트명":"미사강변루나리움",
            "투자타입":"일반",
            "전용면적(m2)":"79.32",
            "전용면적(평)":"23평",
            "법정동주소":"경기도 하남시 망월동 1034",
            "도로명주소":"경기도 하남시 아리수로 499",
            "세대수":90,
            "입주년차":80,
            "용적률점수":"--",
            "건폐율점수":"--",
            "세대당주차수":30,
            "난방방식":100,
            "공급면적":"--",
            "전용률":"--",
            "욕실수":100,
            "현관타입":100,
            "주거총점":82.0,
            "지역구공급총점":0.0,
            "역세권":0,
            "30분내 이동가능 거점":0,
            "1시간내 이동가능 거점":30,
            "교통총점":6.0,
            "백화점":0,
            "아울렛몰":0,
            "대형마트":0,
            "은행":0,
            "병원":80,
            "종합병원":80,
            "공원":0,
            "혐오시설":0,
            "인프라총점":24.0,
            "초등학군":90.06,
            "중학군":51.24,
            "학군총점":59.004,
            "인구수":31.62,
            "인구증감":67.08,
            "인구총점":42.258,
            "일자리":11.1,
            "소득수준":50.98,
            "일자리총점":23.064,
            "가치 총점":34.5506,
            "매매실거래년":20210724.0,
            "매매실거래가":112000.0,
            "전세실거래년":20220114.0,
            "전세실거래가":36750.0,
            "전세가율":40.92,
            "장기전세가율평균":67.74,
            "전세가율거품지수":26.82,
            "검색코드":106200,
            "세대수":1164.0,
            "준공년월":"2015-09-30",
            "준공년차":8.0,
            "가까운역이름":"상일동",
            "가까운역거리":1795.42,
            "역세권여부":"비역세권",
            "30분이내주요거점역":0,
            "1시간이내주요거점역":3,
            "3km이내백화점수":0,
            "5km이내아울렛몰수":0,
            "1km이내대형먀트수":0,
            "500m이내은행수":1,
            "500m이내병원수":35,
            "5km이내대형병원수":1,
            "500m이내공원수":0,
            "3km이내혐오시설수":0,
            "초등학교학업성취도":90.06,
            "중학교학업성취도":85.4,
            "용적률":201,
            "건폐율":15,
            "Y":37.568151,
            "X":127.180793,
            "rank":82.0,
            "area_info":"23평(79.32), 23평(79.26), 23평(79.26), 29평(99.08), 29평(99.08), 29평(99.08), 34평(112.58), 34평(112.57), 34평(112.54), 34평(112.55), 34평(112.58)",
            "last_sales":"2021-07-24,112000.0,34평(112.55)"
        },
        {
            "index":210,
            "아파트명":"효천수리골마을",
            "투자타입":"일반",
            "전용면적(m2)":"70.78",
            "전용면적(평)":"21평",
            "법정동주소":"경기도 하남시 덕풍동 352-1",
            "도로명주소":"경기도 하남시 하남대로861번안길 15",
            "세대수":0,
            "입주년차":40,
            "용적률점수":"--",
            "건폐율점수":"--",
            "세대당주차수":0,
            "난방방식":30,
            "공급면적":"--",
            "전용률":"--",
            "욕실수":50,
            "현관타입":100,
            "주거총점":26.0,
            "지역구공급총점":0.0,
            "역세권":0,
            "30분내 이동가능 거점":0,
            "1시간내 이동가능 거점":50,
            "교통총점":10.0,
            "백화점":100,
            "아울렛몰":0,
            "대형마트":0,
            "은행":20,
            "병원":80,
            "종합병원":100,
            "공원":100,
            "혐오시설":0,
            "인프라총점":63.0,
            "초등학군":87.79,
            "중학군":35.76,
            "학군총점":46.166,
            "인구수":31.62,
            "인구증감":67.08,
            "인구총점":42.258,
            "일자리":11.1,
            "소득수준":50.98,
            "일자리총점":23.064,
            "가치 총점":34.5249,
            "매매실거래년":20210726.0,
            "매매실거래가":42000.0,
            "전세실거래년":20181213.0,
            "전세실거래가":14000.0,
            "전세가율":63.64,
            "장기전세가율평균":67.74,
            "전세가율거품지수":4.1,
            "검색코드":103943,
            "세대수":103.0,
            "준공년월":"2008-06-24",
            "준공년차":15.0,
            "가까운역이름":"상일동",
            "가까운역거리":3409.76,
            "역세권여부":"비역세권",
            "30분이내주요거점역":0,
            "1시간이내주요거점역":5,
            "3km이내백화점수":1,
            "5km이내아울렛몰수":0,
            "1km이내대형먀트수":0,
            "500m이내은행수":2,
            "500m이내병원수":39,
            "5km이내대형병원수":2,
            "500m이내공원수":3,
            "3km이내혐오시설수":0,
            "초등학교학업성취도":87.79,
            "중학교학업성취도":59.6,
            "용적률":276,
            "건폐율":39,
            "Y":37.542526,
            "X":127.200707,
            "rank":83.0,
            "area_info":"21평(70.78), 21평(71.69), 21평(72.7), 24평(82.53), 32평(107.61)",
            "last_sales":"2021-07-26,42000.0,24평(82.53)"
        },
        {
            "index":353,
            "아파트명":"미사강변센트리버",
            "투자타입":"일반",
            "전용면적(m2)":"81.39",
            "전용면적(평)":"24평",
            "법정동주소":"경기도 하남시 선동 436",
            "도로명주소":"경기도 하남시 미사강변대로 270",
            "세대수":90,
            "입주년차":80,
            "용적률점수":"--",
            "건폐율점수":"--",
            "세대당주차수":30,
            "난방방식":100,
            "공급면적":"--",
            "전용률":"--",
            "욕실수":100,
            "현관타입":100,
            "주거총점":82.0,
            "지역구공급총점":0.0,
            "역세권":0,
            "30분내 이동가능 거점":0,
            "1시간내 이동가능 거점":20,
            "교통총점":4.0,
            "백화점":0,
            "아울렛몰":0,
            "대형마트":0,
            "은행":0,
            "병원":60,
            "종합병원":80,
            "공원":0,
            "혐오시설":0,
            "인프라총점":22.0,
            "초등학군":89.01,
            "중학군":54.3,
            "학군총점":61.242,
            "인구수":31.62,
            "인구증감":67.08,
            "인구총점":42.258,
            "일자리":11.1,
            "소득수준":50.98,
            "일자리총점":23.064,
            "가치 총점":33.5863,
            "매매실거래년":20211226.0,
            "매매실거래가":105000.0,
            "전세실거래년":20211210.0,
            "전세실거래가":45000.0,
            "전세가율":47.52,
            "장기전세가율평균":67.74,
            "전세가율거품지수":20.22,
            "검색코드":108423,
            "세대수":1145.0,
            "준공년월":"2016-09-09",
            "준공년차":7.0,
            "가까운역이름":"상일동",
            "가까운역거리":2410.6,
            "역세권여부":"비역세권",
            "30분이내주요거점역":0,
            "1시간이내주요거점역":2,
            "3km이내백화점수":0,
            "5km이내아울렛몰수":0,
            "1km이내대형먀트수":0,
            "500m이내은행수":1,
            "500m이내병원수":25,
            "5km이내대형병원수":1,
            "500m이내공원수":0,
            "3km이내혐오시설수":0,
            "초등학교학업성취도":89.01,
            "중학교학업성취도":90.5,
            "용적률":212,
            "건폐율":15,
            "Y":37.573652,
            "X":127.183484,
            "rank":84.0,
            "area_info":"24평(81.39), 24평(81.49), 24평(81.19), 24평(81.25), 30평(101.78), 30평(101.86), 30평(101.83), 34평(115.34), 34평(115.4), 34평(115.17), 34평(115.39)",
            "last_sales":"2021-12-26,105000.0,34평(115.4)"
        },
        {
            "index":337,
            "아파트명":"미사강변도시베라체",
            "투자타입":"일반",
            "전용면적(m2)":"97.04",
            "전용면적(평)":"29평",
            "법정동주소":"경기도 하남시 선동 453",
            "도로명주소":"경기도 하남시 풍산로 270",
            "세대수":50,
            "입주년차":80,
            "용적률점수":"--",
            "건폐율점수":"--",
            "세대당주차수":30,
            "난방방식":100,
            "공급면적":"--",
            "전용률":"--",
            "욕실수":100,
            "현관타입":100,
            "주거총점":68.0,
            "지역구공급총점":0.0,
            "역세권":0,
            "30분내 이동가능 거점":20,
            "1시간내 이동가능 거점":60,
            "교통총점":18.0,
            "백화점":0,
            "아울렛몰":0,
            "대형마트":0,
            "은행":0,
            "병원":0,
            "종합병원":80,
            "공원":0,
            "혐오시설":0,
            "인프라총점":16.0,
            "초등학군":90.06,
            "중학군":51.24,
            "학군총점":59.004,
            "인구수":31.62,
            "인구증감":67.08,
            "인구총점":42.258,
            "일자리":11.1,
            "소득수준":50.98,
            "일자리총점":23.064,
            "가치 총점":33.5506,
            "매매실거래년":20211112.0,
            "매매실거래가":91500.0,
            "전세실거래년":20211215.0,
            "전세실거래가":60000.0,
            "전세가율":65.57,
            "장기전세가율평균":67.74,
            "전세가율거품지수":2.17,
            "검색코드":106201,
            "세대수":615.0,
            "준공년월":"2015-05-12",
            "준공년차":8.0,
            "가까운역이름":"상일동",
            "가까운역거리":2064.96,
            "역세권여부":"비역세권",
            "30분이내주요거점역":1,
            "1시간이내주요거점역":6,
            "3km이내백화점수":0,
            "5km이내아울렛몰수":0,
            "1km이내대형먀트수":0,
            "500m이내은행수":1,
            "500m이내병원수":0,
            "5km이내대형병원수":1,
            "500m이내공원수":0,
            "3km이내혐오시설수":0,
            "초등학교학업성취도":90.06,
            "중학교학업성취도":85.4,
            "용적률":218,
            "건폐율":19,
            "Y":37.572533,
            "X":127.178685,
            "rank":85.0,
            "area_info":"29평(97.04), 29평(97.04), 33평(109.99), 33평(110.02), 33평(110.02)",
            "last_sales":"2021-11-12,91500.0,29평(97.04)"
        },
        {
            "index":459,
            "아파트명":"미사강변더샵센트럴포레",
            "투자타입":"일반",
            "전용면적(m2)":"96.14",
            "전용면적(평)":"29평",
            "법정동주소":"경기도 하남시 풍산동 486",
            "도로명주소":"경기도 하남시 미사강변대로 55",
            "세대수":50,
            "입주년차":80,
            "용적률점수":"--",
            "건폐율점수":"--",
            "세대당주차수":60,
            "난방방식":100,
            "공급면적":"--",
            "전용률":"--",
            "욕실수":100,
            "현관타입":100,
            "주거총점":72.5,
            "지역구공급총점":0.0,
            "역세권":0,
            "30분내 이동가능 거점":0,
            "1시간내 이동가능 거점":30,
            "교통총점":6.0,
            "백화점":0,
            "아울렛몰":0,
            "대형마트":0,
            "은행":0,
            "병원":60,
            "종합병원":100,
            "공원":0,
            "혐오시설":0,
            "인프라총점":26.0,
            "초등학군":89.52,
            "중학군":52.52,
            "학군총점":59.92,
            "인구수":31.62,
            "인구증감":67.08,
            "인구총점":42.258,
            "일자리":11.1,
            "소득수준":50.98,
            "일자리총점":23.064,
            "가치 총점":33.388,
            "매매실거래년":20211019.0,
            "매매실거래가":124800.0,
            "전세실거래년":20211120.0,
            "전세실거래가":42000.0,
            "전세가율":40.78,
            "장기전세가율평균":67.74,
            "전세가율거품지수":26.96,
            "검색코드":111028,
            "세대수":487.0,
            "준공년월":"2017-10-25",
            "준공년차":6.0,
            "가까운역이름":"상일동",
            "가까운역거리":1648.27,
            "역세권여부":"비역세권",
            "30분이내주요거점역":0,
            "1시간이내주요거점역":3,
            "3km이내백화점수":0,
            "5km이내아울렛몰수":0,
            "1km이내대형먀트수":0,
            "500m이내은행수":0,
            "500m이내병원수":14,
            "5km이내대형병원수":3,
            "500m이내공원수":0,
            "3km이내혐오시설수":0,
            "초등학교학업성취도":89.52,
            "중학교학업성취도":86.4,
            "용적률":209,
            "건폐율":13,
            "Y":37.555171,
            "X":127.185014,
            "rank":86.0,
            "area_info":"29평(96.14), 29평(96.7), 33평(110.41), 33평(110.53), 37평(122.39), 37평(122.46), 37평(122.32), 40평(132.4)",
            "last_sales":"2021-10-19,124800.0,37평(122.46)"
        },
        {
            "index":207,
            "아파트명":"한솔리치빌5단지",
            "투자타입":"일반",
            "전용면적(m2)":"82.49",
            "전용면적(평)":"24평",
            "법정동주소":"경기도 하남시 덕풍동 689",
            "도로명주소":"경기도 하남시 덕산로 50",
            "세대수":0,
            "입주년차":40,
            "용적률점수":"--",
            "건폐율점수":"--",
            "세대당주차수":30,
            "난방방식":30,
            "공급면적":"--",
            "전용률":"--",
            "욕실수":100,
            "현관타입":100,
            "주거총점":35.5,
            "지역구공급총점":0.0,
            "역세권":0,
            "30분내 이동가능 거점":0,
            "1시간내 이동가능 거점":30,
            "교통총점":6.0,
            "백화점":100,
            "아울렛몰":0,
            "대형마트":0,
            "은행":0,
            "병원":10,
            "종합병원":100,
            "공원":100,
            "혐오시설":0,
            "인프라총점":54.0,
            "초등학군":88.27,
            "중학군":43.66,
            "학군총점":52.582,
            "인구수":31.62,
            "인구증감":67.08,
            "인구총점":42.258,
            "일자리":11.1,
            "소득수준":50.98,
            "일자리총점":23.064,
            "가치 총점":33.2873,
            "매매실거래년":20210807.0,
            "매매실거래가":67800.0,
            "전세실거래년":20210802.0,
            "전세실거래가":42000.0,
            "전세가율":70.0,
            "장기전세가율평균":67.74,
            "전세가율거품지수":-2.26,
            "검색코드":9392,
            "세대수":268.0,
            "준공년월":"2006-02-09",
            "준공년차":17.0,
            "가까운역이름":"상일동",
            "가까운역거리":3745.02,
            "역세권여부":"비역세권",
            "30분이내주요거점역":0,
            "1시간이내주요거점역":3,
            "3km이내백화점수":1,
            "5km이내아울렛몰수":0,
            "1km이내대형먀트수":0,
            "500m이내은행수":0,
            "500m이내병원수":2,
            "5km이내대형병원수":2,
            "500m이내공원수":2,
            "3km이내혐오시설수":0,
            "초등학교학업성취도":88.27,
            "중학교학업성취도":72.5,
            "용적률":349,
            "건폐율":19,
            "Y":37.533946,
            "X":127.197721,
            "rank":87.0,
            "area_info":"24평(82.49), 33평(109.82), 33평(110.14)",
            "last_sales":"2021-08-07,67800.0,33평(110.14)"
        },
        {
            "index":449,
            "아파트명":"부영",
            "투자타입":"일반",
            "전용면적(m2)":"67.43",
            "전용면적(평)":"20평",
            "법정동주소":"경기도 하남시 창우동 518",
            "도로명주소":"경기도 하남시 대청로 119",
            "세대수":100,
            "입주년차":0,
            "용적률점수":"--",
            "건폐율점수":"--",
            "세대당주차수":30,
            "난방방식":30,
            "공급면적":"--",
            "전용률":"--",
            "욕실수":50,
            "현관타입":10,
            "주거총점":48.5,
            "지역구공급총점":0.0,
            "역세권":0,
            "30분내 이동가능 거점":0,
            "1시간내 이동가능 거점":40,
            "교통총점":8.0,
            "백화점":100,
            "아울렛몰":0,
            "대형마트":0,
            "은행":0,
            "병원":60,
            "종합병원":0,
            "공원":100,
            "혐오시설":0,
            "인프라총점":39.0,
            "초등학군":87.25,
            "중학군":51.88,
            "학군총점":58.954,
            "인구수":31.62,
            "인구증감":67.08,
            "인구총점":42.258,
            "일자리":11.1,
            "소득수준":50.98,
            "일자리총점":23.064,
            "가치 총점":33.0431,
            "매매실거래년":20211218.0,
            "매매실거래가":67000.0,
            "전세실거래년":20220112.0,
            "전세실거래가":38000.0,
            "전세가율":55.88,
            "장기전세가율평균":67.74,
            "전세가율거품지수":11.86,
            "검색코드":2154,
            "세대수":2055.0,
            "준공년월":"1994-12-09",
            "준공년차":29.0,
            "가까운역이름":"팔당",
            "가까운역거리":1784.18,
            "역세권여부":"비역세권",
            "30분이내주요거점역":0,
            "1시간이내주요거점역":4,
            "3km이내백화점수":1,
            "5km이내아울렛몰수":0,
            "1km이내대형먀트수":0,
            "500m이내은행수":1,
            "500m이내병원수":10,
            "5km이내대형병원수":0,
            "500m이내공원수":5,
            "3km이내혐오시설수":0,
            "초등학교학업성취도":87.25,
            "중학교학업성취도":85.8,
            "용적률":203,
            "건폐율":17,
            "Y":37.540952,
            "X":127.225392,
            "rank":88.0,
            "area_info":"20평(67.43), 24평(81.56)",
            "last_sales":"2021-12-18,67000.0,24평(81.56)"
        },
        {
            "index":53,
            "아파트명":"덕풍쌍용",
            "투자타입":"일반",
            "전용면적(m2)":"74.45",
            "전용면적(평)":"22평",
            "법정동주소":"경기도 하남시 덕풍동 537-1",
            "도로명주소":"경기도 하남시 역말로15번길 35",
            "세대수":50,
            "입주년차":0,
            "용적률점수":"--",
            "건폐율점수":"--",
            "세대당주차수":30,
            "난방방식":30,
            "공급면적":"--",
            "전용률":"--",
            "욕실수":50,
            "현관타입":100,
            "주거총점":40.0,
            "지역구공급총점":0.0,
            "역세권":0,
            "30분내 이동가능 거점":0,
            "1시간내 이동가능 거점":10,
            "교통총점":2.0,
            "백화점":100,
            "아울렛몰":0,
            "대형마트":0,
            "은행":0,
            "병원":10,
            "종합병원":100,
            "공원":100,
            "혐오시설":0,
            "인프라총점":54.0,
            "초등학군":88.27,
            "중학군":43.66,
            "학군총점":52.582,
            "인구수":31.62,
            "인구증감":67.08,
            "인구총점":42.258,
            "일자리":11.1,
            "소득수준":50.98,
            "일자리총점":23.064,
            "가치 총점":32.7873,
            "매매실거래년":20211117.0,
            "매매실거래가":79300.0,
            "전세실거래년":20220111.0,
            "전세실거래가":40000.0,
            "전세가율":67.8,
            "장기전세가율평균":67.74,
            "전세가율거품지수":-0.06,
            "검색코드":2147,
            "세대수":585.0,
            "준공년월":"1998-01-23",
            "준공년차":25.0,
            "가까운역이름":"상일동",
            "가까운역거리":3914.13,
            "역세권여부":"비역세권",
            "30분이내주요거점역":0,
            "1시간이내주요거점역":1,
            "3km이내백화점수":1,
            "5km이내아울렛몰수":0,
            "1km이내대형먀트수":0,
            "500m이내은행수":0,
            "500m이내병원수":2,
            "5km이내대형병원수":2,
            "500m이내공원수":2,
            "3km이내혐오시설수":0,
            "초등학교학업성취도":88.27,
            "중학교학업성취도":72.5,
            "용적률":307,
            "건폐율":23,
            "Y":37.533055,
            "X":127.199292,
            "rank":89.0,
            "area_info":"22평(74.45), 22평(74.49), 32평(105.79), 43평(143.16)",
            "last_sales":"2021-11-17,79300.0,43평(143.16)"
        },
        {
            "index":50,
            "아파트명":"덕풍서해",
            "투자타입":"일반",
            "전용면적(m2)":"80.38",
            "전용면적(평)":"24평",
            "법정동주소":"경기도 하남시 덕풍동 346",
            "도로명주소":"경기도 하남시 신장로205번길 16",
            "세대수":50,
            "입주년차":0,
            "용적률점수":"--",
            "건폐율점수":"--",
            "세대당주차수":0,
            "난방방식":30,
            "공급면적":"--",
            "전용률":"--",
            "욕실수":50,
            "현관타입":10,
            "주거총점":26.5,
            "지역구공급총점":0.0,
            "역세권":0,
            "30분내 이동가능 거점":0,
            "1시간내 이동가능 거점":40,
            "교통총점":8.0,
            "백화점":100,
            "아울렛몰":0,
            "대형마트":0,
            "은행":0,
            "병원":30,
            "종합병원":100,
            "공원":100,
            "혐오시설":0,
            "인프라총점":56.0,
            "초등학군":87.79,
            "중학군":43.66,
            "학군총점":52.486,
            "인구수":31.62,
            "인구증감":67.08,
            "인구총점":42.258,
            "일자리":11.1,
            "소득수준":50.98,
            "일자리총점":23.064,
            "가치 총점":32.7729,
            "매매실거래년":20211217.0,
            "매매실거래가":69800.0,
            "전세실거래년":20211218.0,
            "전세실거래가":38500.0,
            "전세가율":71.96,
            "장기전세가율평균":67.74,
            "전세가율거품지수":-4.22,
            "검색코드":2146,
            "세대수":423.0,
            "준공년월":"1996-04-13",
            "준공년차":27.0,
            "가까운역이름":"상일동",
            "가까운역거리":3120.02,
            "역세권여부":"비역세권",
            "30분이내주요거점역":0,
            "1시간이내주요거점역":4,
            "3km이내백화점수":1,
            "5km이내아울렛몰수":0,
            "1km이내대형먀트수":0,
            "500m이내은행수":0,
            "500m이내병원수":7,
            "5km이내대형병원수":2,
            "500m이내공원수":2,
            "3km이내혐오시설수":0,
            "초등학교학업성취도":87.79,
            "중학교학업성취도":72.5,
            "용적률":365,
            "건폐율":25,
            "Y":37.543059,
            "X":127.197336,
            "rank":90.0,
            "area_info":"24평(80.38), 31평(105.17), 37평(124.0)",
            "last_sales":"2021-12-17,69800.0,37평(124.0)"
        },
        {
            "index":447,
            "아파트명":"꿈동산신안",
            "투자타입":"일반",
            "전용면적(m2)":"107.7",
            "전용면적(평)":"32평",
            "법정동주소":"경기도 하남시 창우동 521",
            "도로명주소":"경기도 하남시 대청로116번길 59",
            "세대수":100,
            "입주년차":0,
            "용적률점수":"--",
            "건폐율점수":"--",
            "세대당주차수":0,
            "난방방식":30,
            "공급면적":"--",
            "전용률":"--",
            "욕실수":100,
            "현관타입":100,
            "주거총점":58.0,
            "지역구공급총점":0.0,
            "역세권":0,
            "30분내 이동가능 거점":0,
            "1시간내 이동가능 거점":20,
            "교통총점":4.0,
            "백화점":100,
            "아울렛몰":0,
            "대형마트":0,
            "은행":0,
            "병원":30,
            "종합병원":0,
            "공원":100,
            "혐오시설":0,
            "인프라총점":36.0,
            "초등학군":90.88,
            "중학군":51.88,
            "학군총점":59.68,
            "인구수":31.62,
            "인구증감":67.08,
            "인구총점":42.258,
            "일자리":11.1,
            "소득수준":50.98,
            "일자리총점":23.064,
            "가치 총점":32.752,
            "매매실거래년":20211126.0,
            "매매실거래가":84000.0,
            "전세실거래년":20220101.0,
            "전세실거래가":31500.0,
            "전세가율":37.5,
            "장기전세가율평균":67.74,
            "전세가율거품지수":30.24,
            "검색코드":2155,
            "세대수":1704.0,
            "준공년월":"1994-12-20",
            "준공년차":29.0,
            "가까운역이름":"팔당",
            "가까운역거리":2020.69,
            "역세권여부":"비역세권",
            "30분이내주요거점역":0,
            "1시간이내주요거점역":2,
            "3km이내백화점수":1,
            "5km이내아울렛몰수":0,
            "1km이내대형먀트수":0,
            "500m이내은행수":0,
            "500m이내병원수":6,
            "5km이내대형병원수":0,
            "500m이내공원수":5,
            "3km이내혐오시설수":0,
            "초등학교학업성취도":90.88,
            "중학교학업성취도":85.8,
            "용적률":214,
            "건폐율":17,
            "Y":37.536573,
            "X":127.225505,
            "rank":91.0,
            "area_info":"32평(107.7), 32평(107.68)",
            "last_sales":"2021-11-26,84000.0,32평(107.7)"
        },
        {
            "index":319,
            "아파트명":"리버스위트칸타빌",
            "투자타입":"일반",
            "전용면적(m2)":"118.33",
            "전용면적(평)":"35평",
            "법정동주소":"경기도 하남시 선동 441",
            "도로명주소":"경기도 하남시 미사강변한강로 30",
            "세대수":50,
            "입주년차":80,
            "용적률점수":"--",
            "건폐율점수":"--",
            "세대당주차수":60,
            "난방방식":100,
            "공급면적":"--",
            "전용률":"--",
            "욕실수":100,
            "현관타입":100,
            "주거총점":72.5,
            "지역구공급총점":0.0,
            "역세권":0,
            "30분내 이동가능 거점":20,
            "1시간내 이동가능 거점":30,
            "교통총점":12.0,
            "백화점":0,
            "아울렛몰":0,
            "대형마트":0,
            "은행":0,
            "병원":0,
            "종합병원":80,
            "공원":0,
            "혐오시설":0,
            "인프라총점":16.0,
            "초등학군":90.06,
            "중학군":51.24,
            "학군총점":59.004,
            "인구수":31.62,
            "인구증감":67.08,
            "인구총점":42.258,
            "일자리":11.1,
            "소득수준":50.98,
            "일자리총점":23.064,
            "가치 총점":32.3506,
            "매매실거래년":20210930.0,
            "매매실거래가":126000.0,
            "전세실거래년":20211216.0,
            "전세실거래가":75000.0,
            "전세가율":59.52,
            "장기전세가율평균":67.74,
            "전세가율거품지수":8.22,
            "검색코드":111865,
            "세대수":550.0,
            "준공년월":"2018-05-29",
            "준공년차":5.0,
            "가까운역이름":"상일동",
            "가까운역거리":2350.82,
            "역세권여부":"비역세권",
            "30분이내주요거점역":1,
            "1시간이내주요거점역":3,
            "3km이내백화점수":0,
            "5km이내아울렛몰수":0,
            "1km이내대형먀트수":0,
            "500m이내은행수":1,
            "500m이내병원수":1,
            "5km이내대형병원수":1,
            "500m이내공원수":0,
            "3km이내혐오시설수":0,
            "초등학교학업성취도":90.06,
            "중학교학업성취도":85.4,
            "용적률":209,
            "건폐율":12,
            "Y":37.575116,
            "X":127.179543,
            "rank":92.0,
            "area_info":"35평(118.33), 35평(118.33), 37평(122.5), 38평(125.79), 38평(125.79), 39평(130.7), 39평(130.7), 49평(164.17), 54평(180.11), 56평(185.56)",
            "last_sales":"2021-09-30,126000.0,37평(122.5)"
        },
        {
            "index":364,
            "아파트명":"미사강변푸르지오2차",
            "투자타입":"일반",
            "전용면적(m2)":"121.61",
            "전용면적(평)":"36평",
            "법정동주소":"경기도 하남시 선동 433",
            "도로명주소":"경기도 하남시 미사강변한강로 60",
            "세대수":90,
            "입주년차":80,
            "용적률점수":"--",
            "건폐율점수":"--",
            "세대당주차수":60,
            "난방방식":100,
            "공급면적":"--",
            "전용률":"--",
            "욕실수":100,
            "현관타입":100,
            "주거총점":86.5,
            "지역구공급총점":0.0,
            "역세권":0,
            "30분내 이동가능 거점":0,
            "1시간내 이동가능 거점":10,
            "교통총점":2.0,
            "백화점":0,
            "아울렛몰":0,
            "대형마트":0,
            "은행":0,
            "병원":0,
            "종합병원":80,
            "공원":0,
            "혐오시설":0,
            "인프라총점":16.0,
            "초등학군":89.01,
            "중학군":54.3,
            "학군총점":61.242,
            "인구수":31.62,
            "인구증감":67.08,
            "인구총점":42.258,
            "일자리":11.1,
            "소득수준":50.98,
            "일자리총점":23.064,
            "가치 총점":31.9863,
            "매매실거래년":20211224.0,
            "매매실거래가":142000.0,
            "전세실거래년":20220108.0,
            "전세실거래가":70000.0,
            "전세가율":58.33,
            "장기전세가율평균":67.74,
            "전세가율거품지수":9.41,
            "검색코드":108479,
            "세대수":1066.0,
            "준공년월":"2016-09-28",
            "준공년차":7.0,
            "가까운역이름":"상일동",
            "가까운역거리":2545.86,
            "역세권여부":"비역세권",
            "30분이내주요거점역":0,
            "1시간이내주요거점역":1,
            "3km이내백화점수":0,
            "5km이내아울렛몰수":0,
            "1km이내대형먀트수":0,
            "500m이내은행수":1,
            "500m이내병원수":1,
            "5km이내대형병원수":1,
            "500m이내공원수":0,
            "3km이내혐오시설수":0,
            "초등학교학업성취도":89.01,
            "중학교학업성취도":90.5,
            "용적률":209,
            "건폐율":14,
            "Y":37.575729,
            "X":127.182502,
            "rank":93.0,
            "area_info":"36평(121.61), 39평(131.53), 39평(131.79), 39평(131.38), 39평(131.38), 39평(132.06), 45평(150.96), 46평(152.12)",
            "last_sales":"2021-12-24,142000.0,39평(132.06)"
        },
        {
            "index":392,
            "아파트명":"석바대마을동신",
            "투자타입":"일반",
            "전용면적(m2)":"104.2",
            "전용면적(평)":"31평",
            "법정동주소":"경기도 하남시 신장동 452-1",
            "도로명주소":"경기도 하남시 하남대로739번길 54",
            "세대수":0,
            "입주년차":20,
            "용적률점수":"--",
            "건폐율점수":"--",
            "세대당주차수":30,
            "난방방식":30,
            "공급면적":"--",
            "전용률":"--",
            "욕실수":100,
            "현관타입":100,
            "주거총점":31.5,
            "지역구공급총점":0.0,
            "역세권":0,
            "30분내 이동가능 거점":0,
            "1시간내 이동가능 거점":20,
            "교통총점":4.0,
            "백화점":100,
            "아울렛몰":0,
            "대형마트":80,
            "은행":70,
            "병원":60,
            "종합병원":0,
            "공원":100,
            "혐오시설":0,
            "인프라총점":58.0,
            "초등학군":83.38,
            "중학군":35.76,
            "학군총점":45.284,
            "인구수":31.62,
            "인구증감":67.08,
            "인구총점":42.258,
            "일자리":11.1,
            "소득수준":50.98,
            "일자리총점":23.064,
            "가치 총점":31.8926,
            "매매실거래년":20211125.0,
            "매매실거래가":55500.0,
            "전세실거래년":20211012.0,
            "전세실거래가":29400.0,
            "전세가율":52.97,
            "장기전세가율평균":67.74,
            "전세가율거품지수":14.77,
            "검색코드":9443,
            "세대수":149.0,
            "준공년월":"2001-05-04",
            "준공년차":22.0,
            "가까운역이름":"팔당",
            "가까운역거리":3152.85,
            "역세권여부":"비역세권",
            "30분이내주요거점역":0,
            "1시간이내주요거점역":2,
            "3km이내백화점수":1,
            "5km이내아울렛몰수":0,
            "1km이내대형먀트수":1,
            "500m이내은행수":3,
            "500m이내병원수":16,
            "5km이내대형병원수":0,
            "500m이내공원수":3,
            "3km이내혐오시설수":0,
            "초등학교학업성취도":83.38,
            "중학교학업성취도":59.6,
            "용적률":368,
            "건폐율":26,
            "Y":37.537312,
            "X":127.210505,
            "rank":94.0,
            "area_info":"31평(104.2), 31평(104.2)",
            "last_sales":"2021-11-25,55500.0,31평(104.2)"
        },
        {
            "index":203,
            "아파트명":"한솔리치빌3단지",
            "투자타입":"일반",
            "전용면적(m2)":"81.79",
            "전용면적(평)":"24평",
            "법정동주소":"경기도 하남시 덕풍동 688",
            "도로명주소":"경기도 하남시 덕산로 80",
            "세대수":0,
            "입주년차":40,
            "용적률점수":"--",
            "건폐율점수":"--",
            "세대당주차수":30,
            "난방방식":30,
            "공급면적":"--",
            "전용률":"--",
            "욕실수":100,
            "현관타입":100,
            "주거총점":35.5,
            "지역구공급총점":0.0,
            "역세권":0,
            "30분내 이동가능 거점":0,
            "1시간내 이동가능 거점":10,
            "교통총점":2.0,
            "백화점":100,
            "아울렛몰":0,
            "대형마트":0,
            "은행":0,
            "병원":10,
            "종합병원":100,
            "공원":100,
            "혐오시설":0,
            "인프라총점":54.0,
            "초등학군":87.79,
            "중학군":43.66,
            "학군총점":52.486,
            "인구수":31.62,
            "인구증감":67.08,
            "인구총점":42.258,
            "일자리":11.1,
            "소득수준":50.98,
            "일자리총점":23.064,
            "가치 총점":31.8729,
            "매매실거래년":20200424.0,
            "매매실거래가":46000.0,
            "전세실거래년":20200711.0,
            "전세실거래가":30000.0,
            "전세가율":89.55,
            "장기전세가율평균":67.74,
            "전세가율거품지수":-21.81,
            "검색코드":9393,
            "세대수":283.0,
            "준공년월":"2005-01-20",
            "준공년차":18.0,
            "가까운역이름":"상일동",
            "가까운역거리":3442.94,
            "역세권여부":"비역세권",
            "30분이내주요거점역":0,
            "1시간이내주요거점역":1,
            "3km이내백화점수":1,
            "5km이내아울렛몰수":0,
            "1km이내대형먀트수":0,
            "500m이내은행수":0,
            "500m이내병원수":2,
            "5km이내대형병원수":2,
            "500m이내공원수":3,
            "3km이내혐오시설수":0,
            "초등학교학업성취도":87.79,
            "중학교학업성취도":72.5,
            "용적률":346,
            "건폐율":25,
            "Y":37.536475,
            "X":127.195974,
            "rank":95.0,
            "area_info":"24평(81.79), 33평(110.02), 33평(110.26), 45평(150.26)",
            "last_sales":"2020-04-24,46000.0,45평(150.26)"
        },
        {
            "index":57,
            "아파트명":"덕풍현대",
            "투자타입":"일반",
            "전용면적(m2)":"81.69",
            "전용면적(평)":"24평",
            "법정동주소":"경기도 하남시 덕풍동 524",
            "도로명주소":"경기도 하남시 대성로 259",
            "세대수":50,
            "입주년차":0,
            "용적률점수":"--",
            "건폐율점수":"--",
            "세대당주차수":60,
            "난방방식":30,
            "공급면적":"--",
            "전용률":"--",
            "욕실수":50,
            "현관타입":10,
            "주거총점":35.5,
            "지역구공급총점":0.0,
            "역세권":0,
            "30분내 이동가능 거점":0,
            "1시간내 이동가능 거점":10,
            "교통총점":2.0,
            "백화점":100,
            "아울렛몰":0,
            "대형마트":0,
            "은행":0,
            "병원":10,
            "종합병원":100,
            "공원":80,
            "혐오시설":0,
            "인프라총점":53.4,
            "초등학군":88.27,
            "중학군":43.66,
            "학군총점":52.582,
            "인구수":31.62,
            "인구증감":67.08,
            "인구총점":42.258,
            "일자리":11.1,
            "소득수준":50.98,
            "일자리총점":23.064,
            "가치 총점":31.7073,
            "매매실거래년":20211225.0,
            "매매실거래가":53200.0,
            "전세실거래년":20211027.0,
            "전세실거래가":35000.0,
            "전세가율":65.79,
            "장기전세가율평균":67.74,
            "전세가율거품지수":1.95,
            "검색코드":2148,
            "세대수":555.0,
            "준공년월":"1997-12-19",
            "준공년차":26.0,
            "가까운역이름":"상일동",
            "가까운역거리":4030.99,
            "역세권여부":"비역세권",
            "30분이내주요거점역":0,
            "1시간이내주요거점역":1,
            "3km이내백화점수":1,
            "5km이내아울렛몰수":0,
            "1km이내대형먀트수":0,
            "500m이내은행수":0,
            "500m이내병원수":2,
            "5km이내대형병원수":2,
            "500m이내공원수":1,
            "3km이내혐오시설수":0,
            "초등학교학업성취도":88.27,
            "중학교학업성취도":72.5,
            "용적률":304,
            "건폐율":25,
            "Y":37.533113,
            "X":127.201124,
            "rank":96.0,
            "area_info":"24평(81.69), 32평(108.57)",
            "last_sales":"2021-12-25,53200.0,24평(81.69)"
        },
        {
            "index":60,
            "아파트명":"라인",
            "투자타입":"일반",
            "전용면적(m2)":"83.06",
            "전용면적(평)":"25평",
            "법정동주소":"경기도 하남시 덕풍동 336-40",
            "도로명주소":"경기도 하남시 하남대로 895",
            "세대수":30,
            "입주년차":0,
            "용적률점수":"--",
            "건폐율점수":"--",
            "세대당주차수":0,
            "난방방식":30,
            "공급면적":"--",
            "전용률":"--",
            "욕실수":50,
            "현관타입":10,
            "주거총점":19.5,
            "지역구공급총점":0.0,
            "역세권":0,
            "30분내 이동가능 거점":0,
            "1시간내 이동가능 거점":50,
            "교통총점":10.0,
            "백화점":100,
            "아울렛몰":0,
            "대형마트":0,
            "은행":0,
            "병원":30,
            "종합병원":100,
            "공원":100,
            "혐오시설":0,
            "인프라총점":56.0,
            "초등학군":87.79,
            "중학군":35.76,
            "학군총점":46.166,
            "인구수":31.62,
            "인구증감":67.08,
            "인구총점":42.258,
            "일자리":11.1,
            "소득수준":50.98,
            "일자리총점":23.064,
            "가치 총점":31.1249,
            "매매실거래년":20211228.0,
            "매매실거래가":57800.0,
            "전세실거래년":20211230.0,
            "전세실거래가":40000.0,
            "전세가율":69.2,
            "장기전세가율평균":67.74,
            "전세가율거품지수":-1.46,
            "검색코드":2145,
            "세대수":352.0,
            "준공년월":"1997-04-16",
            "준공년차":26.0,
            "가까운역이름":"상일동",
            "가까운역거리":3229.22,
            "역세권여부":"비역세권",
            "30분이내주요거점역":0,
            "1시간이내주요거점역":5,
            "3km이내백화점수":1,
            "5km이내아울렛몰수":0,
            "1km이내대형먀트수":0,
            "500m이내은행수":1,
            "500m이내병원수":8,
            "5km이내대형병원수":2,
            "500m이내공원수":2,
            "3km이내혐오시설수":0,
            "초등학교학업성취도":87.79,
            "중학교학업성취도":59.6,
            "용적률":306,
            "건폐율":31,
            "Y":37.5447,
            "X":127.199767,
            "rank":97.0,
            "area_info":"25평(83.06), 32평(106.99)",
            "last_sales":"2021-12-28,57800.0,25평(83.06)"
        },
        {
            "index":455,
            "아파트명":"창우마을",
            "투자타입":"일반",
            "전용면적(m2)":"75.69",
            "전용면적(평)":"22평",
            "법정동주소":"경기도 하남시 창우동 537",
            "도로명주소":"경기도 하남시 대청로116번길 25",
            "세대수":0,
            "입주년차":40,
            "용적률점수":"--",
            "건폐율점수":"--",
            "세대당주차수":30,
            "난방방식":30,
            "공급면적":"--",
            "전용률":"--",
            "욕실수":100,
            "현관타입":100,
            "주거총점":35.5,
            "지역구공급총점":0.0,
            "역세권":0,
            "30분내 이동가능 거점":0,
            "1시간내 이동가능 거점":40,
            "교통총점":8.0,
            "백화점":100,
            "아울렛몰":0,
            "대형마트":0,
            "은행":0,
            "병원":60,
            "종합병원":0,
            "공원":100,
            "혐오시설":0,
            "인프라총점":39.0,
            "초등학군":90.88,
            "중학군":51.88,
            "학군총점":59.68,
            "인구수":31.62,
            "인구증감":67.08,
            "인구총점":42.258,
            "일자리":11.1,
            "소득수준":50.98,
            "일자리총점":23.064,
            "가치 총점":30.552,
            "매매실거래년":20211206.0,
            "매매실거래가":76000.0,
            "전세실거래년":20211022.0,
            "전세실거래가":41000.0,
            "전세가율":73.21,
            "장기전세가율평균":67.74,
            "전세가율거품지수":-5.47,
            "검색코드":9501,
            "세대수":154.0,
            "준공년월":"2004-09-18",
            "준공년차":19.0,
            "가까운역이름":"팔당",
            "가까운역거리":1988.94,
            "역세권여부":"비역세권",
            "30분이내주요거점역":0,
            "1시간이내주요거점역":4,
            "3km이내백화점수":1,
            "5km이내아울렛몰수":0,
            "1km이내대형먀트수":0,
            "500m이내은행수":1,
            "500m이내병원수":10,
            "5km이내대형병원수":0,
            "500m이내공원수":6,
            "3km이내혐오시설수":0,
            "초등학교학업성취도":90.88,
            "중학교학업성취도":85.8,
            "용적률":394,
            "건폐율":25,
            "Y":37.537974,
            "X":127.224744,
            "rank":98.0,
            "area_info":"22평(75.69), 32평(108.12)",
            "last_sales":"2021-12-06,76000.0,32평(108.12)"
        },
        {
            "index":432,
            "아파트명":"하남신장현대홈타운",
            "투자타입":"일반",
            "전용면적(m2)":"75.6",
            "전용면적(평)":"22평",
            "법정동주소":"경기도 하남시 신장동 568",
            "도로명주소":"경기도 하남시 신장로76번길 50",
            "세대수":0,
            "입주년차":40,
            "용적률점수":"--",
            "건폐율점수":"--",
            "세대당주차수":30,
            "난방방식":30,
            "공급면적":"--",
            "전용률":"--",
            "욕실수":50,
            "현관타입":100,
            "주거총점":30.5,
            "지역구공급총점":0.0,
            "역세권":0,
            "30분내 이동가능 거점":0,
            "1시간내 이동가능 거점":20,
            "교통총점":4.0,
            "백화점":100,
            "아울렛몰":0,
            "대형마트":80,
            "은행":20,
            "병원":30,
            "종합병원":0,
            "공원":100,
            "혐오시설":0,
            "인프라총점":50.0,
            "초등학군":83.38,
            "중학군":35.76,
            "학군총점":45.284,
            "인구수":31.62,
            "인구증감":67.08,
            "인구총점":42.258,
            "일자리":11.1,
            "소득수준":50.98,
            "일자리총점":23.064,
            "가치 총점":29.2926,
            "매매실거래년":20211012.0,
            "매매실거래가":65000.0,
            "전세실거래년":20211101.0,
            "전세실거래가":24000.0,
            "전세가율":53.33,
            "장기전세가율평균":67.74,
            "전세가율거품지수":14.41,
            "검색코드":9117,
            "세대수":212.0,
            "준공년월":"2004-04-22",
            "준공년차":19.0,
            "가까운역이름":"팔당",
            "가까운역거리":3063.48,
            "역세권여부":"비역세권",
            "30분이내주요거점역":0,
            "1시간이내주요거점역":2,
            "3km이내백화점수":1,
            "5km이내아울렛몰수":0,
            "1km이내대형먀트수":1,
            "500m이내은행수":2,
            "500m이내병원수":7,
            "5km이내대형병원수":0,
            "500m이내공원수":2,
            "3km이내혐오시설수":0,
            "초등학교학업성취도":83.38,
            "중학교학업성취도":59.6,
            "용적률":301,
            "건폐율":18,
            "Y":37.536403,
            "X":127.212065,
            "rank":99.0,
            "area_info":"22평(75.6), 30평(101.15)",
            "last_sales":"2021-10-12,65000.0,30평(101.15)"
        }
    ]
}