{
    "schema":{
        "fields":[
            {
                "name":"index",
                "type":"integer"
            },
            {
                "name":"아파트명",
                "type":"string"
            },
            {
                "name":"투자타입",
                "type":"string"
            },
            {
                "name":"전용면적(m2)",
                "type":"string"
            },
            {
                "name":"전용면적(평)",
                "type":"string"
            },
            {
                "name":"법정동주소",
                "type":"string"
            },
            {
                "name":"도로명주소",
                "type":"string"
            },
            {
                "name":"세대수",
                "type":"integer"
            },
            {
                "name":"입주년차",
                "type":"string"
            },
            {
                "name":"용적률점수",
                "type":"string"
            },
            {
                "name":"건폐율점수",
                "type":"string"
            },
            {
                "name":"세대당주차수",
                "type":"string"
            },
            {
                "name":"난방방식",
                "type":"string"
            },
            {
                "name":"공급면적",
                "type":"string"
            },
            {
                "name":"전용률",
                "type":"string"
            },
            {
                "name":"욕실수",
                "type":"string"
            },
            {
                "name":"현관타입",
                "type":"string"
            },
            {
                "name":"주거총점",
                "type":"number"
            },
            {
                "name":"지역구공급총점",
                "type":"number"
            },
            {
                "name":"역세권",
                "type":"integer"
            },
            {
                "name":"30분내 이동가능 거점",
                "type":"integer"
            },
            {
                "name":"1시간내 이동가능 거점",
                "type":"integer"
            },
            {
                "name":"교통총점",
                "type":"number"
            },
            {
                "name":"백화점",
                "type":"integer"
            },
            {
                "name":"아울렛몰",
                "type":"integer"
            },
            {
                "name":"대형마트",
                "type":"integer"
            },
            {
                "name":"은행",
                "type":"integer"
            },
            {
                "name":"병원",
                "type":"integer"
            },
            {
                "name":"종합병원",
                "type":"integer"
            },
            {
                "name":"공원",
                "type":"integer"
            },
            {
                "name":"혐오시설",
                "type":"integer"
            },
            {
                "name":"인프라총점",
                "type":"number"
            },
            {
                "name":"초등학군",
                "type":"number"
            },
            {
                "name":"중학군",
                "type":"number"
            },
            {
                "name":"학군총점",
                "type":"number"
            },
            {
                "name":"인구수",
                "type":"number"
            },
            {
                "name":"인구증감",
                "type":"number"
            },
            {
                "name":"인구총점",
                "type":"number"
            },
            {
                "name":"일자리",
                "type":"number"
            },
            {
                "name":"소득수준",
                "type":"number"
            },
            {
                "name":"일자리총점",
                "type":"number"
            },
            {
                "name":"가치 총점",
                "type":"number"
            },
            {
                "name":"매매실거래년",
                "type":"string"
            },
            {
                "name":"매매실거래가",
                "type":"number"
            },
            {
                "name":"전세실거래년",
                "type":"number"
            },
            {
                "name":"전세실거래가",
                "type":"number"
            },
            {
                "name":"전세가율",
                "type":"number"
            },
            {
                "name":"장기전세가율평균",
                "type":"number"
            },
            {
                "name":"전세가율거품지수",
                "type":"number"
            },
            {
                "name":"검색코드",
                "type":"integer"
            },
            {
                "name":"세대수",
                "type":"number"
            },
            {
                "name":"준공년월",
                "type":"string"
            },
            {
                "name":"준공년차",
                "type":"number"
            },
            {
                "name":"가까운역이름",
                "type":"string"
            },
            {
                "name":"가까운역거리",
                "type":"number"
            },
            {
                "name":"역세권여부",
                "type":"string"
            },
            {
                "name":"30분이내주요거점역",
                "type":"integer"
            },
            {
                "name":"1시간이내주요거점역",
                "type":"integer"
            },
            {
                "name":"3km이내백화점수",
                "type":"integer"
            },
            {
                "name":"5km이내아울렛몰수",
                "type":"integer"
            },
            {
                "name":"1km이내대형먀트수",
                "type":"integer"
            },
            {
                "name":"500m이내은행수",
                "type":"integer"
            },
            {
                "name":"500m이내병원수",
                "type":"integer"
            },
            {
                "name":"5km이내대형병원수",
                "type":"integer"
            },
            {
                "name":"500m이내공원수",
                "type":"integer"
            },
            {
                "name":"3km이내혐오시설수",
                "type":"integer"
            },
            {
                "name":"초등학교학업성취도",
                "type":"number"
            },
            {
                "name":"중학교학업성취도",
                "type":"number"
            },
            {
                "name":"용적률",
                "type":"integer"
            },
            {
                "name":"건폐율",
                "type":"integer"
            },
            {
                "name":"Y",
                "type":"number"
            },
            {
                "name":"X",
                "type":"number"
            },
            {
                "name":"rank",
                "type":"number"
            },
            {
                "name":"area_info",
                "type":"string"
            },
            {
                "name":"last_sales",
                "type":"string"
            }
        ],
        "primaryKey":[
            "index"
        ],
        "pandas_version":"1.4.0"
    },
    "data":[
        {
            "index":474,
            "아파트명":"롯데캐슬파크타운Ⅱ",
            "투자타입":"일반",
            "전용면적(m2)":"82.79",
            "전용면적(평)":"25평",
            "법정동주소":"경기도 파주시 야당동 1015",
            "도로명주소":"경기도 파주시 한빛로 20",
            "세대수":90,
            "입주년차":80,
            "용적률점수":"--",
            "건폐율점수":"--",
            "세대당주차수":30,
            "난방방식":100,
            "공급면적":"--",
            "전용률":"--",
            "욕실수":100,
            "현관타입":100,
            "주거총점":82.0,
            "지역구공급총점":0.0,
            "역세권":80,
            "30분내 이동가능 거점":20,
            "1시간내 이동가능 거점":20,
            "교통총점":50.0,
            "백화점":0,
            "아울렛몰":0,
            "대형마트":80,
            "은행":0,
            "병원":60,
            "종합병원":80,
            "공원":100,
            "혐오시설":0,
            "인프라총점":37.0,
            "초등학군":88.32,
            "중학군":52.2,
            "학군총점":59.424,
            "인구수":51.2,
            "인구증감":30.12,
            "인구총점":44.876,
            "일자리":25.4,
            "소득수준":52.54,
            "일자리총점":33.542,
            "가치 총점":53.9136,
            "매매실거래년":20211231.0,
            "매매실거래가":57000.0,
            "전세실거래년":20211208.0,
            "전세실거래가":40000.0,
            "전세가율":70.18,
            "장기전세가율평균":70.05,
            "전세가율거품지수":-0.13,
            "검색코드":111493,
            "세대수":1169.0,
            "준공년월":"2018-04-26",
            "준공년차":5.0,
            "가까운역이름":"야당",
            "가까운역거리":490.35,
            "역세권여부":"역세권",
            "30분이내주요거점역":1,
            "1시간이내주요거점역":2,
            "3km이내백화점수":0,
            "5km이내아울렛몰수":0,
            "1km이내대형먀트수":1,
            "500m이내은행수":1,
            "500m이내병원수":25,
            "5km이내대형병원수":1,
            "500m이내공원수":3,
            "3km이내혐오시설수":0,
            "초등학교학업성취도":88.32,
            "중학교학업성취도":85.2,
            "용적률":208,
            "건폐율":14,
            "Y":37.711831,
            "X":126.755817,
            "rank":1.0,
            "area_info":"25평(82.79), 25평(84.28), 25평(85.0), 34평(115.05), 34평(115.16), 37평(124.19)",
            "last_sales":"2021-12-31,57000.0,25평(82.79)"
        },
        {
            "index":470,
            "아파트명":"롯데캐슬파크타운",
            "투자타입":"일반",
            "전용면적(m2)":"80.91",
            "전용면적(평)":"24평",
            "법정동주소":"경기도 파주시 야당동 1016",
            "도로명주소":"경기도 파주시 와석순환로 16",
            "세대수":90,
            "입주년차":80,
            "용적률점수":"--",
            "건폐율점수":"--",
            "세대당주차수":30,
            "난방방식":100,
            "공급면적":"--",
            "전용률":"--",
            "욕실수":100,
            "현관타입":100,
            "주거총점":82.0,
            "지역구공급총점":0.0,
            "역세권":80,
            "30분내 이동가능 거점":20,
            "1시간내 이동가능 거점":30,
            "교통총점":52.0,
            "백화점":0,
            "아울렛몰":0,
            "대형마트":0,
            "은행":0,
            "병원":60,
            "종합병원":80,
            "공원":100,
            "혐오시설":0,
            "인프라총점":25.0,
            "초등학군":88.32,
            "중학군":52.2,
            "학군총점":59.424,
            "인구수":51.2,
            "인구증감":30.12,
            "인구총점":44.876,
            "일자리":25.4,
            "소득수준":52.54,
            "일자리총점":33.542,
            "가치 총점":51.0136,
            "매매실거래년":20211208.0,
            "매매실거래가":65500.0,
            "전세실거래년":20220111.0,
            "전세실거래가":32500.0,
            "전세가율":53.28,
            "장기전세가율평균":70.05,
            "전세가율거품지수":16.77,
            "검색코드":110323,
            "세대수":1076.0,
            "준공년월":"2017-10-27",
            "준공년차":6.0,
            "가까운역이름":"야당",
            "가까운역거리":319.43,
            "역세권여부":"역세권",
            "30분이내주요거점역":1,
            "1시간이내주요거점역":3,
            "3km이내백화점수":0,
            "5km이내아울렛몰수":0,
            "1km이내대형먀트수":0,
            "500m이내은행수":1,
            "500m이내병원수":20,
            "5km이내대형병원수":1,
            "500m이내공원수":4,
            "3km이내혐오시설수":0,
            "초등학교학업성취도":88.32,
            "중학교학업성취도":85.2,
            "용적률":208,
            "건폐율":17,
            "Y":37.712363,
            "X":126.757725,
            "rank":2.0,
            "area_info":"24평(80.91), 30평(100.03), 33평(112.13), 33평(112.34)",
            "last_sales":"2021-12-08,65500.0,33평(112.13)"
        },
        {
            "index":547,
            "아파트명":"한빛마을5단지캐슬앤칸타빌",
            "투자타입":"일반",
            "전용면적(m2)":"80.13",
            "전용면적(평)":"24평",
            "법정동주소":"경기도 파주시 야당동 991",
            "도로명주소":"경기도 파주시 한빛로 70",
            "세대수":100,
            "입주년차":60,
            "용적률점수":"--",
            "건폐율점수":"--",
            "세대당주차수":60,
            "난방방식":100,
            "공급면적":"--",
            "전용률":"--",
            "욕실수":100,
            "현관타입":100,
            "주거총점":86.0,
            "지역구공급총점":0.0,
            "역세권":80,
            "30분내 이동가능 거점":0,
            "1시간내 이동가능 거점":20,
            "교통총점":44.0,
            "백화점":0,
            "아울렛몰":0,
            "대형마트":0,
            "은행":0,
            "병원":60,
            "종합병원":100,
            "공원":100,
            "혐오시설":0,
            "인프라총점":29.0,
            "초등학군":86.14,
            "중학군":52.2,
            "학군총점":58.988,
            "인구수":51.2,
            "인구증감":30.12,
            "인구총점":44.876,
            "일자리":25.4,
            "소득수준":52.54,
            "일자리총점":33.542,
            "가치 총점":50.1482,
            "매매실거래년":20211015.0,
            "매매실거래가":80000.0,
            "전세실거래년":20210820.0,
            "전세실거래가":38000.0,
            "전세가율":72.11,
            "장기전세가율평균":70.05,
            "전세가율거품지수":-2.06,
            "검색코드":100751,
            "세대수":2190.0,
            "준공년월":"2012-07-27",
            "준공년차":11.0,
            "가까운역이름":"야당",
            "가까운역거리":480.3,
            "역세권여부":"역세권",
            "30분이내주요거점역":0,
            "1시간이내주요거점역":2,
            "3km이내백화점수":0,
            "5km이내아울렛몰수":0,
            "1km이내대형먀트수":0,
            "500m이내은행수":0,
            "500m이내병원수":18,
            "5km이내대형병원수":2,
            "500m이내공원수":2,
            "3km이내혐오시설수":0,
            "초등학교학업성취도":86.14,
            "중학교학업성취도":85.2,
            "용적률":208,
            "건폐율":13,
            "Y":37.715574,
            "X":126.757755,
            "rank":3.0,
            "area_info":"24평(80.13), 24평(80.05), 24평(81.38), 24평(81.46), 33평(109.85), 33평(110.58), 33평(110.2), 33평(110.69), 39평(128.94), 39평(129.15), 45평(150.52), 45평(151.31), 50평(167.65)",
            "last_sales":"2021-10-15,80000.0,50평(167.65)"
        },
        {
            "index":480,
            "아파트명":"운정아모리움한빛마을",
            "투자타입":"일반",
            "전용면적(m2)":"69.9",
            "전용면적(평)":"21평",
            "법정동주소":"경기도 파주시 야당동 1031",
            "도로명주소":"경기도 파주시 와석순환로 15",
            "세대수":90,
            "입주년차":60,
            "용적률점수":"--",
            "건폐율점수":"--",
            "세대당주차수":30,
            "난방방식":100,
            "공급면적":"--",
            "전용률":"--",
            "욕실수":50,
            "현관타입":100,
            "주거총점":73.0,
            "지역구공급총점":0.0,
            "역세권":80,
            "30분내 이동가능 거점":20,
            "1시간내 이동가능 거점":20,
            "교통총점":50.0,
            "백화점":0,
            "아울렛몰":0,
            "대형마트":0,
            "은행":0,
            "병원":60,
            "종합병원":80,
            "공원":100,
            "혐오시설":0,
            "인프라총점":25.0,
            "초등학군":89.28,
            "중학군":52.2,
            "학군총점":59.616,
            "인구수":51.2,
            "인구증감":30.12,
            "인구총점":44.876,
            "일자리":25.4,
            "소득수준":52.54,
            "일자리총점":33.542,
            "가치 총점":48.5424,
            "매매실거래년":20211016.0,
            "매매실거래가":52500.0,
            "전세실거래년":20211106.0,
            "전세실거래가":30000.0,
            "전세가율":90.91,
            "장기전세가율평균":70.05,
            "전세가율거품지수":-20.86,
            "검색코드":27751,
            "세대수":1062.0,
            "준공년월":"2011-06-10",
            "준공년차":12.0,
            "가까운역이름":"야당",
            "가까운역거리":493.16,
            "역세권여부":"역세권",
            "30분이내주요거점역":1,
            "1시간이내주요거점역":2,
            "3km이내백화점수":0,
            "5km이내아울렛몰수":0,
            "1km이내대형먀트수":0,
            "500m이내은행수":0,
            "500m이내병원수":10,
            "5km이내대형병원수":1,
            "500m이내공원수":2,
            "3km이내혐오시설수":0,
            "초등학교학업성취도":89.28,
            "중학교학업성취도":85.2,
            "용적률":160,
            "건폐율":14,
            "Y":37.70936,
            "X":126.757189,
            "rank":4.0,
            "area_info":"21평(69.9), 24평(80.94), 24평(81.18), 30평(101.48), 34평(114.79), 34평(114.56), 34평(115.27), 34평(115.13), 34평(115.23), 34평(115.21), 34평(115.25)",
            "last_sales":"2021-10-16,52500.0,34평(115.25)"
        },
        {
            "index":528,
            "아파트명":"한빛7단지휴먼시아",
            "투자타입":"일반",
            "전용면적(m2)":"99.81",
            "전용면적(평)":"30평",
            "법정동주소":"경기도 파주시 야당동 1026",
            "도로명주소":"경기도 파주시 와석순환로 61",
            "세대수":90,
            "입주년차":60,
            "용적률점수":"--",
            "건폐율점수":"--",
            "세대당주차수":60,
            "난방방식":100,
            "공급면적":"--",
            "전용률":"--",
            "욕실수":100,
            "현관타입":100,
            "주거총점":82.5,
            "지역구공급총점":0.0,
            "역세권":50,
            "30분내 이동가능 거점":20,
            "1시간내 이동가능 거점":20,
            "교통총점":35.0,
            "백화점":0,
            "아울렛몰":0,
            "대형마트":80,
            "은행":0,
            "병원":30,
            "종합병원":80,
            "공원":80,
            "혐오시설":0,
            "인프라총점":33.4,
            "초등학군":89.28,
            "중학군":52.2,
            "학군총점":59.616,
            "인구수":51.2,
            "인구증감":30.12,
            "인구총점":44.876,
            "일자리":25.4,
            "소득수준":52.54,
            "일자리총점":33.542,
            "가치 총점":47.7124,
            "매매실거래년":20211016.0,
            "매매실거래가":44500.0,
            "전세실거래년":20211207.0,
            "전세실거래가":2000.0,
            "전세가율":4.0,
            "장기전세가율평균":70.05,
            "전세가율거품지수":66.05,
            "검색코드":132882,
            "세대수":1352.0,
            "준공년월":"2011-11-09",
            "준공년차":12.0,
            "가까운역이름":"야당",
            "가까운역거리":930.4,
            "역세권여부":"준역세권",
            "30분이내주요거점역":1,
            "1시간이내주요거점역":2,
            "3km이내백화점수":0,
            "5km이내아울렛몰수":0,
            "1km이내대형먀트수":1,
            "500m이내은행수":0,
            "500m이내병원수":9,
            "5km이내대형병원수":1,
            "500m이내공원수":1,
            "3km이내혐오시설수":0,
            "초등학교학업성취도":89.28,
            "중학교학업성취도":85.2,
            "용적률":193,
            "건폐율":17,
            "Y":37.708455,
            "X":126.75198,
            "rank":5.0,
            "area_info":"30평(99.81), 30평(99.69), 34평(113.12), 34평(113.11), 34평(113.04), 34평(113.08), 34평(113.14), 34평(113.14)",
            "last_sales":"2021-10-16,44500.0,34평(113.08)"
        },
        {
            "index":544,
            "아파트명":"한빛마을3단지자유로아이파크",
            "투자타입":"일반",
            "전용면적(m2)":"113.62",
            "전용면적(평)":"34평",
            "법정동주소":"경기도 파주시 야당동 975",
            "도로명주소":"경기도 파주시 한빛로 11",
            "세대수":90,
            "입주년차":40,
            "용적률점수":"--",
            "건폐율점수":"--",
            "세대당주차수":30,
            "난방방식":30,
            "공급면적":"--",
            "전용률":"--",
            "욕실수":100,
            "현관타입":100,
            "주거총점":67.0,
            "지역구공급총점":0.0,
            "역세권":50,
            "30분내 이동가능 거점":20,
            "1시간내 이동가능 거점":20,
            "교통총점":35.0,
            "백화점":0,
            "아울렛몰":0,
            "대형마트":80,
            "은행":20,
            "병원":60,
            "종합병원":80,
            "공원":80,
            "혐오시설":0,
            "인프라총점":38.4,
            "초등학군":88.32,
            "중학군":52.2,
            "학군총점":59.424,
            "인구수":51.2,
            "인구증감":30.12,
            "인구총점":44.876,
            "일자리":25.4,
            "소득수준":52.54,
            "일자리총점":33.542,
            "가치 총점":46.0836,
            "매매실거래년":20211223.0,
            "매매실거래가":50300.0,
            "전세실거래년":20220113.0,
            "전세실거래가":25000.0,
            "전세가율":49.7,
            "장기전세가율평균":70.05,
            "전세가율거품지수":20.35,
            "검색코드":10008,
            "세대수":1096.0,
            "준공년월":"2004-09-02",
            "준공년차":19.0,
            "가까운역이름":"야당",
            "가까운역거리":854.37,
            "역세권여부":"준역세권",
            "30분이내주요거점역":1,
            "1시간이내주요거점역":2,
            "3km이내백화점수":0,
            "5km이내아울렛몰수":0,
            "1km이내대형먀트수":1,
            "500m이내은행수":2,
            "500m이내병원수":11,
            "5km이내대형병원수":1,
            "500m이내공원수":1,
            "3km이내혐오시설수":0,
            "초등학교학업성취도":88.32,
            "중학교학업성취도":85.2,
            "용적률":195,
            "건폐율":14,
            "Y":37.712536,
            "X":126.751647,
            "rank":6.0,
            "area_info":"34평(113.62), 41평(136.34), 48평(160.87)",
            "last_sales":"2021-12-23,50300.0,34평(113.62)"
        },
        {
            "index":542,
            "아파트명":"한빛마을2단지휴먼빌레이크팰리스",
            "투자타입":"일반",
            "전용면적(m2)":"109.98",
            "전용면적(평)":"33평",
            "법정동주소":"경기도 파주시 야당동 982",
            "도로명주소":"경기도 파주시 한빛로 67",
            "세대수":90,
            "입주년차":60,
            "용적률점수":"--",
            "건폐율점수":"--",
            "세대당주차수":30,
            "난방방식":100,
            "공급면적":"--",
            "전용률":"--",
            "욕실수":100,
            "현관타입":100,
            "주거총점":78.0,
            "지역구공급총점":0.0,
            "역세권":50,
            "30분내 이동가능 거점":0,
            "1시간내 이동가능 거점":20,
            "교통총점":29.0,
            "백화점":0,
            "아울렛몰":0,
            "대형마트":80,
            "은행":20,
            "병원":10,
            "종합병원":100,
            "공원":80,
            "혐오시설":0,
            "인프라총점":37.4,
            "초등학군":86.14,
            "중학군":52.2,
            "학군총점":58.988,
            "인구수":51.2,
            "인구증감":30.12,
            "인구총점":44.876,
            "일자리":25.4,
            "소득수준":52.54,
            "일자리총점":33.542,
            "가치 총점":45.8182,
            "매매실거래년":20211231.0,
            "매매실거래가":54700.0,
            "전세실거래년":20211123.0,
            "전세실거래가":28800.0,
            "전세가율":52.84,
            "장기전세가율평균":70.05,
            "전세가율거품지수":17.21,
            "검색코드":9066,
            "세대수":1123.0,
            "준공년월":"2009-06-30",
            "준공년차":14.0,
            "가까운역이름":"야당",
            "가까운역거리":835.76,
            "역세권여부":"준역세권",
            "30분이내주요거점역":0,
            "1시간이내주요거점역":2,
            "3km이내백화점수":0,
            "5km이내아울렛몰수":0,
            "1km이내대형먀트수":1,
            "500m이내은행수":2,
            "500m이내병원수":2,
            "5km이내대형병원수":2,
            "500m이내공원수":1,
            "3km이내혐오시설수":0,
            "초등학교학업성취도":86.14,
            "중학교학업성취도":85.2,
            "용적률":191,
            "건폐율":13,
            "Y":37.715948,
            "X":126.75303,
            "rank":7.0,
            "area_info":"33평(109.98), 33평(110.06)",
            "last_sales":"2021-12-31,54700.0,33평(110.06)"
        },
        {
            "index":596,
            "아파트명":"가람마을7단지한라비발디",
            "투자타입":"일반",
            "전용면적(m2)":"82.57",
            "전용면적(평)":"24평",
            "법정동주소":"경기도 파주시 와동동 1338",
            "도로명주소":"경기도 파주시 가람로116번길 130",
            "세대수":90,
            "입주년차":60,
            "용적률점수":"--",
            "건폐율점수":"--",
            "세대당주차수":60,
            "난방방식":100,
            "공급면적":"--",
            "전용률":"--",
            "욕실수":100,
            "현관타입":100,
            "주거총점":82.5,
            "지역구공급총점":0.0,
            "역세권":50,
            "30분내 이동가능 거점":0,
            "1시간내 이동가능 거점":20,
            "교통총점":29.0,
            "백화점":0,
            "아울렛몰":0,
            "대형마트":80,
            "은행":0,
            "병원":10,
            "종합병원":80,
            "공원":100,
            "혐오시설":-100,
            "인프라총점":30.0,
            "초등학군":86.69,
            "중학군":48.36,
            "학군총점":56.026,
            "인구수":51.2,
            "인구증감":30.12,
            "인구총점":44.876,
            "일자리":25.4,
            "소득수준":52.54,
            "일자리총점":33.542,
            "가치 총점":44.0539,
            "매매실거래년":20220108.0,
            "매매실거래가":72000.0,
            "전세실거래년":20210814.0,
            "전세실거래가":32000.0,
            "전세가율":66.95,
            "장기전세가율평균":70.05,
            "전세가율거품지수":3.1,
            "검색코드":101244,
            "세대수":978.0,
            "준공년월":"2012-11-29",
            "준공년차":11.0,
            "가까운역이름":"운정",
            "가까운역거리":798.7,
            "역세권여부":"준역세권",
            "30분이내주요거점역":0,
            "1시간이내주요거점역":2,
            "3km이내백화점수":0,
            "5km이내아울렛몰수":0,
            "1km이내대형먀트수":1,
            "500m이내은행수":0,
            "500m이내병원수":4,
            "5km이내대형병원수":1,
            "500m이내공원수":5,
            "3km이내혐오시설수":2,
            "초등학교학업성취도":86.69,
            "중학교학업성취도":79.4,
            "용적률":206,
            "건폐율":15,
            "Y":37.732385,
            "X":126.763555,
            "rank":8.0,
            "area_info":"24평(82.57), 34평(112.44), 34평(114.42), 40평(132.36), 40평(132.46), 49평(164.51), 62평(204.98), 62평(206.34), 75평(249.49)",
            "last_sales":"2022-01-08,72000.0,40평(132.36)"
        },
        {
            "index":125,
            "아파트명":"천년가골든뷰(도시형)",
            "투자타입":"일반",
            "전용면적(m2)":"29.15",
            "전용면적(평)":"8평",
            "법정동주소":"경기도 파주시 금촌동 52-45",
            "도로명주소":"경기도 파주시 마무리길 77",
            "세대수":0,
            "입주년차":100,
            "용적률점수":"--",
            "건폐율점수":"--",
            "세대당주차수":0,
            "난방방식":30,
            "공급면적":"--",
            "전용률":"--",
            "욕실수":50,
            "현관타입":100,
            "주거총점":38.0,
            "지역구공급총점":0.0,
            "역세권":80,
            "30분내 이동가능 거점":0,
            "1시간내 이동가능 거점":20,
            "교통총점":44.0,
            "백화점":0,
            "아울렛몰":0,
            "대형마트":80,
            "은행":20,
            "병원":80,
            "종합병원":80,
            "공원":100,
            "혐오시설":0,
            "인프라총점":41.0,
            "초등학군":86.65,
            "중학군":48.36,
            "학군총점":56.018,
            "인구수":51.2,
            "인구증감":30.12,
            "인구총점":44.876,
            "일자리":25.4,
            "소득수준":52.54,
            "일자리총점":33.542,
            "가치 총점":43.7027,
            "매매실거래년":"18000101",
            "매매실거래가":null,
            "전세실거래년":20211207.0,
            "전세실거래가":12000.0,
            "전세가율":null,
            "장기전세가율평균":70.05,
            "전세가율거품지수":null,
            "검색코드":127568,
            "세대수":210.0,
            "준공년월":"2021-07-05",
            "준공년차":2.0,
            "가까운역이름":"금촌",
            "가까운역거리":421.17,
            "역세권여부":"역세권",
            "30분이내주요거점역":0,
            "1시간이내주요거점역":2,
            "3km이내백화점수":0,
            "5km이내아울렛몰수":0,
            "1km이내대형먀트수":1,
            "500m이내은행수":2,
            "500m이내병원수":34,
            "5km이내대형병원수":1,
            "500m이내공원수":3,
            "3km이내혐오시설수":0,
            "초등학교학업성취도":86.65,
            "중학교학업성취도":79.4,
            "용적률":630,
            "건폐율":69,
            "Y":37.762674,
            "X":126.776338,
            "rank":9.0,
            "area_info":"8평(29.15), 10평(33.42)",
            "last_sales":"1800-01-01,nan,8평(29.15)"
        },
        {
            "index":536,
            "아파트명":"한빛마을1단지한라비발디센트럴파크",
            "투자타입":"일반",
            "전용면적(m2)":"132.76",
            "전용면적(평)":"40평",
            "법정동주소":"경기도 파주시 야당동 981",
            "도로명주소":"경기도 파주시 미래로 422",
            "세대수":90,
            "입주년차":60,
            "용적률점수":"--",
            "건폐율점수":"--",
            "세대당주차수":60,
            "난방방식":100,
            "공급면적":"--",
            "전용률":"--",
            "욕실수":100,
            "현관타입":100,
            "주거총점":82.5,
            "지역구공급총점":0.0,
            "역세권":0,
            "30분내 이동가능 거점":20,
            "1시간내 이동가능 거점":20,
            "교통총점":10.0,
            "백화점":0,
            "아울렛몰":80,
            "대형마트":80,
            "은행":70,
            "병원":60,
            "종합병원":80,
            "공원":0,
            "혐오시설":0,
            "인프라총점":49.0,
            "초등학군":86.14,
            "중학군":52.2,
            "학군총점":58.988,
            "인구수":51.2,
            "인구증감":30.12,
            "인구총점":44.876,
            "일자리":25.4,
            "소득수준":52.54,
            "일자리총점":33.542,
            "가치 총점":43.5482,
            "매매실거래년":20211104.0,
            "매매실거래가":100000.0,
            "전세실거래년":20211217.0,
            "전세실거래가":48000.0,
            "전세가율":67.13,
            "장기전세가율평균":70.05,
            "전세가율거품지수":2.92,
            "검색코드":27279,
            "세대수":937.0,
            "준공년월":"2009-08-31",
            "준공년차":14.0,
            "가까운역이름":"야당",
            "가까운역거리":1139.67,
            "역세권여부":"비역세권",
            "30분이내주요거점역":1,
            "1시간이내주요거점역":2,
            "3km이내백화점수":0,
            "5km이내아울렛몰수":1,
            "1km이내대형먀트수":1,
            "500m이내은행수":3,
            "500m이내병원수":18,
            "5km이내대형병원수":1,
            "500m이내공원수":0,
            "3km이내혐오시설수":0,
            "초등학교학업성취도":86.14,
            "중학교학업성취도":85.2,
            "용적률":190,
            "건폐율":10,
            "Y":37.715274,
            "X":126.748947,
            "rank":10.0,
            "area_info":"40평(132.76), 40평(133.39), 47평(155.61), 48평(159.44), 59평(198.0), 95평(315.01)",
            "last_sales":"2021-11-04,100000.0,59평(198.0)"
        },
        {
            "index":455,
            "아파트명":"장안초원2차",
            "투자타입":"재건축",
            "전용면적(m2)":"93.48",
            "전용면적(평)":"28평",
            "법정동주소":"경기도 파주시 아동동 328-49",
            "도로명주소":"경기도 파주시 마무리길 40",
            "세대수":0,
            "입주년차":"--",
            "용적률점수":100,
            "건폐율점수":60,
            "세대당주차수":"--",
            "난방방식":"--",
            "공급면적":70,
            "전용률":60,
            "욕실수":"--",
            "현관타입":"--",
            "주거총점":58.5,
            "지역구공급총점":0.0,
            "역세권":50,
            "30분내 이동가능 거점":0,
            "1시간내 이동가능 거점":10,
            "교통총점":27.0,
            "백화점":0,
            "아울렛몰":0,
            "대형마트":80,
            "은행":70,
            "병원":80,
            "종합병원":80,
            "공원":100,
            "혐오시설":0,
            "인프라총점":46.0,
            "초등학군":86.65,
            "중학군":48.36,
            "학군총점":56.018,
            "인구수":51.2,
            "인구증감":30.12,
            "인구총점":44.876,
            "일자리":25.4,
            "소득수준":52.54,
            "일자리총점":33.542,
            "가치 총점":43.3527,
            "매매실거래년":20211004.0,
            "매매실거래가":16500.0,
            "전세실거래년":20211203.0,
            "전세실거래가":10000.0,
            "전세가율":60.61,
            "장기전세가율평균":70.05,
            "전세가율거품지수":9.44,
            "검색코드":15179,
            "세대수":176.0,
            "준공년월":"1991-09-11",
            "준공년차":32.0,
            "가까운역이름":"금촌",
            "가까운역거리":532.27,
            "역세권여부":"준역세권",
            "30분이내주요거점역":0,
            "1시간이내주요거점역":1,
            "3km이내백화점수":0,
            "5km이내아울렛몰수":0,
            "1km이내대형먀트수":1,
            "500m이내은행수":4,
            "500m이내병원수":36,
            "5km이내대형병원수":1,
            "500m이내공원수":5,
            "3km이내혐오시설수":0,
            "초등학교학업성취도":86.65,
            "중학교학업성취도":79.4,
            "용적률":123,
            "건폐율":31,
            "Y":37.761835,
            "X":126.777081,
            "rank":11.0,
            "area_info":"28평(93.48), 34평(114.51)",
            "last_sales":"2021-10-04,16500.0,28평(93.48)"
        },
        {
            "index":233,
            "아파트명":"산내마을6단지한라비발디",
            "투자타입":"일반",
            "전용면적(m2)":"82.68",
            "전용면적(평)":"25평",
            "법정동주소":"경기도 파주시 목동동 922",
            "도로명주소":"경기도 파주시 교하로 7",
            "세대수":80,
            "입주년차":60,
            "용적률점수":"--",
            "건폐율점수":"--",
            "세대당주차수":60,
            "난방방식":100,
            "공급면적":"--",
            "전용률":"--",
            "욕실수":100,
            "현관타입":100,
            "주거총점":79.0,
            "지역구공급총점":0.0,
            "역세권":0,
            "30분내 이동가능 거점":20,
            "1시간내 이동가능 거점":10,
            "교통총점":8.0,
            "백화점":0,
            "아울렛몰":80,
            "대형마트":80,
            "은행":0,
            "병원":80,
            "종합병원":80,
            "공원":100,
            "혐오시설":0,
            "인프라총점":47.0,
            "초등학군":90.0,
            "중학군":52.2,
            "학군총점":59.76,
            "인구수":51.2,
            "인구증감":30.12,
            "인구총점":44.876,
            "일자리":25.4,
            "소득수준":52.54,
            "일자리총점":33.542,
            "가치 총점":41.664,
            "매매실거래년":20210909.0,
            "매매실거래가":79500.0,
            "전세실거래년":20210726.0,
            "전세실거래가":36000.0,
            "전세가율":72.73,
            "장기전세가율평균":70.05,
            "전세가율거품지수":-2.68,
            "검색코드":102613,
            "세대수":823.0,
            "준공년월":"2013-04-26",
            "준공년차":10.0,
            "가까운역이름":"운정",
            "가까운역거리":2922.88,
            "역세권여부":"비역세권",
            "30분이내주요거점역":1,
            "1시간이내주요거점역":1,
            "3km이내백화점수":0,
            "5km이내아울렛몰수":1,
            "1km이내대형먀트수":1,
            "500m이내은행수":0,
            "500m이내병원수":30,
            "5km이내대형병원수":1,
            "500m이내공원수":6,
            "3km이내혐오시설수":0,
            "초등학교학업성취도":90.0,
            "중학교학업성취도":85.2,
            "용적률":201,
            "건폐율":16,
            "Y":37.731404,
            "X":126.734779,
            "rank":12.0,
            "area_info":"25평(82.68), 25평(83.22), 34평(113.81), 34평(113.43), 39평(129.8), 39평(130.58), 49평(164.76), 49평(164.95)",
            "last_sales":"2021-09-09,79500.0,49평(164.95)"
        },
        {
            "index":292,
            "아파트명":"해솔마을5단지삼부르네상스",
            "투자타입":"일반",
            "전용면적(m2)":"79.91",
            "전용면적(평)":"24평",
            "법정동주소":"경기도 파주시 목동동 679",
            "도로명주소":"경기도 파주시 가온로 67",
            "세대수":90,
            "입주년차":60,
            "용적률점수":"--",
            "건폐율점수":"--",
            "세대당주차수":60,
            "난방방식":100,
            "공급면적":"--",
            "전용률":"--",
            "욕실수":100,
            "현관타입":100,
            "주거총점":82.5,
            "지역구공급총점":0.0,
            "역세권":0,
            "30분내 이동가능 거점":20,
            "1시간내 이동가능 거점":10,
            "교통총점":8.0,
            "백화점":0,
            "아울렛몰":80,
            "대형마트":80,
            "은행":20,
            "병원":10,
            "종합병원":80,
            "공원":100,
            "혐오시설":0,
            "인프라총점":42.0,
            "초등학군":85.35,
            "중학군":52.2,
            "학군총점":58.83,
            "인구수":51.2,
            "인구증감":30.12,
            "인구총점":44.876,
            "일자리":25.4,
            "소득수준":52.54,
            "일자리총점":33.542,
            "가치 총점":40.7245,
            "매매실거래년":20211208.0,
            "매매실거래가":60000.0,
            "전세실거래년":20220115.0,
            "전세실거래가":31000.0,
            "전세가율":58.49,
            "장기전세가율평균":70.05,
            "전세가율거품지수":11.56,
            "검색코드":27667,
            "세대수":1390.0,
            "준공년월":"2010-06-15",
            "준공년차":13.0,
            "가까운역이름":"야당",
            "가까운역거리":1910.76,
            "역세권여부":"비역세권",
            "30분이내주요거점역":1,
            "1시간이내주요거점역":1,
            "3km이내백화점수":0,
            "5km이내아울렛몰수":1,
            "1km이내대형먀트수":1,
            "500m이내은행수":2,
            "500m이내병원수":4,
            "5km이내대형병원수":1,
            "500m이내공원수":2,
            "3km이내혐오시설수":0,
            "초등학교학업성취도":85.35,
            "중학교학업성취도":85.2,
            "용적률":204,
            "건폐율":13,
            "Y":37.723246,
            "X":126.744582,
            "rank":13.0,
            "area_info":"24평(79.91), 24평(80.69), 24평(80.65), 33평(109.25), 33평(109.54), 33평(109.3), 38평(128.5), 38평(128.58), 45평(150.42), 45평(151.56), 45평(151.83), 52평(173.99), 52평(175.03)",
            "last_sales":"2021-12-08,60000.0,45평(151.83)"
        },
        {
            "index":197,
            "아파트명":"한울6단지LH",
            "투자타입":"일반",
            "전용면적(m2)":"97.86",
            "전용면적(평)":"29평",
            "법정동주소":"경기도 파주시 동패동 1771",
            "도로명주소":"경기도 파주시 한울로 100",
            "세대수":80,
            "입주년차":60,
            "용적률점수":"--",
            "건폐율점수":"--",
            "세대당주차수":30,
            "난방방식":100,
            "공급면적":"--",
            "전용률":"--",
            "욕실수":100,
            "현관타입":100,
            "주거총점":74.5,
            "지역구공급총점":0.0,
            "역세권":0,
            "30분내 이동가능 거점":20,
            "1시간내 이동가능 거점":10,
            "교통총점":8.0,
            "백화점":0,
            "아울렛몰":80,
            "대형마트":80,
            "은행":0,
            "병원":80,
            "종합병원":80,
            "공원":100,
            "혐오시설":0,
            "인프라총점":47.0,
            "초등학군":88.41,
            "중학군":52.2,
            "학군총점":59.442,
            "인구수":51.2,
            "인구증감":30.12,
            "인구총점":44.876,
            "일자리":25.4,
            "소득수준":52.54,
            "일자리총점":33.542,
            "가치 총점":40.7163,
            "매매실거래년":20211204.0,
            "매매실거래가":51500.0,
            "전세실거래년":20211216.0,
            "전세실거래가":34500.0,
            "전세가율":null,
            "장기전세가율평균":70.05,
            "전세가율거품지수":null,
            "검색코드":133445,
            "세대수":700.0,
            "준공년월":"2011-07-18",
            "준공년차":12.0,
            "가까운역이름":"야당",
            "가까운역거리":1645.57,
            "역세권여부":"비역세권",
            "30분이내주요거점역":1,
            "1시간이내주요거점역":1,
            "3km이내백화점수":0,
            "5km이내아울렛몰수":1,
            "1km이내대형먀트수":1,
            "500m이내은행수":1,
            "500m이내병원수":32,
            "5km이내대형병원수":1,
            "500m이내공원수":3,
            "3km이내혐오시설수":0,
            "초등학교학업성취도":88.41,
            "중학교학업성취도":85.2,
            "용적률":179,
            "건폐율":17,
            "Y":37.70876,
            "X":126.743201,
            "rank":14.0,
            "area_info":"29평(97.86), 33평(110.91), 33평(111.88), 33평(111.34)",
            "last_sales":"2021-12-04,51500.0,33평(111.34)"
        },
        {
            "index":131,
            "아파트명":"한일유앤아이2차",
            "투자타입":"일반",
            "전용면적(m2)":"107.61",
            "전용면적(평)":"32평",
            "법정동주소":"경기도 파주시 금촌동 1014-1",
            "도로명주소":"경기도 파주시 금신초교길 56",
            "세대수":0,
            "입주년차":40,
            "용적률점수":"--",
            "건폐율점수":"--",
            "세대당주차수":60,
            "난방방식":30,
            "공급면적":"--",
            "전용률":"--",
            "욕실수":100,
            "현관타입":100,
            "주거총점":40.0,
            "지역구공급총점":0.0,
            "역세권":80,
            "30분내 이동가능 거점":0,
            "1시간내 이동가능 거점":20,
            "교통총점":44.0,
            "백화점":0,
            "아울렛몰":0,
            "대형마트":80,
            "은행":0,
            "병원":10,
            "종합병원":80,
            "공원":80,
            "혐오시설":0,
            "인프라총점":31.4,
            "초등학군":85.68,
            "중학군":43.38,
            "학군총점":51.84,
            "인구수":51.2,
            "인구증감":30.12,
            "인구총점":44.876,
            "일자리":25.4,
            "소득수준":52.54,
            "일자리총점":33.542,
            "가치 총점":40.596,
            "매매실거래년":20210930.0,
            "매매실거래가":39900.0,
            "전세실거래년":20220112.0,
            "전세실거래가":19950.0,
            "전세가율":79.8,
            "장기전세가율평균":70.05,
            "전세가율거품지수":-9.75,
            "검색코드":24025,
            "세대수":148.0,
            "준공년월":"2007-09-17",
            "준공년차":16.0,
            "가까운역이름":"금촌",
            "가까운역거리":412.75,
            "역세권여부":"역세권",
            "30분이내주요거점역":0,
            "1시간이내주요거점역":2,
            "3km이내백화점수":0,
            "5km이내아울렛몰수":0,
            "1km이내대형먀트수":1,
            "500m이내은행수":0,
            "500m이내병원수":3,
            "5km이내대형병원수":1,
            "500m이내공원수":1,
            "3km이내혐오시설수":0,
            "초등학교학업성취도":85.68,
            "중학교학업성취도":71.7,
            "용적률":218,
            "건폐율":19,
            "Y":37.768903,
            "X":126.771403,
            "rank":15.0,
            "area_info":"32평(107.61), 47평(155.65)",
            "last_sales":"2021-09-30,39900.0,47평(155.65)"
        },
        {
            "index":88,
            "아파트명":"새꽃마을뜨란채1단지",
            "투자타입":"일반",
            "전용면적(m2)":"80.56",
            "전용면적(평)":"24평",
            "법정동주소":"경기도 파주시 금촌동 972",
            "도로명주소":"경기도 파주시 번영로 55",
            "세대수":100,
            "입주년차":40,
            "용적률점수":"--",
            "건폐율점수":"--",
            "세대당주차수":30,
            "난방방식":30,
            "공급면적":"--",
            "전용률":"--",
            "욕실수":100,
            "현관타입":100,
            "주거총점":70.5,
            "지역구공급총점":0.0,
            "역세권":50,
            "30분내 이동가능 거점":0,
            "1시간내 이동가능 거점":20,
            "교통총점":29.0,
            "백화점":0,
            "아울렛몰":0,
            "대형마트":0,
            "은행":0,
            "병원":60,
            "종합병원":80,
            "공원":100,
            "혐오시설":0,
            "인프라총점":25.0,
            "초등학군":89.86,
            "중학군":48.36,
            "학군총점":56.66,
            "인구수":51.2,
            "인구증감":30.12,
            "인구총점":44.876,
            "일자리":25.4,
            "소득수준":52.54,
            "일자리총점":33.542,
            "가치 총점":40.249,
            "매매실거래년":20211224.0,
            "매매실거래가":31700.0,
            "전세실거래년":20220113.0,
            "전세실거래가":27000.0,
            "전세가율":85.17,
            "장기전세가율평균":70.05,
            "전세가율거품지수":-15.12,
            "검색코드":8372,
            "세대수":1818.0,
            "준공년월":"2004-10-22",
            "준공년차":19.0,
            "가까운역이름":"금릉",
            "가까운역거리":568.99,
            "역세권여부":"준역세권",
            "30분이내주요거점역":0,
            "1시간이내주요거점역":2,
            "3km이내백화점수":0,
            "5km이내아울렛몰수":0,
            "1km이내대형먀트수":0,
            "500m이내은행수":1,
            "500m이내병원수":13,
            "5km이내대형병원수":1,
            "500m이내공원수":4,
            "3km이내혐오시설수":0,
            "초등학교학업성취도":89.86,
            "중학교학업성취도":79.4,
            "용적률":217,
            "건폐율":14,
            "Y":37.756287,
            "X":126.766913,
            "rank":16.0,
            "area_info":"24평(80.56), 24평(80.67), 34평(112.66)",
            "last_sales":"2021-12-24,31700.0,24평(80.56)"
        },
        {
            "index":133,
            "아파트명":"후곡마을뜨란채4단지",
            "투자타입":"일반",
            "전용면적(m2)":"95.46",
            "전용면적(평)":"28평",
            "법정동주소":"경기도 파주시 금촌동 992",
            "도로명주소":"경기도 파주시 후곡로 50",
            "세대수":100,
            "입주년차":40,
            "용적률점수":"--",
            "건폐율점수":"--",
            "세대당주차수":30,
            "난방방식":30,
            "공급면적":"--",
            "전용률":"--",
            "욕실수":100,
            "현관타입":100,
            "주거총점":70.5,
            "지역구공급총점":0.0,
            "역세권":50,
            "30분내 이동가능 거점":0,
            "1시간내 이동가능 거점":10,
            "교통총점":27.0,
            "백화점":0,
            "아울렛몰":0,
            "대형마트":0,
            "은행":20,
            "병원":60,
            "종합병원":80,
            "공원":100,
            "혐오시설":0,
            "인프라총점":27.0,
            "초등학군":85.07,
            "중학군":48.36,
            "학군총점":55.702,
            "인구수":51.2,
            "인구증감":30.12,
            "인구총점":44.876,
            "일자리":25.4,
            "소득수준":52.54,
            "일자리총점":33.542,
            "가치 총점":40.0053,
            "매매실거래년":20211228.0,
            "매매실거래가":42900.0,
            "전세실거래년":20220112.0,
            "전세실거래가":32000.0,
            "전세가율":82.05,
            "장기전세가율평균":70.05,
            "전세가율거품지수":-12.0,
            "검색코드":9652,
            "세대수":1638.0,
            "준공년월":"2004-11-15",
            "준공년차":19.0,
            "가까운역이름":"금릉",
            "가까운역거리":553.89,
            "역세권여부":"준역세권",
            "30분이내주요거점역":0,
            "1시간이내주요거점역":1,
            "3km이내백화점수":0,
            "5km이내아울렛몰수":0,
            "1km이내대형먀트수":0,
            "500m이내은행수":2,
            "500m이내병원수":28,
            "5km이내대형병원수":1,
            "500m이내공원수":8,
            "3km이내혐오시설수":0,
            "초등학교학업성취도":85.07,
            "중학교학업성취도":79.4,
            "용적률":204,
            "건폐율":14,
            "Y":37.753169,
            "X":126.771198,
            "rank":17.0,
            "area_info":"28평(95.46), 32평(106.9), 32평(107.45)",
            "last_sales":"2021-12-28,42900.0,32평(106.9)"
        },
        {
            "index":416,
            "아파트명":"한진1차",
            "투자타입":"재건축",
            "전용면적(m2)":"97.34",
            "전용면적(평)":"29평",
            "법정동주소":"경기도 파주시 문산읍 문산리 17-29",
            "도로명주소":"경기도 파주시 문향로 22",
            "세대수":0,
            "입주년차":"--",
            "용적률점수":100,
            "건폐율점수":80,
            "세대당주차수":"--",
            "난방방식":"--",
            "공급면적":70,
            "전용률":60,
            "욕실수":"--",
            "현관타입":"--",
            "주거총점":62.5,
            "지역구공급총점":0.0,
            "역세권":80,
            "30분내 이동가능 거점":0,
            "1시간내 이동가능 거점":10,
            "교통총점":42.0,
            "백화점":0,
            "아울렛몰":0,
            "대형마트":80,
            "은행":20,
            "병원":60,
            "종합병원":0,
            "공원":0,
            "혐오시설":0,
            "인프라총점":20.0,
            "초등학군":91.43,
            "중학군":33.66,
            "학군총점":45.214,
            "인구수":51.2,
            "인구증감":30.12,
            "인구총점":44.876,
            "일자리":25.4,
            "소득수준":52.54,
            "일자리총점":33.542,
            "가치 총점":39.9821,
            "매매실거래년":20211011.0,
            "매매실거래가":17200.0,
            "전세실거래년":20211011.0,
            "전세실거래가":12500.0,
            "전세가율":72.67,
            "장기전세가율평균":70.05,
            "전세가율거품지수":-2.62,
            "검색코드":15163,
            "세대수":240.0,
            "준공년월":"1992-05-30",
            "준공년차":31.0,
            "가까운역이름":"문산",
            "가까운역거리":151.19,
            "역세권여부":"역세권",
            "30분이내주요거점역":0,
            "1시간이내주요거점역":1,
            "3km이내백화점수":0,
            "5km이내아울렛몰수":0,
            "1km이내대형먀트수":1,
            "500m이내은행수":2,
            "500m이내병원수":21,
            "5km이내대형병원수":0,
            "500m이내공원수":0,
            "3km이내혐오시설수":0,
            "초등학교학업성취도":91.43,
            "중학교학업성취도":56.1,
            "용적률":133,
            "건폐율":23,
            "Y":37.853834,
            "X":126.786641,
            "rank":18.0,
            "area_info":"29평(97.34), 31평(104.73)",
            "last_sales":"2021-10-11,17200.0,29평(97.34)"
        },
        {
            "index":101,
            "아파트명":"에이스큐브(도시형)",
            "투자타입":"일반",
            "전용면적(m2)":"21.14",
            "전용면적(평)":"6평",
            "법정동주소":"경기도 파주시 금촌동 69",
            "도로명주소":"경기도 파주시 금정18길 17",
            "세대수":0,
            "입주년차":100,
            "용적률점수":"--",
            "건폐율점수":"--",
            "세대당주차수":0,
            "난방방식":30,
            "공급면적":"--",
            "전용률":"--",
            "욕실수":50,
            "현관타입":100,
            "주거총점":38.0,
            "지역구공급총점":0.0,
            "역세권":50,
            "30분내 이동가능 거점":0,
            "1시간내 이동가능 거점":20,
            "교통총점":29.0,
            "백화점":0,
            "아울렛몰":0,
            "대형마트":80,
            "은행":70,
            "병원":80,
            "종합병원":80,
            "공원":100,
            "혐오시설":0,
            "인프라총점":46.0,
            "초등학군":86.65,
            "중학군":48.36,
            "학군총점":56.018,
            "인구수":51.2,
            "인구증감":30.12,
            "인구총점":44.876,
            "일자리":25.4,
            "소득수준":52.54,
            "일자리총점":33.542,
            "가치 총점":39.9527,
            "매매실거래년":"18000101",
            "매매실거래가":null,
            "전세실거래년":null,
            "전세실거래가":null,
            "전세가율":null,
            "장기전세가율평균":70.05,
            "전세가율거품지수":null,
            "검색코드":137142,
            "세대수":224.0,
            "준공년월":"2021-01-01",
            "준공년차":2.0,
            "가까운역이름":"금촌",
            "가까운역거리":546.79,
            "역세권여부":"준역세권",
            "30분이내주요거점역":0,
            "1시간이내주요거점역":2,
            "3km이내백화점수":0,
            "5km이내아울렛몰수":0,
            "1km이내대형먀트수":1,
            "500m이내은행수":4,
            "500m이내병원수":45,
            "5km이내대형병원수":1,
            "500m이내공원수":4,
            "3km이내혐오시설수":0,
            "초등학교학업성취도":86.65,
            "중학교학업성취도":79.4,
            "용적률":437,
            "건폐율":65,
            "Y":37.7613,
            "X":126.774726,
            "rank":19.0,
            "area_info":"6평(21.14), 6평(21.31), 6평(22.96), 7평(23.98), 7평(23.56), 7평(23.78), 7평(24.12), 7평(26.11), 7평(26.4), 8평(27.49), 9평(32.21)",
            "last_sales":"1800-01-01,nan,6평(21.14)"
        },
        {
            "index":285,
            "아파트명":"해솔마을4단지벽산우남연리지",
            "투자타입":"일반",
            "전용면적(m2)":"83.05",
            "전용면적(평)":"25평",
            "법정동주소":"경기도 파주시 목동동 667",
            "도로명주소":"경기도 파주시 해솔로 20",
            "세대수":90,
            "입주년차":60,
            "용적률점수":"--",
            "건폐율점수":"--",
            "세대당주차수":60,
            "난방방식":100,
            "공급면적":"--",
            "전용률":"--",
            "욕실수":100,
            "현관타입":100,
            "주거총점":82.5,
            "지역구공급총점":0.0,
            "역세권":0,
            "30분내 이동가능 거점":20,
            "1시간내 이동가능 거점":10,
            "교통총점":8.0,
            "백화점":0,
            "아울렛몰":0,
            "대형마트":80,
            "은행":20,
            "병원":60,
            "종합병원":80,
            "공원":100,
            "혐오시설":0,
            "인프라총점":39.0,
            "초등학군":87.67,
            "중학군":52.2,
            "학군총점":59.294,
            "인구수":51.2,
            "인구증감":30.12,
            "인구총점":44.876,
            "일자리":25.4,
            "소득수준":52.54,
            "일자리총점":33.542,
            "가치 총점":39.8941,
            "매매실거래년":20211002.0,
            "매매실거래가":62000.0,
            "전세실거래년":20211210.0,
            "전세실거래가":29000.0,
            "전세가율":73.79,
            "장기전세가율평균":70.05,
            "전세가율거품지수":-3.74,
            "검색코드":27719,
            "세대수":958.0,
            "준공년월":"2010-06-24",
            "준공년차":13.0,
            "가까운역이름":"운정",
            "가까운역거리":1590.02,
            "역세권여부":"비역세권",
            "30분이내주요거점역":1,
            "1시간이내주요거점역":1,
            "3km이내백화점수":0,
            "5km이내아울렛몰수":0,
            "1km이내대형먀트수":1,
            "500m이내은행수":2,
            "500m이내병원수":17,
            "5km이내대형병원수":1,
            "500m이내공원수":6,
            "3km이내혐오시설수":0,
            "초등학교학업성취도":87.67,
            "중학교학업성취도":85.2,
            "용적률":199,
            "건폐율":14,
            "Y":37.728542,
            "X":126.749507,
            "rank":20.0,
            "area_info":"25평(83.05), 25평(83.15), 32평(107.73), 32평(107.83), 32평(107.92), 45평(149.88), 45평(150.27)",
            "last_sales":"2021-10-02,62000.0,45평(150.27)"
        },
        {
            "index":130,
            "아파트명":"한일유앤아이1차",
            "투자타입":"일반",
            "전용면적(m2)":"95.58",
            "전용면적(평)":"28평",
            "법정동주소":"경기도 파주시 금촌동 1014",
            "도로명주소":"경기도 파주시 금신초교길 72",
            "세대수":0,
            "입주년차":40,
            "용적률점수":"--",
            "건폐율점수":"--",
            "세대당주차수":30,
            "난방방식":30,
            "공급면적":"--",
            "전용률":"--",
            "욕실수":100,
            "현관타입":100,
            "주거총점":35.5,
            "지역구공급총점":0.0,
            "역세권":80,
            "30분내 이동가능 거점":0,
            "1시간내 이동가능 거점":20,
            "교통총점":44.0,
            "백화점":0,
            "아울렛몰":0,
            "대형마트":80,
            "은행":0,
            "병원":10,
            "종합병원":80,
            "공원":80,
            "혐오시설":0,
            "인프라총점":31.4,
            "초등학군":85.68,
            "중학군":43.38,
            "학군총점":51.84,
            "인구수":51.2,
            "인구증감":30.12,
            "인구총점":44.876,
            "일자리":25.4,
            "소득수준":52.54,
            "일자리총점":33.542,
            "가치 총점":39.696,
            "매매실거래년":20211127.0,
            "매매실거래가":29500.0,
            "전세실거래년":20211224.0,
            "전세실거래가":15000.0,
            "전세가율":50.85,
            "장기전세가율평균":70.05,
            "전세가율거품지수":19.2,
            "검색코드":24024,
            "세대수":180.0,
            "준공년월":"2006-08-23",
            "준공년차":17.0,
            "가까운역이름":"금촌",
            "가까운역거리":461.34,
            "역세권여부":"역세권",
            "30분이내주요거점역":0,
            "1시간이내주요거점역":2,
            "3km이내백화점수":0,
            "5km이내아울렛몰수":0,
            "1km이내대형먀트수":1,
            "500m이내은행수":0,
            "500m이내병원수":2,
            "5km이내대형병원수":1,
            "500m이내공원수":1,
            "3km이내혐오시설수":0,
            "초등학교학업성취도":85.68,
            "중학교학업성취도":71.7,
            "용적률":235,
            "건폐율":19,
            "Y":37.769562,
            "X":126.771539,
            "rank":21.0,
            "area_info":"28평(95.58)",
            "last_sales":"2021-11-27,29500.0,28평(95.58)"
        },
        {
            "index":443,
            "아파트명":"신안실크밸리2차",
            "투자타입":"일반",
            "전용면적(m2)":"113.01",
            "전용면적(평)":"34평",
            "법정동주소":"경기도 파주시 아동동 900",
            "도로명주소":"경기도 파주시 시청로 85",
            "세대수":50,
            "입주년차":60,
            "용적률점수":"--",
            "건폐율점수":"--",
            "세대당주차수":80,
            "난방방식":30,
            "공급면적":"--",
            "전용률":"--",
            "욕실수":100,
            "현관타입":100,
            "주거총점":64.5,
            "지역구공급총점":0.0,
            "역세권":50,
            "30분내 이동가능 거점":0,
            "1시간내 이동가능 거점":20,
            "교통총점":29.0,
            "백화점":0,
            "아울렛몰":0,
            "대형마트":0,
            "은행":20,
            "병원":60,
            "종합병원":80,
            "공원":100,
            "혐오시설":0,
            "인프라총점":27.0,
            "초등학군":85.68,
            "중학군":48.36,
            "학군총점":55.824,
            "인구수":51.2,
            "인구증감":30.12,
            "인구총점":44.876,
            "일자리":25.4,
            "소득수준":52.54,
            "일자리총점":33.542,
            "가치 총점":39.5236,
            "매매실거래년":20210904.0,
            "매매실거래가":39000.0,
            "전세실거래년":20211208.0,
            "전세실거래가":29000.0,
            "전세가율":74.36,
            "장기전세가율평균":70.05,
            "전세가율거품지수":-4.31,
            "검색코드":26629,
            "세대수":438.0,
            "준공년월":"2010-09-07",
            "준공년차":13.0,
            "가까운역이름":"금촌",
            "가까운역거리":621.42,
            "역세권여부":"준역세권",
            "30분이내주요거점역":0,
            "1시간이내주요거점역":2,
            "3km이내백화점수":0,
            "5km이내아울렛몰수":0,
            "1km이내대형먀트수":0,
            "500m이내은행수":2,
            "500m이내병원수":12,
            "5km이내대형병원수":1,
            "500m이내공원수":3,
            "3km이내혐오시설수":0,
            "초등학교학업성취도":85.68,
            "중학교학업성취도":79.4,
            "용적률":218,
            "건폐율":30,
            "Y":37.762996,
            "X":126.780421,
            "rank":22.0,
            "area_info":"34평(113.01), 34평(113.72), 43평(144.89), 48평(161.88), 56평(187.45)",
            "last_sales":"2021-09-04,39000.0,34평(113.01)"
        },
        {
            "index":206,
            "아파트명":"한울마을7단지삼부르네상스",
            "투자타입":"일반",
            "전용면적(m2)":"79.42",
            "전용면적(평)":"24평",
            "법정동주소":"경기도 파주시 동패동 1772",
            "도로명주소":"경기도 파주시 미래로 345",
            "세대수":80,
            "입주년차":60,
            "용적률점수":"--",
            "건폐율점수":"--",
            "세대당주차수":60,
            "난방방식":100,
            "공급면적":"--",
            "전용률":"--",
            "욕실수":100,
            "현관타입":100,
            "주거총점":79.0,
            "지역구공급총점":0.0,
            "역세권":0,
            "30분내 이동가능 거점":0,
            "1시간내 이동가능 거점":10,
            "교통총점":2.0,
            "백화점":0,
            "아울렛몰":80,
            "대형마트":80,
            "은행":0,
            "병원":80,
            "종합병원":80,
            "공원":100,
            "혐오시설":0,
            "인프라총점":47.0,
            "초등학군":88.41,
            "중학군":52.2,
            "학군총점":59.442,
            "인구수":51.2,
            "인구증감":30.12,
            "인구총점":44.876,
            "일자리":25.4,
            "소득수준":52.54,
            "일자리총점":33.542,
            "가치 총점":39.5163,
            "매매실거래년":20210913.0,
            "매매실거래가":66500.0,
            "전세실거래년":20211025.0,
            "전세실거래가":26200.0,
            "전세가율":60.93,
            "장기전세가율평균":70.05,
            "전세가율거품지수":9.12,
            "검색코드":100144,
            "세대수":724.0,
            "준공년월":"2010-06-15",
            "준공년차":13.0,
            "가까운역이름":"야당",
            "가까운역거리":1495.74,
            "역세권여부":"비역세권",
            "30분이내주요거점역":0,
            "1시간이내주요거점역":1,
            "3km이내백화점수":0,
            "5km이내아울렛몰수":1,
            "1km이내대형먀트수":1,
            "500m이내은행수":1,
            "500m이내병원수":30,
            "5km이내대형병원수":1,
            "500m이내공원수":2,
            "3km이내혐오시설수":0,
            "초등학교학업성취도":88.41,
            "중학교학업성취도":85.2,
            "용적률":192,
            "건폐율":16,
            "Y":37.708969,
            "X":126.744891,
            "rank":23.0,
            "area_info":"24평(79.42), 33평(109.33), 32평(109.09), 38평(128.45), 38평(128.4), 45평(150.47), 45평(151.89), 52평(171.96)",
            "last_sales":"2021-09-13,66500.0,45평(151.89)"
        },
        {
            "index":91,
            "아파트명":"서원마을뜨란채7단지",
            "투자타입":"일반",
            "전용면적(m2)":"95.45",
            "전용면적(평)":"28평",
            "법정동주소":"경기도 파주시 금촌동 1019",
            "도로명주소":"경기도 파주시 쇠재로 30",
            "세대수":90,
            "입주년차":40,
            "용적률점수":"--",
            "건폐율점수":"--",
            "세대당주차수":30,
            "난방방식":30,
            "공급면적":"--",
            "전용률":"--",
            "욕실수":100,
            "현관타입":100,
            "주거총점":67.0,
            "지역구공급총점":0.0,
            "역세권":50,
            "30분내 이동가능 거점":0,
            "1시간내 이동가능 거점":20,
            "교통총점":29.0,
            "백화점":0,
            "아울렛몰":0,
            "대형마트":0,
            "은행":0,
            "병원":60,
            "종합병원":80,
            "공원":100,
            "혐오시설":0,
            "인프라총점":25.0,
            "초등학군":84.71,
            "중학군":48.36,
            "학군총점":55.63,
            "인구수":51.2,
            "인구증감":30.12,
            "인구총점":44.876,
            "일자리":25.4,
            "소득수준":52.54,
            "일자리총점":33.542,
            "가치 총점":39.3945,
            "매매실거래년":20211120.0,
            "매매실거래가":43000.0,
            "전세실거래년":20211112.0,
            "전세실거래가":21000.0,
            "전세가율":51.85,
            "장기전세가율평균":70.05,
            "전세가율거품지수":18.2,
            "검색코드":11339,
            "세대수":1133.0,
            "준공년월":"2005-05-03",
            "준공년차":18.0,
            "가까운역이름":"금릉",
            "가까운역거리":533.26,
            "역세권여부":"준역세권",
            "30분이내주요거점역":0,
            "1시간이내주요거점역":2,
            "3km이내백화점수":0,
            "5km이내아울렛몰수":0,
            "1km이내대형먀트수":0,
            "500m이내은행수":1,
            "500m이내병원수":17,
            "5km이내대형병원수":1,
            "500m이내공원수":6,
            "3km이내혐오시설수":0,
            "초등학교학업성취도":84.71,
            "중학교학업성취도":79.4,
            "용적률":209,
            "건폐율":15,
            "Y":37.749255,
            "X":126.77082,
            "rank":24.0,
            "area_info":"28평(95.45), 31평(105.54), 32평(106.51), 32평(106.1), 32평(106.54)",
            "last_sales":"2021-11-20,43000.0,32평(106.51)"
        },
        {
            "index":25,
            "아파트명":"경신",
            "투자타입":"일반",
            "전용면적(m2)":"50.01",
            "전용면적(평)":"15평",
            "법정동주소":"경기도 파주시 금촌동 424-9",
            "도로명주소":"경기도 파주시 정담길 123",
            "세대수":50,
            "입주년차":20,
            "용적률점수":"--",
            "건폐율점수":"--",
            "세대당주차수":0,
            "난방방식":30,
            "공급면적":"--",
            "전용률":"--",
            "욕실수":50,
            "현관타입":10,
            "주거총점":30.5,
            "지역구공급총점":0.0,
            "역세권":80,
            "30분내 이동가능 거점":0,
            "1시간내 이동가능 거점":20,
            "교통총점":44.0,
            "백화점":0,
            "아울렛몰":0,
            "대형마트":80,
            "은행":0,
            "병원":30,
            "종합병원":80,
            "공원":80,
            "혐오시설":0,
            "인프라총점":33.4,
            "초등학군":85.68,
            "중학군":43.38,
            "학군총점":51.84,
            "인구수":51.2,
            "인구증감":30.12,
            "인구총점":44.876,
            "일자리":25.4,
            "소득수준":52.54,
            "일자리총점":33.542,
            "가치 총점":39.296,
            "매매실거래년":20220105.0,
            "매매실거래가":15000.0,
            "전세실거래년":20220114.0,
            "전세실거래가":4500.0,
            "전세가율":45.0,
            "장기전세가율평균":70.05,
            "전세가율거품지수":25.05,
            "검색코드":11121,
            "세대수":408.0,
            "준공년월":"1999-01-21",
            "준공년차":24.0,
            "가까운역이름":"금촌",
            "가까운역거리":482.38,
            "역세권여부":"역세권",
            "30분이내주요거점역":0,
            "1시간이내주요거점역":2,
            "3km이내백화점수":0,
            "5km이내아울렛몰수":0,
            "1km이내대형먀트수":1,
            "500m이내은행수":0,
            "500m이내병원수":6,
            "5km이내대형병원수":1,
            "500m이내공원수":1,
            "3km이내혐오시설수":0,
            "초등학교학업성취도":85.68,
            "중학교학업성취도":71.7,
            "용적률":0,
            "건폐율":0,
            "Y":37.770342,
            "X":126.772945,
            "rank":25.0,
            "area_info":"15평(50.01), 23평(78.3), 25평(82.71), 30평(100.17)",
            "last_sales":"2022-01-05,15000.0,25평(82.71)"
        },
        {
            "index":164,
            "아파트명":"운정신도시아이파크",
            "투자타입":"일반",
            "전용면적(m2)":"80.96",
            "전용면적(평)":"24평",
            "법정동주소":"경기도 파주시 동패동 1781",
            "도로명주소":"경기도 파주시 심학산로 384",
            "세대수":100,
            "입주년차":100,
            "용적률점수":"--",
            "건폐율점수":"--",
            "세대당주차수":60,
            "난방방식":100,
            "공급면적":"--",
            "전용률":"--",
            "욕실수":100,
            "현관타입":100,
            "주거총점":94.0,
            "지역구공급총점":0.0,
            "역세권":0,
            "30분내 이동가능 거점":20,
            "1시간내 이동가능 거점":10,
            "교통총점":8.0,
            "백화점":0,
            "아울렛몰":80,
            "대형마트":0,
            "은행":0,
            "병원":10,
            "종합병원":80,
            "공원":100,
            "혐오시설":0,
            "인프라총점":28.0,
            "초등학군":100.0,
            "중학군":52.2,
            "학군총점":61.76,
            "인구수":51.2,
            "인구증감":30.12,
            "인구총점":44.876,
            "일자리":25.4,
            "소득수준":52.54,
            "일자리총점":33.542,
            "가치 총점":39.264,
            "매매실거래년":20211126.0,
            "매매실거래가":85000.0,
            "전세실거래년":20211210.0,
            "전세실거래가":40000.0,
            "전세가율":66.89,
            "장기전세가율평균":70.05,
            "전세가율거품지수":3.16,
            "검색코드":119854,
            "세대수":3042.0,
            "준공년월":"2020-07-22",
            "준공년차":3.0,
            "가까운역이름":"야당",
            "가까운역거리":2389.43,
            "역세권여부":"비역세권",
            "30분이내주요거점역":1,
            "1시간이내주요거점역":1,
            "3km이내백화점수":0,
            "5km이내아울렛몰수":1,
            "1km이내대형먀트수":0,
            "500m이내은행수":0,
            "500m이내병원수":2,
            "5km이내대형병원수":1,
            "500m이내공원수":5,
            "3km이내혐오시설수":0,
            "초등학교학업성취도":100.0,
            "중학교학업성취도":85.2,
            "용적률":185,
            "건폐율":13,
            "Y":37.715425,
            "X":126.734476,
            "rank":26.0,
            "area_info":"24평(80.96), 24평(81.08), 34평(112.84), 34평(112.67), 34평(114.12), 39평(129.95), 43평(144.34), 44평(145.75), 44평(145.52)",
            "last_sales":"2021-11-26,85000.0,44평(145.52)"
        },
        {
            "index":254,
            "아파트명":"운정화성파크드림시그니처",
            "투자타입":"일반",
            "전용면적(m2)":"84.65",
            "전용면적(평)":"25평",
            "법정동주소":"경기도 파주시 목동동 898",
            "도로명주소":"경기도 파주시 청암로 50",
            "세대수":90,
            "입주년차":100,
            "용적률점수":"--",
            "건폐율점수":"--",
            "세대당주차수":60,
            "난방방식":100,
            "공급면적":"--",
            "전용률":"--",
            "욕실수":100,
            "현관타입":100,
            "주거총점":90.5,
            "지역구공급총점":0.0,
            "역세권":0,
            "30분내 이동가능 거점":0,
            "1시간내 이동가능 거점":10,
            "교통총점":2.0,
            "백화점":0,
            "아울렛몰":80,
            "대형마트":80,
            "은행":0,
            "병원":0,
            "종합병원":80,
            "공원":100,
            "혐오시설":0,
            "인프라총점":39.0,
            "초등학군":90.0,
            "중학군":48.36,
            "학군총점":56.688,
            "인구수":51.2,
            "인구증감":30.12,
            "인구총점":44.876,
            "일자리":25.4,
            "소득수준":52.54,
            "일자리총점":33.542,
            "가치 총점":39.0032,
            "매매실거래년":20211215.0,
            "매매실거래가":64000.0,
            "전세실거래년":20211028.0,
            "전세실거래가":33000.0,
            "전세가율":59.25,
            "장기전세가율평균":70.05,
            "전세가율거품지수":10.8,
            "검색코드":119518,
            "세대수":1047.0,
            "준공년월":"2020-02-25",
            "준공년차":3.0,
            "가까운역이름":"운정",
            "가까운역거리":2835.82,
            "역세권여부":"비역세권",
            "30분이내주요거점역":0,
            "1시간이내주요거점역":1,
            "3km이내백화점수":0,
            "5km이내아울렛몰수":1,
            "1km이내대형먀트수":1,
            "500m이내은행수":0,
            "500m이내병원수":0,
            "5km이내대형병원수":1,
            "500m이내공원수":4,
            "3km이내혐오시설수":0,
            "초등학교학업성취도":90.0,
            "중학교학업성취도":79.4,
            "용적률":179,
            "건폐율":16,
            "Y":37.734265,
            "X":126.736828,
            "rank":27.0,
            "area_info":"25평(84.65), 25평(84.65), 29평(98.39), 29평(98.39), 33평(111.91), 33평(111.54), 33평(111.32), 33평(111.91), 33평(111.54), 33평(111.32)",
            "last_sales":"2021-12-15,64000.0,33평(111.54)"
        },
        {
            "index":136,
            "아파트명":"후곡마을주공6단지",
            "투자타입":"일반",
            "전용면적(m2)":"67.54",
            "전용면적(평)":"20평",
            "법정동주소":"경기도 파주시 금촌동 1022",
            "도로명주소":"경기도 파주시 새꽃로 10",
            "세대수":50,
            "입주년차":40,
            "용적률점수":"--",
            "건폐율점수":"--",
            "세대당주차수":0,
            "난방방식":30,
            "공급면적":"--",
            "전용률":"--",
            "욕실수":50,
            "현관타입":10,
            "주거총점":34.5,
            "지역구공급총점":0.0,
            "역세권":80,
            "30분내 이동가능 거점":0,
            "1시간내 이동가능 거점":20,
            "교통총점":44.0,
            "백화점":0,
            "아울렛몰":0,
            "대형마트":0,
            "은행":20,
            "병원":60,
            "종합병원":80,
            "공원":100,
            "혐오시설":0,
            "인프라총점":27.0,
            "초등학군":85.07,
            "중학군":48.36,
            "학군총점":55.702,
            "인구수":51.2,
            "인구증감":30.12,
            "인구총점":44.876,
            "일자리":25.4,
            "소득수준":52.54,
            "일자리총점":33.542,
            "가치 총점":38.7553,
            "매매실거래년":20211108.0,
            "매매실거래가":34700.0,
            "전세실거래년":20211218.0,
            "전세실거래가":22500.0,
            "전세가율":98.04,
            "장기전세가율평균":70.05,
            "전세가율거품지수":-27.99,
            "검색코드":101352,
            "세대수":688.0,
            "준공년월":"2004-11-11",
            "준공년차":19.0,
            "가까운역이름":"금릉",
            "가까운역거리":370.41,
            "역세권여부":"역세권",
            "30분이내주요거점역":0,
            "1시간이내주요거점역":2,
            "3km이내백화점수":0,
            "5km이내아울렛몰수":0,
            "1km이내대형먀트수":0,
            "500m이내은행수":2,
            "500m이내병원수":25,
            "5km이내대형병원수":1,
            "500m이내공원수":6,
            "3km이내혐오시설수":0,
            "초등학교학업성취도":85.07,
            "중학교학업성취도":79.4,
            "용적률":204,
            "건폐율":20,
            "Y":37.751341,
            "X":126.76956,
            "rank":28.0,
            "area_info":"20평(67.54), 23평(77.85)",
            "last_sales":"2021-11-08,34700.0,23평(77.85)"
        },
        {
            "index":457,
            "아파트명":"파라다이스",
            "투자타입":"일반",
            "전용면적(m2)":"72.85",
            "전용면적(평)":"22평",
            "법정동주소":"경기도 파주시 아동동 275-9",
            "도로명주소":"경기도 파주시 정담길 20",
            "세대수":30,
            "입주년차":0,
            "용적률점수":"--",
            "건폐율점수":"--",
            "세대당주차수":0,
            "난방방식":30,
            "공급면적":"--",
            "전용률":"--",
            "욕실수":50,
            "현관타입":100,
            "주거총점":28.5,
            "지역구공급총점":0.0,
            "역세권":80,
            "30분내 이동가능 거점":0,
            "1시간내 이동가능 거점":20,
            "교통총점":44.0,
            "백화점":0,
            "아울렛몰":0,
            "대형마트":80,
            "은행":0,
            "병원":30,
            "종합병원":80,
            "공원":80,
            "혐오시설":0,
            "인프라총점":33.4,
            "초등학군":88.7,
            "중학군":39.64,
            "학군총점":49.452,
            "인구수":51.2,
            "인구증감":30.12,
            "인구총점":44.876,
            "일자리":25.4,
            "소득수준":52.54,
            "일자리총점":33.542,
            "가치 총점":38.5378,
            "매매실거래년":20210903.0,
            "매매실거래가":26500.0,
            "전세실거래년":20211012.0,
            "전세실거래가":15000.0,
            "전세가율":93.75,
            "장기전세가율평균":70.05,
            "전세가율거품지수":-23.7,
            "검색코드":10421,
            "세대수":316.0,
            "준공년월":"1998-05-15",
            "준공년차":25.0,
            "가까운역이름":"금촌",
            "가까운역거리":449.08,
            "역세권여부":"역세권",
            "30분이내주요거점역":0,
            "1시간이내주요거점역":2,
            "3km이내백화점수":0,
            "5km이내아울렛몰수":0,
            "1km이내대형먀트수":1,
            "500m이내은행수":0,
            "500m이내병원수":6,
            "5km이내대형병원수":1,
            "500m이내공원수":1,
            "3km이내혐오시설수":0,
            "초등학교학업성취도":88.7,
            "중학교학업성취도":65.6,
            "용적률":0,
            "건폐율":0,
            "Y":37.769322,
            "X":126.777911,
            "rank":29.0,
            "area_info":"22평(72.85), 22평(75.87), 25평(82.72), 26평(87.12), 29평(97.99), 30평(99.22), 34평(112.62)",
            "last_sales":"2021-09-03,26500.0,29평(97.99)"
        },
        {
            "index":563,
            "아파트명":"가람마을10단지동양엔파트월드메르디앙",
            "투자타입":"일반",
            "전용면적(m2)":"82.89",
            "전용면적(평)":"25평",
            "법정동주소":"경기도 파주시 와동동 1356",
            "도로명주소":"경기도 파주시 가온로 245",
            "세대수":90,
            "입주년차":60,
            "용적률점수":"--",
            "건폐율점수":"--",
            "세대당주차수":60,
            "난방방식":100,
            "공급면적":"--",
            "전용률":"--",
            "욕실수":100,
            "현관타입":100,
            "주거총점":82.5,
            "지역구공급총점":0.0,
            "역세권":0,
            "30분내 이동가능 거점":20,
            "1시간내 이동가능 거점":10,
            "교통총점":8.0,
            "백화점":0,
            "아울렛몰":0,
            "대형마트":80,
            "은행":0,
            "병원":30,
            "종합병원":80,
            "공원":100,
            "혐오시설":0,
            "인프라총점":34.0,
            "초등학군":91.14,
            "중학군":52.2,
            "학군총점":59.988,
            "인구수":51.2,
            "인구증감":30.12,
            "인구총점":44.876,
            "일자리":25.4,
            "소득수준":52.54,
            "일자리총점":33.542,
            "가치 총점":38.4982,
            "매매실거래년":20211204.0,
            "매매실거래가":55000.0,
            "전세실거래년":20210828.0,
            "전세실거래가":24000.0,
            "전세가율":58.54,
            "장기전세가율평균":70.05,
            "전세가율거품지수":11.51,
            "검색코드":27720,
            "세대수":972.0,
            "준공년월":"2010-07-29",
            "준공년차":13.0,
            "가까운역이름":"운정",
            "가까운역거리":1190.35,
            "역세권여부":"비역세권",
            "30분이내주요거점역":1,
            "1시간이내주요거점역":1,
            "3km이내백화점수":0,
            "5km이내아울렛몰수":0,
            "1km이내대형먀트수":1,
            "500m이내은행수":0,
            "500m이내병원수":6,
            "5km이내대형병원수":1,
            "500m이내공원수":4,
            "3km이내혐오시설수":0,
            "초등학교학업성취도":91.14,
            "중학교학업성취도":85.2,
            "용적률":209,
            "건폐율":15,
            "Y":37.726713,
            "X":126.753769,
            "rank":30.0,
            "area_info":"25평(82.89), 33평(110.89), 33평(111.54), 33평(111.8), 44평(145.62), 44평(145.62), 44평(145.63), 44평(146.13), 44평(147.87), 44평(147.87)",
            "last_sales":"2021-12-04,55000.0,44평(147.87)"
        },
        {
            "index":264,
            "아파트명":"해솔마을1단지두산위브",
            "투자타입":"일반",
            "전용면적(m2)":"80.29",
            "전용면적(평)":"24평",
            "법정동주소":"경기도 파주시 목동동 647",
            "도로명주소":"경기도 파주시 해솔로 85",
            "세대수":50,
            "입주년차":60,
            "용적률점수":"--",
            "건폐율점수":"--",
            "세대당주차수":60,
            "난방방식":100,
            "공급면적":"--",
            "전용률":"--",
            "욕실수":100,
            "현관타입":100,
            "주거총점":68.5,
            "지역구공급총점":0.0,
            "역세권":0,
            "30분내 이동가능 거점":20,
            "1시간내 이동가능 거점":10,
            "교통총점":8.0,
            "백화점":0,
            "아울렛몰":80,
            "대형마트":100,
            "은행":0,
            "병원":10,
            "종합병원":80,
            "공원":100,
            "혐오시설":0,
            "인프라총점":43.0,
            "초등학군":87.67,
            "중학군":52.2,
            "학군총점":59.294,
            "인구수":51.2,
            "인구증감":30.12,
            "인구총점":44.876,
            "일자리":25.4,
            "소득수준":52.54,
            "일자리총점":33.542,
            "가치 총점":38.2941,
            "매매실거래년":20211019.0,
            "매매실거래가":60000.0,
            "전세실거래년":20220103.0,
            "전세실거래가":32000.0,
            "전세가율":70.8,
            "장기전세가율평균":70.05,
            "전세가율거품지수":-0.75,
            "검색코드":27721,
            "세대수":668.0,
            "준공년월":"2010-04-01",
            "준공년차":13.0,
            "가까운역이름":"운정",
            "가까운역거리":2001.88,
            "역세권여부":"비역세권",
            "30분이내주요거점역":1,
            "1시간이내주요거점역":1,
            "3km이내백화점수":0,
            "5km이내아울렛몰수":1,
            "1km이내대형먀트수":2,
            "500m이내은행수":0,
            "500m이내병원수":2,
            "5km이내대형병원수":1,
            "500m이내공원수":10,
            "3km이내혐오시설수":0,
            "초등학교학업성취도":87.67,
            "중학교학업성취도":85.2,
            "용적률":208,
            "건폐율":15,
            "Y":37.728745,
            "X":126.744796,
            "rank":31.0,
            "area_info":"24평(80.29), 24평(80.78), 34평(112.54), 34평(113.54), 41평(135.58), 41평(136.15), 47평(156.01), 47평(157.11)",
            "last_sales":"2021-10-19,60000.0,41평(135.58)"
        },
        {
            "index":370,
            "아파트명":"일신건영휴먼빌",
            "투자타입":"일반",
            "전용면적(m2)":"78.71",
            "전용면적(평)":"23평",
            "법정동주소":"경기도 파주시 문산읍 문산리 145",
            "도로명주소":"경기도 파주시 문향로 11",
            "세대수":50,
            "입주년차":40,
            "용적률점수":"--",
            "건폐율점수":"--",
            "세대당주차수":30,
            "난방방식":30,
            "공급면적":"--",
            "전용률":"--",
            "욕실수":100,
            "현관타입":100,
            "주거총점":53.0,
            "지역구공급총점":0.0,
            "역세권":80,
            "30분내 이동가능 거점":0,
            "1시간내 이동가능 거점":10,
            "교통총점":42.0,
            "백화점":0,
            "아울렛몰":0,
            "대형마트":80,
            "은행":20,
            "병원":60,
            "종합병원":0,
            "공원":0,
            "혐오시설":0,
            "인프라총점":20.0,
            "초등학군":91.43,
            "중학군":33.66,
            "학군총점":45.214,
            "인구수":51.2,
            "인구증감":30.12,
            "인구총점":44.876,
            "일자리":25.4,
            "소득수준":52.54,
            "일자리총점":33.542,
            "가치 총점":38.0821,
            "매매실거래년":20220106.0,
            "매매실거래가":23000.0,
            "전세실거래년":20220110.0,
            "전세실거래가":19000.0,
            "전세가율":82.61,
            "장기전세가율평균":70.05,
            "전세가율거품지수":-12.56,
            "검색코드":17752,
            "세대수":610.0,
            "준공년월":"2006-06-29",
            "준공년차":17.0,
            "가까운역이름":"문산",
            "가까운역거리":321.86,
            "역세권여부":"역세권",
            "30분이내주요거점역":0,
            "1시간이내주요거점역":1,
            "3km이내백화점수":0,
            "5km이내아울렛몰수":0,
            "1km이내대형먀트수":1,
            "500m이내은행수":2,
            "500m이내병원수":11,
            "5km이내대형병원수":0,
            "500m이내공원수":0,
            "3km이내혐오시설수":0,
            "초등학교학업성취도":91.43,
            "중학교학업성취도":56.1,
            "용적률":288,
            "건폐율":20,
            "Y":37.852588,
            "X":126.785435,
            "rank":32.0,
            "area_info":"23평(78.71), 27평(91.49), 33평(110.47), 47평(156.1)",
            "last_sales":"2022-01-06,23000.0,23평(78.71)"
        },
        {
            "index":43,
            "아파트명":"대방노블랜드",
            "투자타입":"일반",
            "전용면적(m2)":"107.3",
            "전용면적(평)":"32평",
            "법정동주소":"경기도 파주시 금촌동 1015",
            "도로명주소":"경기도 파주시 마음밭길 114",
            "세대수":50,
            "입주년차":40,
            "용적률점수":"--",
            "건폐율점수":"--",
            "세대당주차수":30,
            "난방방식":30,
            "공급면적":"--",
            "전용률":"--",
            "욕실수":100,
            "현관타입":100,
            "주거총점":53.0,
            "지역구공급총점":0.0,
            "역세권":50,
            "30분내 이동가능 거점":0,
            "1시간내 이동가능 거점":20,
            "교통총점":29.0,
            "백화점":0,
            "아울렛몰":0,
            "대형마트":80,
            "은행":0,
            "병원":10,
            "종합병원":80,
            "공원":80,
            "혐오시설":0,
            "인프라총점":31.4,
            "초등학군":85.68,
            "중학군":43.38,
            "학군총점":51.84,
            "인구수":51.2,
            "인구증감":30.12,
            "인구총점":44.876,
            "일자리":25.4,
            "소득수준":52.54,
            "일자리총점":33.542,
            "가치 총점":37.946,
            "매매실거래년":20211224.0,
            "매매실거래가":29500.0,
            "전세실거래년":20211018.0,
            "전세실거래가":18900.0,
            "전세가율":59.06,
            "장기전세가율평균":70.05,
            "전세가율거품지수":10.99,
            "검색코드":25761,
            "세대수":488.0,
            "준공년월":"2006-10-25",
            "준공년차":17.0,
            "가까운역이름":"금촌",
            "가까운역거리":560.48,
            "역세권여부":"준역세권",
            "30분이내주요거점역":0,
            "1시간이내주요거점역":2,
            "3km이내백화점수":0,
            "5km이내아울렛몰수":0,
            "1km이내대형먀트수":1,
            "500m이내은행수":0,
            "500m이내병원수":2,
            "5km이내대형병원수":1,
            "500m이내공원수":1,
            "3km이내혐오시설수":0,
            "초등학교학업성취도":85.68,
            "중학교학업성취도":71.7,
            "용적률":237,
            "건폐율":20,
            "Y":37.770496,
            "X":126.771274,
            "rank":33.0,
            "area_info":"32평(107.3), 33평(110.12)",
            "last_sales":"2021-12-24,29500.0,33평(110.12)"
        },
        {
            "index":62,
            "아파트명":"동문2차",
            "투자타입":"일반",
            "전용면적(m2)":"87.43",
            "전용면적(평)":"26평",
            "법정동주소":"경기도 파주시 금촌동 23",
            "도로명주소":"경기도 파주시 정담길 85-8",
            "세대수":0,
            "입주년차":0,
            "용적률점수":"--",
            "건폐율점수":"--",
            "세대당주차수":0,
            "난방방식":30,
            "공급면적":"--",
            "전용률":"--",
            "욕실수":100,
            "현관타입":100,
            "주거총점":23.0,
            "지역구공급총점":0.0,
            "역세권":80,
            "30분내 이동가능 거점":0,
            "1시간내 이동가능 거점":20,
            "교통총점":44.0,
            "백화점":0,
            "아울렛몰":0,
            "대형마트":80,
            "은행":0,
            "병원":30,
            "종합병원":80,
            "공원":80,
            "혐오시설":0,
            "인프라총점":33.4,
            "초등학군":85.68,
            "중학군":43.38,
            "학군총점":51.84,
            "인구수":51.2,
            "인구증감":30.12,
            "인구총점":44.876,
            "일자리":25.4,
            "소득수준":52.54,
            "일자리총점":33.542,
            "가치 총점":37.796,
            "매매실거래년":20211209.0,
            "매매실거래가":17000.0,
            "전세실거래년":20210909.0,
            "전세실거래가":13500.0,
            "전세가율":79.41,
            "장기전세가율평균":70.05,
            "전세가율거품지수":-9.36,
            "검색코드":13461,
            "세대수":128.0,
            "준공년월":"1995-11-29",
            "준공년차":28.0,
            "가까운역이름":"금촌",
            "가까운역거리":475.93,
            "역세권여부":"역세권",
            "30분이내주요거점역":0,
            "1시간이내주요거점역":2,
            "3km이내백화점수":0,
            "5km이내아울렛몰수":0,
            "1km이내대형먀트수":1,
            "500m이내은행수":0,
            "500m이내병원수":6,
            "5km이내대형병원수":1,
            "500m이내공원수":1,
            "3km이내혐오시설수":0,
            "초등학교학업성취도":85.68,
            "중학교학업성취도":71.7,
            "용적률":0,
            "건폐율":0,
            "Y":37.770493,
            "X":126.774407,
            "rank":34.0,
            "area_info":"26평(87.43), 26평(88.64), 32평(108.36), 33평(112.13)",
            "last_sales":"2021-12-09,17000.0,26평(87.43)"
        },
        {
            "index":435,
            "아파트명":"무궁화2차",
            "투자타입":"재건축",
            "전용면적(m2)":"60.91",
            "전용면적(평)":"18평",
            "법정동주소":"경기도 파주시 아동동 291-10",
            "도로명주소":"경기도 파주시 시청로 201",
            "세대수":0,
            "입주년차":"--",
            "용적률점수":80,
            "건폐율점수":60,
            "세대당주차수":"--",
            "난방방식":"--",
            "공급면적":50,
            "전용률":60,
            "욕실수":"--",
            "현관타입":"--",
            "주거총점":49.5,
            "지역구공급총점":0.0,
            "역세권":50,
            "30분내 이동가능 거점":0,
            "1시간내 이동가능 거점":20,
            "교통총점":29.0,
            "백화점":0,
            "아울렛몰":0,
            "대형마트":80,
            "은행":0,
            "병원":30,
            "종합병원":80,
            "공원":80,
            "혐오시설":0,
            "인프라총점":33.4,
            "초등학군":88.7,
            "중학군":39.64,
            "학군총점":49.452,
            "인구수":51.2,
            "인구증감":30.12,
            "인구총점":44.876,
            "일자리":25.4,
            "소득수준":52.54,
            "일자리총점":33.542,
            "가치 총점":37.4878,
            "매매실거래년":"18000101",
            "매매실거래가":null,
            "전세실거래년":null,
            "전세실거래가":null,
            "전세가율":null,
            "장기전세가율평균":70.05,
            "전세가율거품지수":null,
            "검색코드":15174,
            "세대수":110.0,
            "준공년월":"1990-10-27",
            "준공년차":33.0,
            "가까운역이름":"금촌",
            "가까운역거리":536.16,
            "역세권여부":"준역세권",
            "30분이내주요거점역":0,
            "1시간이내주요거점역":2,
            "3km이내백화점수":0,
            "5km이내아울렛몰수":0,
            "1km이내대형먀트수":1,
            "500m이내은행수":0,
            "500m이내병원수":6,
            "5km이내대형병원수":1,
            "500m이내공원수":1,
            "3km이내혐오시설수":0,
            "초등학교학업성취도":88.7,
            "중학교학업성취도":65.6,
            "용적률":151,
            "건폐율":32,
            "Y":37.770786,
            "X":126.776593,
            "rank":35.0,
            "area_info":"18평(60.91), 19평(64.15), 19평(64.47), 23평(77.29), 23평(77.18), 31평(105.34)",
            "last_sales":"1800-01-01,nan,18평(60.91)"
        },
        {
            "index":579,
            "아파트명":"가람마을1단지벽산한라",
            "투자타입":"일반",
            "전용면적(m2)":"80.57",
            "전용면적(평)":"24평",
            "법정동주소":"경기도 파주시 와동동 1308",
            "도로명주소":"경기도 파주시 가람로 22",
            "세대수":90,
            "입주년차":60,
            "용적률점수":"--",
            "건폐율점수":"--",
            "세대당주차수":60,
            "난방방식":100,
            "공급면적":"--",
            "전용률":"--",
            "욕실수":100,
            "현관타입":100,
            "주거총점":82.5,
            "지역구공급총점":0.0,
            "역세권":0,
            "30분내 이동가능 거점":0,
            "1시간내 이동가능 거점":10,
            "교통총점":2.0,
            "백화점":0,
            "아울렛몰":0,
            "대형마트":80,
            "은행":20,
            "병원":60,
            "종합병원":80,
            "공원":100,
            "혐오시설":0,
            "인프라총점":39.0,
            "초등학군":87.92,
            "중학군":48.36,
            "학군총점":56.272,
            "인구수":51.2,
            "인구증감":30.12,
            "인구총점":44.876,
            "일자리":25.4,
            "소득수준":52.54,
            "일자리총점":33.542,
            "가치 총점":37.3408,
            "매매실거래년":20211216.0,
            "매매실거래가":43900.0,
            "전세실거래년":20211120.0,
            "전세실거래가":30000.0,
            "전세가율":68.34,
            "장기전세가율평균":70.05,
            "전세가율거품지수":1.71,
            "검색코드":27748,
            "세대수":1145.0,
            "준공년월":"2010-08-23",
            "준공년차":13.0,
            "가까운역이름":"운정",
            "가까운역거리":1436.38,
            "역세권여부":"비역세권",
            "30분이내주요거점역":0,
            "1시간이내주요거점역":1,
            "3km이내백화점수":0,
            "5km이내아울렛몰수":0,
            "1km이내대형먀트수":1,
            "500m이내은행수":2,
            "500m이내병원수":18,
            "5km이내대형병원수":1,
            "500m이내공원수":6,
            "3km이내혐오시설수":0,
            "초등학교학업성취도":87.92,
            "중학교학업성취도":79.4,
            "용적률":199,
            "건폐율":16,
            "Y":37.733092,
            "X":126.753753,
            "rank":36.0,
            "area_info":"24평(80.57), 24평(80.66), 33평(111.31), 33평(111.48), 39평(131.78), 40평(133.06), 48평(158.72), 48평(159.64)",
            "last_sales":"2021-12-16,43900.0,24평(80.57)"
        },
        {
            "index":117,
            "아파트명":"장안3차(미래)",
            "투자타입":"일반",
            "전용면적(m2)":"81.92",
            "전용면적(평)":"24평",
            "법정동주소":"경기도 파주시 금촌동 51-49",
            "도로명주소":"경기도 파주시 아동로 20",
            "세대수":0,
            "입주년차":0,
            "용적률점수":"--",
            "건폐율점수":"--",
            "세대당주차수":0,
            "난방방식":30,
            "공급면적":"--",
            "전용률":"--",
            "욕실수":50,
            "현관타입":10,
            "주거총점":9.0,
            "지역구공급총점":0.0,
            "역세권":80,
            "30분내 이동가능 거점":0,
            "1시간내 이동가능 거점":20,
            "교통총점":44.0,
            "백화점":0,
            "아울렛몰":0,
            "대형마트":80,
            "은행":0,
            "병원":80,
            "종합병원":80,
            "공원":100,
            "혐오시설":0,
            "인프라총점":39.0,
            "초등학군":85.68,
            "중학군":48.36,
            "학군총점":55.824,
            "인구수":51.2,
            "인구증감":30.12,
            "인구총점":44.876,
            "일자리":25.4,
            "소득수준":52.54,
            "일자리총점":33.542,
            "가치 총점":37.2736,
            "매매실거래년":20220110.0,
            "매매실거래가":20500.0,
            "전세실거래년":20210305.0,
            "전세실거래가":11000.0,
            "전세가율":91.67,
            "장기전세가율평균":70.05,
            "전세가율거품지수":-21.62,
            "검색코드":15144,
            "세대수":208.0,
            "준공년월":"1993-09-22",
            "준공년차":30.0,
            "가까운역이름":"금촌",
            "가까운역거리":288.96,
            "역세권여부":"역세권",
            "30분이내주요거점역":0,
            "1시간이내주요거점역":2,
            "3km이내백화점수":0,
            "5km이내아울렛몰수":0,
            "1km이내대형먀트수":1,
            "500m이내은행수":1,
            "500m이내병원수":30,
            "5km이내대형병원수":1,
            "500m이내공원수":3,
            "3km이내혐오시설수":0,
            "초등학교학업성취도":85.68,
            "중학교학업성취도":79.4,
            "용적률":209,
            "건폐율":32,
            "Y":37.764183,
            "X":126.77669,
            "rank":37.0,
            "area_info":"24평(81.92), 25평(83.17), 30평(101.63), 35평(118.22)",
            "last_sales":"2022-01-10,20500.0,35평(118.22)"
        },
        {
            "index":618,
            "아파트명":"해솔마을7단지롯데캐슬",
            "투자타입":"일반",
            "전용면적(m2)":"83.66",
            "전용면적(평)":"25평",
            "법정동주소":"경기도 파주시 와동동 1404",
            "도로명주소":"경기도 파주시 가온로 205",
            "세대수":100,
            "입주년차":80,
            "용적률점수":"--",
            "건폐율점수":"--",
            "세대당주차수":60,
            "난방방식":100,
            "공급면적":"--",
            "전용률":"--",
            "욕실수":100,
            "현관타입":100,
            "주거총점":90.0,
            "지역구공급총점":0.0,
            "역세권":0,
            "30분내 이동가능 거점":20,
            "1시간내 이동가능 거점":10,
            "교통총점":8.0,
            "백화점":0,
            "아울렛몰":0,
            "대형마트":0,
            "은행":20,
            "병원":30,
            "종합병원":80,
            "공원":100,
            "혐오시설":0,
            "인프라총점":24.0,
            "초등학군":85.35,
            "중학군":52.2,
            "학군총점":58.83,
            "인구수":51.2,
            "인구증감":30.12,
            "인구총점":44.876,
            "일자리":25.4,
            "소득수준":52.54,
            "일자리총점":33.542,
            "가치 총점":36.8245,
            "매매실거래년":20211215.0,
            "매매실거래가":86000.0,
            "전세실거래년":20211110.0,
            "전세실거래가":35500.0,
            "전세가율":78.89,
            "장기전세가율평균":70.05,
            "전세가율거품지수":-8.84,
            "검색코드":103338,
            "세대수":1880.0,
            "준공년월":"2014-11-29",
            "준공년차":9.0,
            "가까운역이름":"야당",
            "가까운역거리":1359.64,
            "역세권여부":"비역세권",
            "30분이내주요거점역":1,
            "1시간이내주요거점역":1,
            "3km이내백화점수":0,
            "5km이내아울렛몰수":0,
            "1km이내대형먀트수":0,
            "500m이내은행수":2,
            "500m이내병원수":5,
            "5km이내대형병원수":1,
            "500m이내공원수":3,
            "3km이내혐오시설수":0,
            "초등학교학업성취도":85.35,
            "중학교학업성취도":85.2,
            "용적률":208,
            "건폐율":16,
            "Y":37.721734,
            "X":126.751481,
            "rank":38.0,
            "area_info":"25평(83.66), 25평(84.98), 34평(113.46), 34평(113.19), 39평(129.61), 39평(130.45), 43평(142.8), 43평(144.31), 43평(144.08), 48평(159.35), 48평(159.48)",
            "last_sales":"2021-12-15,86000.0,48평(159.48)"
        },
        {
            "index":146,
            "아파트명":"청석마을대원효성",
            "투자타입":"일반",
            "전용면적(m2)":"129.09",
            "전용면적(평)":"39평",
            "법정동주소":"경기도 파주시 다율동 986",
            "도로명주소":"경기도 파주시 청석로 300",
            "세대수":90,
            "입주년차":40,
            "용적률점수":"--",
            "건폐율점수":"--",
            "세대당주차수":60,
            "난방방식":100,
            "공급면적":"--",
            "전용률":"--",
            "욕실수":100,
            "현관타입":100,
            "주거총점":78.5,
            "지역구공급총점":0.0,
            "역세권":0,
            "30분내 이동가능 거점":0,
            "1시간내 이동가능 거점":10,
            "교통총점":2.0,
            "백화점":0,
            "아울렛몰":100,
            "대형마트":80,
            "은행":70,
            "병원":60,
            "종합병원":0,
            "공원":100,
            "혐오시설":0,
            "인프라총점":38.0,
            "초등학군":88.92,
            "중학군":52.2,
            "학군총점":59.544,
            "인구수":51.2,
            "인구증감":30.12,
            "인구총점":44.876,
            "일자리":25.4,
            "소득수준":52.54,
            "일자리총점":33.542,
            "가치 총점":36.7316,
            "매매실거래년":20211215.0,
            "매매실거래가":47300.0,
            "전세실거래년":20220103.0,
            "전세실거래가":37000.0,
            "전세가율":78.22,
            "장기전세가율평균":70.05,
            "전세가율거품지수":-8.17,
            "검색코드":17753,
            "세대수":1240.0,
            "준공년월":"2006-04-18",
            "준공년차":17.0,
            "가까운역이름":"야당",
            "가까운역거리":4089.69,
            "역세권여부":"비역세권",
            "30분이내주요거점역":0,
            "1시간이내주요거점역":1,
            "3km이내백화점수":0,
            "5km이내아울렛몰수":2,
            "1km이내대형먀트수":1,
            "500m이내은행수":3,
            "500m이내병원수":16,
            "5km이내대형병원수":0,
            "500m이내공원수":4,
            "3km이내혐오시설수":0,
            "초등학교학업성취도":88.92,
            "중학교학업성취도":85.2,
            "용적률":179,
            "건폐율":16,
            "Y":37.72909,
            "X":126.719969,
            "rank":39.0,
            "area_info":"39평(129.09), 45평(149.01), 45평(149.28)",
            "last_sales":"2021-12-15,47300.0,39평(129.09)"
        },
        {
            "index":241,
            "아파트명":"산내마을8단지월드메르디앙",
            "투자타입":"일반",
            "전용면적(m2)":"97.59",
            "전용면적(평)":"29평",
            "법정동주소":"경기도 파주시 목동동 114-37",
            "도로명주소":"경기도 파주시 청암로 28",
            "세대수":90,
            "입주년차":20,
            "용적률점수":"--",
            "건폐율점수":"--",
            "세대당주차수":60,
            "난방방식":30,
            "공급면적":"--",
            "전용률":"--",
            "욕실수":100,
            "현관타입":100,
            "주거총점":67.5,
            "지역구공급총점":0.0,
            "역세권":0,
            "30분내 이동가능 거점":0,
            "1시간내 이동가능 거점":10,
            "교통총점":2.0,
            "백화점":0,
            "아울렛몰":80,
            "대형마트":80,
            "은행":0,
            "병원":60,
            "종합병원":80,
            "공원":100,
            "혐오시설":0,
            "인프라총점":45.0,
            "초등학군":90.0,
            "중학군":52.2,
            "학군총점":59.76,
            "인구수":51.2,
            "인구증감":30.12,
            "인구총점":44.876,
            "일자리":25.4,
            "소득수준":52.54,
            "일자리총점":33.542,
            "가치 총점":36.664,
            "매매실거래년":20211119.0,
            "매매실거래가":56800.0,
            "전세실거래년":20220113.0,
            "전세실거래가":32000.0,
            "전세가율":84.21,
            "장기전세가율평균":70.05,
            "전세가율거품지수":-14.16,
            "검색코드":3722,
            "세대수":1028.0,
            "준공년월":"2001-11-29",
            "준공년차":22.0,
            "가까운역이름":"운정",
            "가까운역거리":2653.66,
            "역세권여부":"비역세권",
            "30분이내주요거점역":0,
            "1시간이내주요거점역":1,
            "3km이내백화점수":0,
            "5km이내아울렛몰수":1,
            "1km이내대형먀트수":1,
            "500m이내은행수":0,
            "500m이내병원수":14,
            "5km이내대형병원수":1,
            "500m이내공원수":7,
            "3km이내혐오시설수":0,
            "초등학교학업성취도":90.0,
            "중학교학업성취도":85.2,
            "용적률":190,
            "건폐율":18,
            "Y":37.731754,
            "X":126.738029,
            "rank":40.0,
            "area_info":"29평(97.59), 33평(112.28), 44평(146.84), 53평(176.71), 64평(211.6), 74평(245.22)",
            "last_sales":"2021-11-19,56800.0,53평(176.71)"
        },
        {
            "index":201,
            "아파트명":"한울마을2단지운정벽산블루밍",
            "투자타입":"일반",
            "전용면적(m2)":"95.4",
            "전용면적(평)":"28평",
            "법정동주소":"경기도 파주시 동패동 200-1",
            "도로명주소":"경기도 파주시 동패로 117",
            "세대수":90,
            "입주년차":20,
            "용적률점수":"--",
            "건폐율점수":"--",
            "세대당주차수":30,
            "난방방식":30,
            "공급면적":"--",
            "전용률":"--",
            "욕실수":100,
            "현관타입":100,
            "주거총점":63.0,
            "지역구공급총점":0.0,
            "역세권":0,
            "30분내 이동가능 거점":20,
            "1시간내 이동가능 거점":10,
            "교통총점":8.0,
            "백화점":0,
            "아울렛몰":80,
            "대형마트":80,
            "은행":0,
            "병원":10,
            "종합병원":80,
            "공원":100,
            "혐오시설":0,
            "인프라총점":40.0,
            "초등학군":100.0,
            "중학군":52.2,
            "학군총점":61.76,
            "인구수":51.2,
            "인구증감":30.12,
            "인구총점":44.876,
            "일자리":25.4,
            "소득수준":52.54,
            "일자리총점":33.542,
            "가치 총점":36.664,
            "매매실거래년":20220104.0,
            "매매실거래가":73000.0,
            "전세실거래년":20220103.0,
            "전세실거래가":31000.0,
            "전세가율":72.09,
            "장기전세가율평균":70.05,
            "전세가율거품지수":-2.04,
            "검색코드":8385,
            "세대수":1260.0,
            "준공년월":"2001-06-30",
            "준공년차":22.0,
            "가까운역이름":"야당",
            "가까운역거리":1986.46,
            "역세권여부":"비역세권",
            "30분이내주요거점역":1,
            "1시간이내주요거점역":1,
            "3km이내백화점수":0,
            "5km이내아울렛몰수":1,
            "1km이내대형먀트수":1,
            "500m이내은행수":0,
            "500m이내병원수":2,
            "5km이내대형병원수":1,
            "500m이내공원수":11,
            "3km이내혐오시설수":0,
            "초등학교학업성취도":100.0,
            "중학교학업성취도":85.2,
            "용적률":196,
            "건폐율":18,
            "Y":37.713544,
            "X":126.738826,
            "rank":40.0,
            "area_info":"28평(95.4), 34평(115.03), 44평(145.66), 55평(184.36), 68평(227.39)",
            "last_sales":"2022-01-04,73000.0,68평(227.39)"
        },
        {
            "index":191,
            "아파트명":"한울3단지LH",
            "투자타입":"일반",
            "전용면적(m2)":"95.31",
            "전용면적(평)":"28평",
            "법정동주소":"경기도 파주시 동패동 1752",
            "도로명주소":"경기도 파주시 동패로 100",
            "세대수":50,
            "입주년차":60,
            "용적률점수":"--",
            "건폐율점수":"--",
            "세대당주차수":30,
            "난방방식":100,
            "공급면적":"--",
            "전용률":"--",
            "욕실수":100,
            "현관타입":100,
            "주거총점":64.0,
            "지역구공급총점":0.0,
            "역세권":0,
            "30분내 이동가능 거점":0,
            "1시간내 이동가능 거점":10,
            "교통총점":2.0,
            "백화점":0,
            "아울렛몰":80,
            "대형마트":80,
            "은행":0,
            "병원":80,
            "종합병원":80,
            "공원":100,
            "혐오시설":0,
            "인프라총점":47.0,
            "초등학군":88.41,
            "중학군":52.2,
            "학군총점":59.442,
            "인구수":51.2,
            "인구증감":30.12,
            "인구총점":44.876,
            "일자리":25.4,
            "소득수준":52.54,
            "일자리총점":33.542,
            "가치 총점":36.5163,
            "매매실거래년":20211113.0,
            "매매실거래가":50000.0,
            "전세실거래년":null,
            "전세실거래가":null,
            "전세가율":null,
            "장기전세가율평균":70.05,
            "전세가율거품지수":null,
            "검색코드":134003,
            "세대수":648.0,
            "준공년월":"2011-08-11",
            "준공년차":12.0,
            "가까운역이름":"야당",
            "가까운역거리":1801.1,
            "역세권여부":"비역세권",
            "30분이내주요거점역":0,
            "1시간이내주요거점역":1,
            "3km이내백화점수":0,
            "5km이내아울렛몰수":1,
            "1km이내대형먀트수":1,
            "500m이내은행수":1,
            "500m이내병원수":32,
            "5km이내대형병원수":1,
            "500m이내공원수":12,
            "3km이내혐오시설수":0,
            "초등학교학업성취도":88.41,
            "중학교학업성취도":85.2,
            "용적률":171,
            "건폐율":14,
            "Y":37.712309,
            "X":126.740881,
            "rank":41.0,
            "area_info":"28평(95.31), 28평(95.65), 32평(108.61), 32평(108.98), 32평(108.45), 32평(109.08)",
            "last_sales":"2021-11-13,50000.0,28평(95.31)"
        },
        {
            "index":96,
            "아파트명":"쇠재마을뜨란채5단지",
            "투자타입":"일반",
            "전용면적(m2)":"66.99",
            "전용면적(평)":"20평",
            "법정동주소":"경기도 파주시 금촌동 1003",
            "도로명주소":"경기도 파주시 쇠재로 133",
            "세대수":90,
            "입주년차":40,
            "용적률점수":"--",
            "건폐율점수":"--",
            "세대당주차수":0,
            "난방방식":30,
            "공급면적":"--",
            "전용률":"--",
            "욕실수":50,
            "현관타입":100,
            "주거총점":57.5,
            "지역구공급총점":0.0,
            "역세권":50,
            "30분내 이동가능 거점":0,
            "1시간내 이동가능 거점":0,
            "교통총점":25.0,
            "백화점":0,
            "아울렛몰":0,
            "대형마트":0,
            "은행":0,
            "병원":60,
            "종합병원":80,
            "공원":100,
            "혐오시설":0,
            "인프라총점":25.0,
            "초등학군":89.04,
            "중학군":48.36,
            "학군총점":56.496,
            "인구수":51.2,
            "인구증감":30.12,
            "인구총점":44.876,
            "일자리":25.4,
            "소득수준":52.54,
            "일자리총점":33.542,
            "가치 총점":36.2244,
            "매매실거래년":20210904.0,
            "매매실거래가":28000.0,
            "전세실거래년":20170204.0,
            "전세실거래가":18500.0,
            "전세가율":97.88,
            "장기전세가율평균":70.05,
            "전세가율거품지수":-27.83,
            "검색코드":11338,
            "세대수":1402.0,
            "준공년월":"2004-11-11",
            "준공년차":19.0,
            "가까운역이름":"금릉",
            "가까운역거리":932.32,
            "역세권여부":"준역세권",
            "30분이내주요거점역":0,
            "1시간이내주요거점역":0,
            "3km이내백화점수":0,
            "5km이내아울렛몰수":0,
            "1km이내대형먀트수":0,
            "500m이내은행수":1,
            "500m이내병원수":11,
            "5km이내대형병원수":1,
            "500m이내공원수":7,
            "3km이내혐오시설수":0,
            "초등학교학업성취도":89.04,
            "중학교학업성취도":79.4,
            "용적률":188,
            "건폐율":12,
            "Y":37.753405,
            "X":126.775619,
            "rank":42.0,
            "area_info":"20평(66.99), 24평(81.36), 24평(82.27), 24평(82.58), 24평(82.55)",
            "last_sales":"2021-09-04,28000.0,24평(82.55)"
        },
        {
            "index":138,
            "아파트명":"후곡마을중앙하이츠",
            "투자타입":"일반",
            "전용면적(m2)":"125.06",
            "전용면적(평)":"37평",
            "법정동주소":"경기도 파주시 금촌동 997",
            "도로명주소":"경기도 파주시 후곡로 80",
            "세대수":30,
            "입주년차":40,
            "용적률점수":"--",
            "건폐율점수":"--",
            "세대당주차수":60,
            "난방방식":30,
            "공급면적":"--",
            "전용률":"--",
            "욕실수":100,
            "현관타입":100,
            "주거총점":50.5,
            "지역구공급총점":0.0,
            "역세권":50,
            "30분내 이동가능 거점":0,
            "1시간내 이동가능 거점":20,
            "교통총점":29.0,
            "백화점":0,
            "아울렛몰":0,
            "대형마트":0,
            "은행":0,
            "병원":60,
            "종합병원":80,
            "공원":100,
            "혐오시설":0,
            "인프라총점":25.0,
            "초등학군":84.71,
            "중학군":48.36,
            "학군총점":55.63,
            "인구수":51.2,
            "인구증감":30.12,
            "인구총점":44.876,
            "일자리":25.4,
            "소득수준":52.54,
            "일자리총점":33.542,
            "가치 총점":36.0945,
            "매매실거래년":20211218.0,
            "매매실거래가":56000.0,
            "전세실거래년":20211212.0,
            "전세실거래가":27300.0,
            "전세가율":58.09,
            "장기전세가율평균":70.05,
            "전세가율거품지수":11.96,
            "검색코드":17503,
            "세대수":316.0,
            "준공년월":"2005-11-18",
            "준공년차":18.0,
            "가까운역이름":"금릉",
            "가까운역거리":646.76,
            "역세권여부":"준역세권",
            "30분이내주요거점역":0,
            "1시간이내주요거점역":2,
            "3km이내백화점수":0,
            "5km이내아울렛몰수":0,
            "1km이내대형먀트수":0,
            "500m이내은행수":1,
            "500m이내병원수":15,
            "5km이내대형병원수":1,
            "500m이내공원수":6,
            "3km이내혐오시설수":0,
            "초등학교학업성취도":84.71,
            "중학교학업성취도":79.4,
            "용적률":216,
            "건폐율":14,
            "Y":37.750111,
            "X":126.772542,
            "rank":43.0,
            "area_info":"37평(125.06), 49평(162.22)",
            "last_sales":"2021-12-18,56000.0,49평(162.22)"
        },
        {
            "index":218,
            "아파트명":"산내마을3단지LH",
            "투자타입":"일반",
            "전용면적(m2)":"96.84",
            "전용면적(평)":"29평",
            "법정동주소":"경기도 파주시 목동동 911",
            "도로명주소":"경기도 파주시 교하로 70",
            "세대수":80,
            "입주년차":80,
            "용적률점수":"--",
            "건폐율점수":"--",
            "세대당주차수":60,
            "난방방식":100,
            "공급면적":"--",
            "전용률":"--",
            "욕실수":100,
            "현관타입":100,
            "주거총점":83.0,
            "지역구공급총점":0.0,
            "역세권":0,
            "30분내 이동가능 거점":0,
            "1시간내 이동가능 거점":10,
            "교통총점":2.0,
            "백화점":0,
            "아울렛몰":80,
            "대형마트":80,
            "은행":0,
            "병원":80,
            "종합병원":0,
            "공원":100,
            "혐오시설":0,
            "인프라총점":31.0,
            "초등학군":98.42,
            "중학군":52.2,
            "학군총점":61.444,
            "인구수":51.2,
            "인구증감":30.12,
            "인구총점":44.876,
            "일자리":25.4,
            "소득수준":52.54,
            "일자리총점":33.542,
            "가치 총점":35.8166,
            "매매실거래년":20210917.0,
            "매매실거래가":74000.0,
            "전세실거래년":null,
            "전세실거래가":null,
            "전세가율":null,
            "장기전세가율평균":70.05,
            "전세가율거품지수":null,
            "검색코드":133576,
            "세대수":865.0,
            "준공년월":"2014-07-01",
            "준공년차":9.0,
            "가까운역이름":"야당",
            "가까운역거리":3127.3,
            "역세권여부":"비역세권",
            "30분이내주요거점역":0,
            "1시간이내주요거점역":1,
            "3km이내백화점수":0,
            "5km이내아울렛몰수":1,
            "1km이내대형먀트수":1,
            "500m이내은행수":0,
            "500m이내병원수":30,
            "5km이내대형병원수":0,
            "500m이내공원수":3,
            "3km이내혐오시설수":0,
            "초등학교학업성취도":98.42,
            "중학교학업성취도":85.2,
            "용적률":181,
            "건폐율":18,
            "Y":37.727767,
            "X":126.731638,
            "rank":44.0,
            "area_info":"29평(96.84), 29평(97.07), 33평(109.6), 33평(109.4), 33평(109.81), 33평(109.67), 33평(109.98), 33평(109.8), 33평(110.2), 40평(133.17), 40평(133.5), 48평(161.82), 48평(161.95), 49평(161.99), 54평(180.69)",
            "last_sales":"2021-09-17,74000.0,54평(180.69)"
        },
        {
            "index":66,
            "아파트명":"동문3차",
            "투자타입":"일반",
            "전용면적(m2)":"81.81",
            "전용면적(평)":"24평",
            "법정동주소":"경기도 파주시 금촌동 15-6",
            "도로명주소":"경기도 파주시 정담길 85-9",
            "세대수":0,
            "입주년차":20,
            "용적률점수":"--",
            "건폐율점수":"--",
            "세대당주차수":0,
            "난방방식":30,
            "공급면적":"--",
            "전용률":"--",
            "욕실수":50,
            "현관타입":10,
            "주거총점":13.0,
            "지역구공급총점":0.0,
            "역세권":80,
            "30분내 이동가능 거점":0,
            "1시간내 이동가능 거점":20,
            "교통총점":44.0,
            "백화점":0,
            "아울렛몰":0,
            "대형마트":80,
            "은행":0,
            "병원":30,
            "종합병원":80,
            "공원":80,
            "혐오시설":0,
            "인프라총점":33.4,
            "초등학군":85.68,
            "중학군":43.38,
            "학군총점":51.84,
            "인구수":51.2,
            "인구증감":30.12,
            "인구총점":44.876,
            "일자리":25.4,
            "소득수준":52.54,
            "일자리총점":33.542,
            "가치 총점":35.796,
            "매매실거래년":20211123.0,
            "매매실거래가":21300.0,
            "전세실거래년":20180331.0,
            "전세실거래가":13000.0,
            "전세가율":77.38,
            "장기전세가율평균":70.05,
            "전세가율거품지수":-7.33,
            "검색코드":13460,
            "세대수":123.0,
            "준공년월":"1999-09-07",
            "준공년차":24.0,
            "가까운역이름":"금촌",
            "가까운역거리":432.42,
            "역세권여부":"역세권",
            "30분이내주요거점역":0,
            "1시간이내주요거점역":2,
            "3km이내백화점수":0,
            "5km이내아울렛몰수":0,
            "1km이내대형먀트수":1,
            "500m이내은행수":0,
            "500m이내병원수":6,
            "5km이내대형병원수":1,
            "500m이내공원수":1,
            "3km이내혐오시설수":0,
            "초등학교학업성취도":85.68,
            "중학교학업성취도":71.7,
            "용적률":0,
            "건폐율":0,
            "Y":37.770095,
            "X":126.774277,
            "rank":45.0,
            "area_info":"24평(81.81), 26평(86.47), 31평(105.6), 32평(107.52), 35평(117.02), 47평(157.38)",
            "last_sales":"2021-11-23,21300.0,35평(117.02)"
        },
        {
            "index":272,
            "아파트명":"해솔마을2단지월드메르디앙",
            "투자타입":"일반",
            "전용면적(m2)":"79.82",
            "전용면적(평)":"24평",
            "법정동주소":"경기도 파주시 목동동 2-117",
            "도로명주소":"경기도 파주시 와석순환로 347",
            "세대수":100,
            "입주년차":20,
            "용적률점수":"--",
            "건폐율점수":"--",
            "세대당주차수":30,
            "난방방식":30,
            "공급면적":"--",
            "전용률":"--",
            "욕실수":100,
            "현관타입":100,
            "주거총점":66.5,
            "지역구공급총점":0.0,
            "역세권":0,
            "30분내 이동가능 거점":0,
            "1시간내 이동가능 거점":10,
            "교통총점":2.0,
            "백화점":0,
            "아울렛몰":80,
            "대형마트":100,
            "은행":0,
            "병원":10,
            "종합병원":80,
            "공원":100,
            "혐오시설":0,
            "인프라총점":43.0,
            "초등학군":87.67,
            "중학군":52.2,
            "학군총점":59.294,
            "인구수":51.2,
            "인구증감":30.12,
            "인구총점":44.876,
            "일자리":25.4,
            "소득수준":52.54,
            "일자리총점":33.542,
            "가치 총점":35.7941,
            "매매실거래년":20220110.0,
            "매매실거래가":59000.0,
            "전세실거래년":20220107.0,
            "전세실거래가":27000.0,
            "전세가율":78.49,
            "장기전세가율평균":70.05,
            "전세가율거품지수":-8.44,
            "검색코드":3446,
            "세대수":1507.0,
            "준공년월":"2001-04-13",
            "준공년차":22.0,
            "가까운역이름":"운정",
            "가까운역거리":2012.67,
            "역세권여부":"비역세권",
            "30분이내주요거점역":0,
            "1시간이내주요거점역":1,
            "3km이내백화점수":0,
            "5km이내아울렛몰수":1,
            "1km이내대형먀트수":2,
            "500m이내은행수":0,
            "500m이내병원수":2,
            "5km이내대형병원수":1,
            "500m이내공원수":4,
            "3km이내혐오시설수":0,
            "초등학교학업성취도":87.67,
            "중학교학업성취도":85.2,
            "용적률":194,
            "건폐율":17,
            "Y":37.726346,
            "X":126.744382,
            "rank":46.0,
            "area_info":"24평(79.82), 28평(94.97), 33평(109.46), 39평(130.68), 48평(160.79), 57평(189.98), 67평(224.34)",
            "last_sales":"2022-01-10,59000.0,67평(224.34)"
        },
        {
            "index":573,
            "아파트명":"가람마을11단지동문굿모닝힐",
            "투자타입":"일반",
            "전용면적(m2)":"80.33",
            "전용면적(평)":"24평",
            "법정동주소":"경기도 파주시 와동동 1368",
            "도로명주소":"경기도 파주시 가온로 256",
            "세대수":50,
            "입주년차":60,
            "용적률점수":"--",
            "건폐율점수":"--",
            "세대당주차수":60,
            "난방방식":100,
            "공급면적":"--",
            "전용률":"--",
            "욕실수":100,
            "현관타입":100,
            "주거총점":68.5,
            "지역구공급총점":0.0,
            "역세권":0,
            "30분내 이동가능 거점":20,
            "1시간내 이동가능 거점":10,
            "교통총점":8.0,
            "백화점":0,
            "아울렛몰":0,
            "대형마트":80,
            "은행":0,
            "병원":30,
            "종합병원":80,
            "공원":100,
            "혐오시설":0,
            "인프라총점":34.0,
            "초등학군":91.14,
            "중학군":52.2,
            "학군총점":59.988,
            "인구수":51.2,
            "인구증감":30.12,
            "인구총점":44.876,
            "일자리":25.4,
            "소득수준":52.54,
            "일자리총점":33.542,
            "가치 총점":35.6982,
            "매매실거래년":20220112.0,
            "매매실거래가":60700.0,
            "전세실거래년":20211121.0,
            "전세실거래가":30000.0,
            "전세가율":103.45,
            "장기전세가율평균":70.05,
            "전세가율거품지수":-33.4,
            "검색코드":27685,
            "세대수":624.0,
            "준공년월":"2010-06-28",
            "준공년차":13.0,
            "가까운역이름":"운정",
            "가까운역거리":1096.12,
            "역세권여부":"비역세권",
            "30분이내주요거점역":1,
            "1시간이내주요거점역":1,
            "3km이내백화점수":0,
            "5km이내아울렛몰수":0,
            "1km이내대형먀트수":1,
            "500m이내은행수":0,
            "500m이내병원수":6,
            "5km이내대형병원수":1,
            "500m이내공원수":4,
            "3km이내혐오시설수":0,
            "초등학교학업성취도":91.14,
            "중학교학업성취도":85.2,
            "용적률":200,
            "건폐율":13,
            "Y":37.725796,
            "X":126.754794,
            "rank":47.0,
            "area_info":"24평(80.33), 24평(80.19), 33평(110.26), 33평(110.47), 43평(144.21), 45평(149.82)",
            "last_sales":"2022-01-12,60700.0,45평(149.82)"
        },
        {
            "index":305,
            "아파트명":"힐스테이트운정",
            "투자타입":"일반",
            "전용면적(m2)":"85.37",
            "전용면적(평)":"25평",
            "법정동주소":"경기도 파주시 목동동 1149",
            "도로명주소":"경기도 파주시 교하로 100",
            "세대수":100,
            "입주년차":80,
            "용적률점수":"--",
            "건폐율점수":"--",
            "세대당주차수":30,
            "난방방식":100,
            "공급면적":"--",
            "전용률":"--",
            "욕실수":100,
            "현관타입":100,
            "주거총점":85.5,
            "지역구공급총점":0.0,
            "역세권":0,
            "30분내 이동가능 거점":0,
            "1시간내 이동가능 거점":10,
            "교통총점":2.0,
            "백화점":0,
            "아울렛몰":80,
            "대형마트":80,
            "은행":0,
            "병원":60,
            "종합병원":0,
            "공원":100,
            "혐오시설":0,
            "인프라총점":29.0,
            "초등학군":92.02,
            "중학군":52.2,
            "학군총점":60.164,
            "인구수":51.2,
            "인구증감":30.12,
            "인구총점":44.876,
            "일자리":25.4,
            "소득수준":52.54,
            "일자리총점":33.542,
            "가치 총점":35.5246,
            "매매실거래년":20220101.0,
            "매매실거래가":61900.0,
            "전세실거래년":20220115.0,
            "전세실거래가":34500.0,
            "전세가율":55.74,
            "장기전세가율평균":70.05,
            "전세가율거품지수":14.31,
            "검색코드":113942,
            "세대수":2998.0,
            "준공년월":"2018-07-16",
            "준공년차":5.0,
            "가까운역이름":"야당",
            "가까운역거리":2709.28,
            "역세권여부":"비역세권",
            "30분이내주요거점역":0,
            "1시간이내주요거점역":1,
            "3km이내백화점수":0,
            "5km이내아울렛몰수":1,
            "1km이내대형먀트수":1,
            "500m이내은행수":0,
            "500m이내병원수":22,
            "5km이내대형병원수":0,
            "500m이내공원수":4,
            "3km이내혐오시설수":0,
            "초등학교학업성취도":92.02,
            "중학교학업성취도":85.2,
            "용적률":198,
            "건폐율":14,
            "Y":37.724323,
            "X":126.734546,
            "rank":48.0,
            "area_info":"25평(85.37), 25평(85.52), 26평(86.24), 27평(91.66), 29평(98.95), 29평(98.99), 29평(99.1), 34평(113.42), 34평(113.49), 34평(114.39)",
            "last_sales":"2022-01-01,61900.0,25평(85.37)"
        },
        {
            "index":441,
            "아파트명":"신안실크밸리1차",
            "투자타입":"일반",
            "전용면적(m2)":"88.12",
            "전용면적(평)":"26평",
            "법정동주소":"경기도 파주시 아동동 897",
            "도로명주소":"경기도 파주시 시청로 123",
            "세대수":50,
            "입주년차":60,
            "용적률점수":"--",
            "건폐율점수":"--",
            "세대당주차수":30,
            "난방방식":30,
            "공급면적":"--",
            "전용률":"--",
            "욕실수":100,
            "현관타입":100,
            "주거총점":57.0,
            "지역구공급총점":0.0,
            "역세권":50,
            "30분내 이동가능 거점":0,
            "1시간내 이동가능 거점":20,
            "교통총점":29.0,
            "백화점":0,
            "아울렛몰":0,
            "대형마트":0,
            "은행":0,
            "병원":30,
            "종합병원":80,
            "공원":100,
            "혐오시설":0,
            "인프라총점":22.0,
            "초등학군":85.68,
            "중학군":39.64,
            "학군총점":48.848,
            "인구수":51.2,
            "인구증감":30.12,
            "인구총점":44.876,
            "일자리":25.4,
            "소득수준":52.54,
            "일자리총점":33.542,
            "가치 총점":35.4772,
            "매매실거래년":20211013.0,
            "매매실거래가":37000.0,
            "전세실거래년":20190919.0,
            "전세실거래가":18000.0,
            "전세가율":92.31,
            "장기전세가율평균":70.05,
            "전세가율거품지수":-22.26,
            "검색코드":26628,
            "세대수":539.0,
            "준공년월":"2009-06-19",
            "준공년차":14.0,
            "가까운역이름":"금촌",
            "가까운역거리":569.63,
            "역세권여부":"준역세권",
            "30분이내주요거점역":0,
            "1시간이내주요거점역":2,
            "3km이내백화점수":0,
            "5km이내아울렛몰수":0,
            "1km이내대형먀트수":0,
            "500m이내은행수":0,
            "500m이내병원수":6,
            "5km이내대형병원수":1,
            "500m이내공원수":2,
            "3km이내혐오시설수":0,
            "초등학교학업성취도":85.68,
            "중학교학업성취도":65.6,
            "용적률":193,
            "건폐율":24,
            "Y":37.764884,
            "X":126.780901,
            "rank":49.0,
            "area_info":"26평(88.12), 34평(113.56)",
            "last_sales":"2021-10-13,37000.0,34평(113.56)"
        },
        {
            "index":30,
            "아파트명":"금촌시티라이프(도시형)",
            "투자타입":"일반",
            "전용면적(m2)":"21.32",
            "전용면적(평)":"6평",
            "법정동주소":"경기도 파주시 금촌동 772-3",
            "도로명주소":"경기도 파주시 시청로 20",
            "세대수":0,
            "입주년차":100,
            "용적률점수":"--",
            "건폐율점수":"--",
            "세대당주차수":0,
            "난방방식":30,
            "공급면적":"--",
            "전용률":"--",
            "욕실수":50,
            "현관타입":100,
            "주거총점":38.0,
            "지역구공급총점":0.0,
            "역세권":50,
            "30분내 이동가능 거점":0,
            "1시간내 이동가능 거점":10,
            "교통총점":27.0,
            "백화점":0,
            "아울렛몰":0,
            "대형마트":0,
            "은행":70,
            "병원":60,
            "종합병원":80,
            "공원":100,
            "혐오시설":0,
            "인프라총점":32.0,
            "초등학군":89.04,
            "중학군":48.36,
            "학군총점":56.496,
            "인구수":51.2,
            "인구증감":30.12,
            "인구총점":44.876,
            "일자리":25.4,
            "소득수준":52.54,
            "일자리총점":33.542,
            "가치 총점":35.1244,
            "매매실거래년":20211210.0,
            "매매실거래가":19454.0,
            "전세실거래년":null,
            "전세실거래가":null,
            "전세가율":null,
            "장기전세가율평균":70.05,
            "전세가율거품지수":null,
            "검색코드":133342,
            "세대수":131.0,
            "준공년월":"2020-07-10",
            "준공년차":3.0,
            "가까운역이름":"금촌",
            "가까운역거리":869.22,
            "역세권여부":"준역세권",
            "30분이내주요거점역":0,
            "1시간이내주요거점역":1,
            "3km이내백화점수":0,
            "5km이내아울렛몰수":0,
            "1km이내대형먀트수":0,
            "500m이내은행수":4,
            "500m이내병원수":27,
            "5km이내대형병원수":1,
            "500m이내공원수":7,
            "3km이내혐오시설수":0,
            "초등학교학업성취도":89.04,
            "중학교학업성취도":79.4,
            "용적률":249,
            "건폐율":56,
            "Y":37.75849,
            "X":126.776141,
            "rank":50.0,
            "area_info":"6평(21.32), 6평(21.58), 6평(21.26), 6평(22.84), 6평(23.03), 10평(33.94), 10평(34.59), 13평(44.28), 13평(44.3)",
            "last_sales":"2021-12-10,19454.0,13평(44.3)"
        },
        {
            "index":39,
            "아파트명":"금촌풍림아이원",
            "투자타입":"일반",
            "전용면적(m2)":"124.22",
            "전용면적(평)":"37평",
            "법정동주소":"경기도 파주시 금촌동 1008",
            "도로명주소":"경기도 파주시 후곡로 77",
            "세대수":50,
            "입주년차":40,
            "용적률점수":"--",
            "건폐율점수":"--",
            "세대당주차수":60,
            "난방방식":30,
            "공급면적":"--",
            "전용률":"--",
            "욕실수":100,
            "현관타입":100,
            "주거총점":57.5,
            "지역구공급총점":0.0,
            "역세권":50,
            "30분내 이동가능 거점":0,
            "1시간내 이동가능 거점":10,
            "교통총점":27.0,
            "백화점":0,
            "아울렛몰":0,
            "대형마트":0,
            "은행":0,
            "병원":0,
            "종합병원":80,
            "공원":100,
            "혐오시설":0,
            "인프라총점":19.0,
            "초등학군":89.04,
            "중학군":48.36,
            "학군총점":56.496,
            "인구수":51.2,
            "인구증감":30.12,
            "인구총점":44.876,
            "일자리":25.4,
            "소득수준":52.54,
            "일자리총점":33.542,
            "가치 총점":35.1244,
            "매매실거래년":20211105.0,
            "매매실거래가":53750.0,
            "전세실거래년":20210330.0,
            "전세실거래가":33000.0,
            "전세가율":73.33,
            "장기전세가율평균":70.05,
            "전세가율거품지수":-3.28,
            "검색코드":19133,
            "세대수":563.0,
            "준공년월":"2005-11-22",
            "준공년차":18.0,
            "가까운역이름":"금릉",
            "가까운역거리":841.8,
            "역세권여부":"준역세권",
            "30분이내주요거점역":0,
            "1시간이내주요거점역":1,
            "3km이내백화점수":0,
            "5km이내아울렛몰수":0,
            "1km이내대형먀트수":0,
            "500m이내은행수":0,
            "500m이내병원수":0,
            "5km이내대형병원수":1,
            "500m이내공원수":6,
            "3km이내혐오시설수":0,
            "초등학교학업성취도":89.04,
            "중학교학업성취도":79.4,
            "용적률":215,
            "건폐율":14,
            "Y":37.750965,
            "X":126.774911,
            "rank":50.0,
            "area_info":"37평(124.22), 37평(124.23), 37평(125.02), 46평(154.3)",
            "last_sales":"2021-11-05,53750.0,46평(154.3)"
        },
        {
            "index":607,
            "아파트명":"가람마을9단지남양휴튼",
            "투자타입":"일반",
            "전용면적(m2)":"80.46",
            "전용면적(평)":"24평",
            "법정동주소":"경기도 파주시 와동동 1344",
            "도로명주소":"경기도 파주시 미래로 562",
            "세대수":50,
            "입주년차":60,
            "용적률점수":"--",
            "건폐율점수":"--",
            "세대당주차수":60,
            "난방방식":100,
            "공급면적":"--",
            "전용률":"--",
            "욕실수":100,
            "현관타입":100,
            "주거총점":68.5,
            "지역구공급총점":0.0,
            "역세권":0,
            "30분내 이동가능 거점":0,
            "1시간내 이동가능 거점":10,
            "교통총점":2.0,
            "백화점":0,
            "아울렛몰":0,
            "대형마트":80,
            "은행":20,
            "병원":60,
            "종합병원":80,
            "공원":100,
            "혐오시설":0,
            "인프라총점":39.0,
            "초등학군":91.14,
            "중학군":52.2,
            "학군총점":59.988,
            "인구수":51.2,
            "인구증감":30.12,
            "인구총점":44.876,
            "일자리":25.4,
            "소득수준":52.54,
            "일자리총점":33.542,
            "가치 총점":35.0982,
            "매매실거래년":20211204.0,
            "매매실거래가":60000.0,
            "전세실거래년":20211204.0,
            "전세실거래가":23500.0,
            "전세가율":52.81,
            "장기전세가율평균":70.05,
            "전세가율거품지수":17.24,
            "검색코드":27659,
            "세대수":690.0,
            "준공년월":"2010-08-27",
            "준공년차":13.0,
            "가까운역이름":"운정",
            "가까운역거리":1251.28,
            "역세권여부":"비역세권",
            "30분이내주요거점역":0,
            "1시간이내주요거점역":1,
            "3km이내백화점수":0,
            "5km이내아울렛몰수":0,
            "1km이내대형먀트수":1,
            "500m이내은행수":2,
            "500m이내병원수":20,
            "5km이내대형병원수":1,
            "500m이내공원수":4,
            "3km이내혐오시설수":0,
            "초등학교학업성취도":91.14,
            "중학교학업성취도":85.2,
            "용적률":209,
            "건폐율":15,
            "Y":37.728937,
            "X":126.753584,
            "rank":51.0,
            "area_info":"24평(80.46), 33평(109.7), 33평(109.25), 33평(109.1), 45평(148.95), 45평(149.81)",
            "last_sales":"2021-12-04,60000.0,45평(148.95)"
        },
        {
            "index":173,
            "아파트명":"책향기마을10단지동문굿모닝힐",
            "투자타입":"일반",
            "전용면적(m2)":"106.24",
            "전용면적(평)":"32평",
            "법정동주소":"경기도 파주시 동패동 1698",
            "도로명주소":"경기도 파주시 책향기로 441",
            "세대수":90,
            "입주년차":40,
            "용적률점수":"--",
            "건폐율점수":"--",
            "세대당주차수":30,
            "난방방식":100,
            "공급면적":"--",
            "전용률":"--",
            "욕실수":100,
            "현관타입":100,
            "주거총점":74.0,
            "지역구공급총점":0.0,
            "역세권":0,
            "30분내 이동가능 거점":0,
            "1시간내 이동가능 거점":10,
            "교통총점":2.0,
            "백화점":0,
            "아울렛몰":80,
            "대형마트":80,
            "은행":70,
            "병원":60,
            "종합병원":0,
            "공원":100,
            "혐오시설":0,
            "인프라총점":36.0,
            "초등학군":84.37,
            "중학군":52.2,
            "학군총점":58.634,
            "인구수":51.2,
            "인구증감":30.12,
            "인구총점":44.876,
            "일자리":25.4,
            "소득수준":52.54,
            "일자리총점":33.542,
            "가치 총점":35.0951,
            "매매실거래년":20211210.0,
            "매매실거래가":53500.0,
            "전세실거래년":20220115.0,
            "전세실거래가":22050.0,
            "전세가율":46.62,
            "장기전세가율평균":70.05,
            "전세가율거품지수":23.43,
            "검색코드":17282,
            "세대수":1009.0,
            "준공년월":"2005-12-15",
            "준공년차":18.0,
            "가까운역이름":"야당",
            "가까운역거리":3833.55,
            "역세권여부":"비역세권",
            "30분이내주요거점역":0,
            "1시간이내주요거점역":1,
            "3km이내백화점수":0,
            "5km이내아울렛몰수":1,
            "1km이내대형먀트수":1,
            "500m이내은행수":4,
            "500m이내병원수":21,
            "5km이내대형병원수":0,
            "500m이내공원수":3,
            "3km이내혐오시설수":0,
            "초등학교학업성취도":84.37,
            "중학교학업성취도":85.2,
            "용적률":179,
            "건폐율":15,
            "Y":37.726577,
            "X":126.721669,
            "rank":52.0,
            "area_info":"32평(106.24), 35평(118.83)",
            "last_sales":"2021-12-10,53500.0,35평(118.83)"
        },
        {
            "index":127,
            "아파트명":"파주금촌주공1단지",
            "투자타입":"일반",
            "전용면적(m2)":"54.51",
            "전용면적(평)":"16평",
            "법정동주소":"경기도 파주시 금촌동 922",
            "도로명주소":"경기도 파주시 한마음1길 25",
            "세대수":80,
            "입주년차":0,
            "용적률점수":"--",
            "건폐율점수":"--",
            "세대당주차수":0,
            "난방방식":30,
            "공급면적":"--",
            "전용률":"--",
            "욕실수":50,
            "현관타입":10,
            "주거총점":37.0,
            "지역구공급총점":0.0,
            "역세권":50,
            "30분내 이동가능 거점":0,
            "1시간내 이동가능 거점":10,
            "교통총점":27.0,
            "백화점":0,
            "아울렛몰":0,
            "대형마트":0,
            "은행":70,
            "병원":60,
            "종합병원":80,
            "공원":100,
            "혐오시설":0,
            "인프라총점":32.0,
            "초등학군":89.86,
            "중학군":48.36,
            "학군총점":56.66,
            "인구수":51.2,
            "인구증감":30.12,
            "인구총점":44.876,
            "일자리":25.4,
            "소득수준":52.54,
            "일자리총점":33.542,
            "가치 총점":34.949,
            "매매실거래년":20211224.0,
            "매매실거래가":17500.0,
            "전세실거래년":20220112.0,
            "전세실거래가":11550.0,
            "전세가율":66.0,
            "장기전세가율평균":70.05,
            "전세가율거품지수":4.05,
            "검색코드":11609,
            "세대수":769.0,
            "준공년월":"1997-04-30",
            "준공년차":26.0,
            "가까운역이름":"금릉",
            "가까운역거리":763.71,
            "역세권여부":"준역세권",
            "30분이내주요거점역":0,
            "1시간이내주요거점역":1,
            "3km이내백화점수":0,
            "5km이내아울렛몰수":0,
            "1km이내대형먀트수":0,
            "500m이내은행수":3,
            "500m이내병원수":18,
            "5km이내대형병원수":1,
            "500m이내공원수":6,
            "3km이내혐오시설수":0,
            "초등학교학업성취도":89.86,
            "중학교학업성취도":79.4,
            "용적률":206,
            "건폐율":14,
            "Y":37.757059,
            "X":126.770123,
            "rank":53.0,
            "area_info":"16평(54.51), 20평(67.49), 24평(81.42)",
            "last_sales":"2021-12-24,17500.0,16평(54.51)"
        },
        {
            "index":464,
            "아파트명":"팜스프링",
            "투자타입":"일반",
            "전용면적(m2)":"64.68",
            "전용면적(평)":"19평",
            "법정동주소":"경기도 파주시 아동동 283",
            "도로명주소":"경기도 파주시 송화로 13",
            "세대수":100,
            "입주년차":20,
            "용적률점수":"--",
            "건폐율점수":"--",
            "세대당주차수":30,
            "난방방식":30,
            "공급면적":"--",
            "전용률":"--",
            "욕실수":50,
            "현관타입":100,
            "주거총점":61.5,
            "지역구공급총점":0.0,
            "역세권":50,
            "30분내 이동가능 거점":0,
            "1시간내 이동가능 거점":10,
            "교통총점":27.0,
            "백화점":0,
            "아울렛몰":0,
            "대형마트":0,
            "은행":0,
            "병원":30,
            "종합병원":80,
            "공원":0,
            "혐오시설":0,
            "인프라총점":19.0,
            "초등학군":88.7,
            "중학군":39.64,
            "학군총점":49.452,
            "인구수":51.2,
            "인구증감":30.12,
            "인구총점":44.876,
            "일자리":25.4,
            "소득수준":52.54,
            "일자리총점":33.542,
            "가치 총점":34.8678,
            "매매실거래년":20220102.0,
            "매매실거래가":38450.0,
            "전세실거래년":20211202.0,
            "전세실거래가":18000.0,
            "전세가율":90.91,
            "장기전세가율평균":70.05,
            "전세가율거품지수":-20.86,
            "검색코드":10586,
            "세대수":2944.0,
            "준공년월":"2001-09-27",
            "준공년차":22.0,
            "가까운역이름":"금촌",
            "가까운역거리":879.57,
            "역세권여부":"준역세권",
            "30분이내주요거점역":0,
            "1시간이내주요거점역":1,
            "3km이내백화점수":0,
            "5km이내아울렛몰수":0,
            "1km이내대형먀트수":0,
            "500m이내은행수":0,
            "500m이내병원수":5,
            "5km이내대형병원수":1,
            "500m이내공원수":0,
            "3km이내혐오시설수":0,
            "초등학교학업성취도":88.7,
            "중학교학업성취도":65.6,
            "용적률":294,
            "건폐율":18,
            "Y":37.774042,
            "X":126.776108,
            "rank":54.0,
            "area_info":"19평(64.68), 22평(75.46), 32평(106.87), 43평(144.77), 53평(176.57), 64평(214.5)",
            "last_sales":"2022-01-02,38450.0,53평(176.57)"
        },
        {
            "index":151,
            "아파트명":"e편한세상운정어반프라임",
            "투자타입":"일반",
            "전용면적(m2)":"79.74",
            "전용면적(평)":"24평",
            "법정동주소":"경기도 파주시 동패동 파주운정3지구 A-27블록",
            "도로명주소":"경기도 파주시 양지로 120",
            "세대수":90,
            "입주년차":100,
            "용적률점수":"--",
            "건폐율점수":"--",
            "세대당주차수":60,
            "난방방식":100,
            "공급면적":"--",
            "전용률":"--",
            "욕실수":100,
            "현관타입":100,
            "주거총점":90.5,
            "지역구공급총점":0.0,
            "역세권":0,
            "30분내 이동가능 거점":0,
            "1시간내 이동가능 거점":10,
            "교통총점":2.0,
            "백화점":0,
            "아울렛몰":80,
            "대형마트":0,
            "은행":0,
            "병원":0,
            "종합병원":80,
            "공원":0,
            "혐오시설":0,
            "인프라총점":24.0,
            "초등학군":100.0,
            "중학군":48.06,
            "학군총점":58.448,
            "인구수":51.2,
            "인구증감":30.12,
            "인구총점":44.876,
            "일자리":25.4,
            "소득수준":52.54,
            "일자리총점":33.542,
            "가치 총점":34.7672,
            "매매실거래년":"18000101",
            "매매실거래가":null,
            "전세실거래년":null,
            "전세실거래가":null,
            "전세가율":null,
            "장기전세가율평균":70.05,
            "전세가율거품지수":null,
            "검색코드":127134,
            "세대수":1010.0,
            "준공년월":"2021-07-01",
            "준공년차":2.0,
            "가까운역이름":"야당",
            "가까운역거리":3328.05,
            "역세권여부":"비역세권",
            "30분이내주요거점역":0,
            "1시간이내주요거점역":1,
            "3km이내백화점수":0,
            "5km이내아울렛몰수":1,
            "1km이내대형먀트수":0,
            "500m이내은행수":0,
            "500m이내병원수":0,
            "5km이내대형병원수":1,
            "500m이내공원수":0,
            "3km이내혐오시설수":0,
            "초등학교학업성취도":100.0,
            "중학교학업성취도":78.9,
            "용적률":171,
            "건폐율":16,
            "Y":37.708543,
            "X":126.723827,
            "rank":55.0,
            "area_info":"24평(79.74), 24평(80.0), 24평(80.78), 30평(99.27), 33평(111.84), 33평(112.18), 34평(112.49), 34평(115.39), 35평(115.77)",
            "last_sales":"1800-01-01,nan,24평(79.74)"
        },
        {
            "index":359,
            "아파트명":"소슬마을진흥",
            "투자타입":"일반",
            "전용면적(m2)":"112.71",
            "전용면적(평)":"34평",
            "법정동주소":"경기도 파주시 문산읍 선유리 1357",
            "도로명주소":"경기도 파주시 우계로457번길 29",
            "세대수":0,
            "입주년차":40,
            "용적률점수":"--",
            "건폐율점수":"--",
            "세대당주차수":30,
            "난방방식":30,
            "공급면적":"--",
            "전용률":"--",
            "욕실수":100,
            "현관타입":100,
            "주거총점":35.5,
            "지역구공급총점":0.0,
            "역세권":80,
            "30분내 이동가능 거점":0,
            "1시간내 이동가능 거점":10,
            "교통총점":42.0,
            "백화점":0,
            "아울렛몰":0,
            "대형마트":80,
            "은행":0,
            "병원":60,
            "종합병원":0,
            "공원":80,
            "혐오시설":0,
            "인프라총점":20.4,
            "초등학군":91.43,
            "중학군":33.66,
            "학군총점":45.214,
            "인구수":51.2,
            "인구증감":30.12,
            "인구총점":44.876,
            "일자리":25.4,
            "소득수준":52.54,
            "일자리총점":33.542,
            "가치 총점":34.7021,
            "매매실거래년":20211130.0,
            "매매실거래가":29000.0,
            "전세실거래년":20211117.0,
            "전세실거래가":22000.0,
            "전세가율":75.86,
            "장기전세가율평균":70.05,
            "전세가율거품지수":-5.81,
            "검색코드":26178,
            "세대수":231.0,
            "준공년월":"2007-12-05",
            "준공년차":16.0,
            "가까운역이름":"문산",
            "가까운역거리":439.27,
            "역세권여부":"역세권",
            "30분이내주요거점역":0,
            "1시간이내주요거점역":1,
            "3km이내백화점수":0,
            "5km이내아울렛몰수":0,
            "1km이내대형먀트수":1,
            "500m이내은행수":1,
            "500m이내병원수":14,
            "5km이내대형병원수":0,
            "500m이내공원수":1,
            "3km이내혐오시설수":0,
            "초등학교학업성취도":91.43,
            "중학교학업성취도":56.1,
            "용적률":208,
            "건폐율":21,
            "Y":37.85779,
            "X":126.791031,
            "rank":56.0,
            "area_info":"34평(112.71), 34평(112.64), 34평(112.71), 34평(112.71), 34평(112.71)",
            "last_sales":"2021-11-30,29000.0,34평(112.71)"
        },
        {
            "index":588,
            "아파트명":"가람마을4단지한양수자인",
            "투자타입":"일반",
            "전용면적(m2)":"85.38",
            "전용면적(평)":"25평",
            "법정동주소":"경기도 파주시 와동동 1321",
            "도로명주소":"경기도 파주시 가람로 70",
            "세대수":80,
            "입주년차":60,
            "용적률점수":"--",
            "건폐율점수":"--",
            "세대당주차수":60,
            "난방방식":100,
            "공급면적":"--",
            "전용률":"--",
            "욕실수":100,
            "현관타입":100,
            "주거총점":79.0,
            "지역구공급총점":0.0,
            "역세권":0,
            "30분내 이동가능 거점":0,
            "1시간내 이동가능 거점":10,
            "교통총점":2.0,
            "백화점":0,
            "아울렛몰":0,
            "대형마트":80,
            "은행":0,
            "병원":10,
            "종합병원":80,
            "공원":100,
            "혐오시설":0,
            "인프라총점":32.0,
            "초등학군":87.92,
            "중학군":48.36,
            "학군총점":56.272,
            "인구수":51.2,
            "인구증감":30.12,
            "인구총점":44.876,
            "일자리":25.4,
            "소득수준":52.54,
            "일자리총점":33.542,
            "가치 총점":34.5408,
            "매매실거래년":20211211.0,
            "매매실거래가":60800.0,
            "전세실거래년":20211207.0,
            "전세실거래가":24800.0,
            "전세가율":62.0,
            "장기전세가율평균":70.05,
            "전세가율거품지수":8.05,
            "검색코드":27896,
            "세대수":780.0,
            "준공년월":"2011-12-19",
            "준공년차":12.0,
            "가까운역이름":"운정",
            "가까운역거리":1265.05,
            "역세권여부":"비역세권",
            "30분이내주요거점역":0,
            "1시간이내주요거점역":1,
            "3km이내백화점수":0,
            "5km이내아울렛몰수":0,
            "1km이내대형먀트수":1,
            "500m이내은행수":0,
            "500m이내병원수":2,
            "5km이내대형병원수":1,
            "500m이내공원수":4,
            "3km이내혐오시설수":0,
            "초등학교학업성취도":87.92,
            "중학교학업성취도":79.4,
            "용적률":210,
            "건폐율":17,
            "Y":37.734222,
            "X":126.75755,
            "rank":57.0,
            "area_info":"25평(85.38), 26평(86.17), 32평(108.34), 32평(108.35), 33평(109.37), 44평(147.23), 44평(147.04), 45평(149.32)",
            "last_sales":"2021-12-11,60800.0,45평(149.32)"
        },
        {
            "index":605,
            "아파트명":"가람마을8단지동문굿모닝힐",
            "투자타입":"일반",
            "전용면적(m2)":"99.81",
            "전용면적(평)":"30평",
            "법정동주소":"경기도 파주시 와동동 205",
            "도로명주소":"경기도 파주시 금바위로 47",
            "세대수":90,
            "입주년차":20,
            "용적률점수":"--",
            "건폐율점수":"--",
            "세대당주차수":30,
            "난방방식":30,
            "공급면적":"--",
            "전용률":"--",
            "욕실수":100,
            "현관타입":100,
            "주거총점":63.0,
            "지역구공급총점":0.0,
            "역세권":0,
            "30분내 이동가능 거점":0,
            "1시간내 이동가능 거점":20,
            "교통총점":4.0,
            "백화점":0,
            "아울렛몰":0,
            "대형마트":80,
            "은행":0,
            "병원":60,
            "종합병원":80,
            "공원":100,
            "혐오시설":0,
            "인프라총점":37.0,
            "초등학군":91.14,
            "중학군":52.2,
            "학군총점":59.988,
            "인구수":51.2,
            "인구증감":30.12,
            "인구총점":44.876,
            "일자리":25.4,
            "소득수준":52.54,
            "일자리총점":33.542,
            "가치 총점":34.0982,
            "매매실거래년":20211220.0,
            "매매실거래가":28500.0,
            "전세실거래년":20220115.0,
            "전세실거래가":19950.0,
            "전세가율":70.0,
            "장기전세가율평균":70.05,
            "전세가율거품지수":0.05,
            "검색코드":3451,
            "세대수":1225.0,
            "준공년월":"2001-09-22",
            "준공년차":22.0,
            "가까운역이름":"운정",
            "가까운역거리":1084.93,
            "역세권여부":"비역세권",
            "30분이내주요거점역":0,
            "1시간이내주요거점역":2,
            "3km이내백화점수":0,
            "5km이내아울렛몰수":0,
            "1km이내대형먀트수":1,
            "500m이내은행수":0,
            "500m이내병원수":14,
            "5km이내대형병원수":1,
            "500m이내공원수":3,
            "3km이내혐오시설수":0,
            "초등학교학업성취도":91.14,
            "중학교학업성취도":85.2,
            "용적률":199,
            "건폐율":14,
            "Y":37.72865,
            "X":126.755449,
            "rank":58.0,
            "area_info":"30평(99.81), 35평(116.08)",
            "last_sales":"2021-12-20,28500.0,30평(99.81)"
        },
        {
            "index":429,
            "아파트명":"무궁화1차",
            "투자타입":"재건축",
            "전용면적(m2)":"55.63",
            "전용면적(평)":"16평",
            "법정동주소":"경기도 파주시 아동동 294-4",
            "도로명주소":"경기도 파주시 정담길 65-19",
            "세대수":0,
            "입주년차":"--",
            "용적률점수":0,
            "건폐율점수":0,
            "세대당주차수":"--",
            "난방방식":"--",
            "공급면적":50,
            "전용률":60,
            "욕실수":"--",
            "현관타입":"--",
            "주거총점":5.5,
            "지역구공급총점":0.0,
            "역세권":80,
            "30분내 이동가능 거점":0,
            "1시간내 이동가능 거점":20,
            "교통총점":44.0,
            "백화점":0,
            "아울렛몰":0,
            "대형마트":80,
            "은행":0,
            "병원":30,
            "종합병원":80,
            "공원":100,
            "혐오시설":0,
            "인프라총점":34.0,
            "초등학군":85.68,
            "중학군":39.64,
            "학군총점":48.848,
            "인구수":51.2,
            "인구증감":30.12,
            "인구총점":44.876,
            "일자리":25.4,
            "소득수준":52.54,
            "일자리총점":33.542,
            "가치 총점":34.0272,
            "매매실거래년":20211126.0,
            "매매실거래가":8800.0,
            "전세실거래년":20211210.0,
            "전세실거래가":8800.0,
            "전세가율":100.0,
            "장기전세가율평균":70.05,
            "전세가율거품지수":-29.95,
            "검색코드":15171,
            "세대수":187.0,
            "준공년월":"1989-12-17",
            "준공년차":34.0,
            "가까운역이름":"금촌",
            "가까운역거리":417.5,
            "역세권여부":"역세권",
            "30분이내주요거점역":0,
            "1시간이내주요거점역":2,
            "3km이내백화점수":0,
            "5km이내아울렛몰수":0,
            "1km이내대형먀트수":1,
            "500m이내은행수":0,
            "500m이내병원수":6,
            "5km이내대형병원수":1,
            "500m이내공원수":2,
            "3km이내혐오시설수":0,
            "초등학교학업성취도":85.68,
            "중학교학업성취도":65.6,
            "용적률":0,
            "건폐율":0,
            "Y":37.769711,
            "X":126.776383,
            "rank":59.0,
            "area_info":"16평(55.63), 18평(62.0), 20평(66.31), 23평(77.68), 24평(80.94), 25평(84.29)",
            "last_sales":"2021-11-26,8800.0,16평(55.63)"
        },
        {
            "index":214,
            "아파트명":"산내마을11단지현대아이파크",
            "투자타입":"일반",
            "전용면적(m2)":"117.69",
            "전용면적(평)":"35평",
            "법정동주소":"경기도 파주시 목동동 101",
            "도로명주소":"경기도 파주시 와석순환로 307",
            "세대수":50,
            "입주년차":20,
            "용적률점수":"--",
            "건폐율점수":"--",
            "세대당주차수":60,
            "난방방식":30,
            "공급면적":"--",
            "전용률":"--",
            "욕실수":100,
            "현관타입":100,
            "주거총점":53.5,
            "지역구공급총점":0.0,
            "역세권":0,
            "30분내 이동가능 거점":0,
            "1시간내 이동가능 거점":10,
            "교통총점":2.0,
            "백화점":0,
            "아울렛몰":80,
            "대형마트":80,
            "은행":0,
            "병원":60,
            "종합병원":80,
            "공원":100,
            "혐오시설":0,
            "인프라총점":45.0,
            "초등학군":92.02,
            "중학군":52.2,
            "학군총점":60.164,
            "인구수":51.2,
            "인구증감":30.12,
            "인구총점":44.876,
            "일자리":25.4,
            "소득수준":52.54,
            "일자리총점":33.542,
            "가치 총점":33.9246,
            "매매실거래년":20211218.0,
            "매매실거래가":53000.0,
            "전세실거래년":20211224.0,
            "전세실거래가":35000.0,
            "전세가율":69.31,
            "장기전세가율평균":70.05,
            "전세가율거품지수":0.74,
            "검색코드":3723,
            "세대수":596.0,
            "준공년월":"2002-10-31",
            "준공년차":21.0,
            "가까운역이름":"야당",
            "가까운역거리":2397.6,
            "역세권여부":"비역세권",
            "30분이내주요거점역":0,
            "1시간이내주요거점역":1,
            "3km이내백화점수":0,
            "5km이내아울렛몰수":1,
            "1km이내대형먀트수":1,
            "500m이내은행수":0,
            "500m이내병원수":13,
            "5km이내대형병원수":1,
            "500m이내공원수":4,
            "3km이내혐오시설수":0,
            "초등학교학업성취도":92.02,
            "중학교학업성취도":85.2,
            "용적률":195,
            "건폐율":12,
            "Y":37.725046,
            "X":126.739345,
            "rank":60.0,
            "area_info":"35평(117.69), 45평(151.99), 55평(182.12), 69평(230.5)",
            "last_sales":"2021-12-18,53000.0,45평(151.99)"
        },
        {
            "index":279,
            "아파트명":"해솔마을3단지운정현대",
            "투자타입":"일반",
            "전용면적(m2)":"75.85",
            "전용면적(평)":"22평",
            "법정동주소":"경기도 파주시 목동동 2-110",
            "도로명주소":"경기도 파주시 미래로 535",
            "세대수":90,
            "입주년차":20,
            "용적률점수":"--",
            "건폐율점수":"--",
            "세대당주차수":30,
            "난방방식":30,
            "공급면적":"--",
            "전용률":"--",
            "욕실수":100,
            "현관타입":100,
            "주거총점":63.0,
            "지역구공급총점":0.0,
            "역세권":0,
            "30분내 이동가능 거점":20,
            "1시간내 이동가능 거점":10,
            "교통총점":8.0,
            "백화점":0,
            "아울렛몰":0,
            "대형마트":80,
            "은행":0,
            "병원":10,
            "종합병원":80,
            "공원":100,
            "혐오시설":0,
            "인프라총점":32.0,
            "초등학군":87.67,
            "중학군":52.2,
            "학군총점":59.294,
            "인구수":51.2,
            "인구증감":30.12,
            "인구총점":44.876,
            "일자리":25.4,
            "소득수준":52.54,
            "일자리총점":33.542,
            "가치 총점":33.8941,
            "매매실거래년":20211220.0,
            "매매실거래가":45500.0,
            "전세실거래년":20211016.0,
            "전세실거래가":27000.0,
            "전세가율":79.41,
            "장기전세가율평균":70.05,
            "전세가율거품지수":-9.36,
            "검색코드":3456,
            "세대수":1274.0,
            "준공년월":"2001-06-09",
            "준공년차":22.0,
            "가까운역이름":"운정",
            "가까운역거리":1550.2,
            "역세권여부":"비역세권",
            "30분이내주요거점역":1,
            "1시간이내주요거점역":1,
            "3km이내백화점수":0,
            "5km이내아울렛몰수":0,
            "1km이내대형먀트수":1,
            "500m이내은행수":0,
            "500m이내병원수":4,
            "5km이내대형병원수":1,
            "500m이내공원수":3,
            "3km이내혐오시설수":0,
            "초등학교학업성취도":87.67,
            "중학교학업성취도":85.2,
            "용적률":198,
            "건폐율":15,
            "Y":37.725868,
            "X":126.749631,
            "rank":61.0,
            "area_info":"22평(75.85), 22평(75.83), 32평(107.45), 39평(131.51), 51평(170.45), 60평(199.95)",
            "last_sales":"2021-12-20,45500.0,32평(107.45)"
        },
        {
            "index":184,
            "아파트명":"파주운정신도시디에트르더퍼스트",
            "투자타입":"일반",
            "전용면적(m2)":"89.69",
            "전용면적(평)":"27평",
            "법정동주소":"경기도 파주시 동패동 파주운정3택지개발사업지구에이28블록",
            "도로명주소":"경기도 파주시 초롱꽃로 130",
            "세대수":80,
            "입주년차":100,
            "용적률점수":"--",
            "건폐율점수":"--",
            "세대당주차수":60,
            "난방방식":100,
            "공급면적":"--",
            "전용률":"--",
            "욕실수":100,
            "현관타입":100,
            "주거총점":87.0,
            "지역구공급총점":0.0,
            "역세권":0,
            "30분내 이동가능 거점":0,
            "1시간내 이동가능 거점":10,
            "교통총점":2.0,
            "백화점":0,
            "아울렛몰":80,
            "대형마트":0,
            "은행":0,
            "병원":0,
            "종합병원":80,
            "공원":0,
            "혐오시설":0,
            "인프라총점":24.0,
            "초등학군":88.66,
            "중학군":48.06,
            "학군총점":56.18,
            "인구수":51.2,
            "인구증감":30.12,
            "인구총점":44.876,
            "일자리":25.4,
            "소득수준":52.54,
            "일자리총점":33.542,
            "가치 총점":33.727,
            "매매실거래년":"18000101",
            "매매실거래가":null,
            "전세실거래년":null,
            "전세실거래가":null,
            "전세가율":null,
            "장기전세가율평균":70.05,
            "전세가율거품지수":null,
            "검색코드":126349,
            "세대수":820.0,
            "준공년월":"2021-10-01",
            "준공년차":2.0,
            "가까운역이름":"야당",
            "가까운역거리":3567.35,
            "역세권여부":"비역세권",
            "30분이내주요거점역":0,
            "1시간이내주요거점역":1,
            "3km이내백화점수":0,
            "5km이내아울렛몰수":1,
            "1km이내대형먀트수":0,
            "500m이내은행수":0,
            "500m이내병원수":0,
            "5km이내대형병원수":1,
            "500m이내공원수":0,
            "3km이내혐오시설수":0,
            "초등학교학업성취도":88.66,
            "중학교학업성취도":78.9,
            "용적률":0,
            "건폐율":0,
            "Y":37.711061,
            "X":126.720834,
            "rank":62.0,
            "area_info":"27평(89.69), 27평(89.27), 34평(112.95), 34평(112.8), 34평(112.85), 40평(133.88), 40평(133.09)",
            "last_sales":"1800-01-01,nan,27평(89.69)"
        },
        {
            "index":395,
            "아파트명":"파주문산역동문굿모닝힐",
            "투자타입":"일반",
            "전용면적(m2)":"82.09",
            "전용면적(평)":"24평",
            "법정동주소":"경기도 파주시 문산읍 선유리 1413",
            "도로명주소":"경기도 파주시 사임당로 7",
            "세대수":50,
            "입주년차":100,
            "용적률점수":"--",
            "건폐율점수":"--",
            "세대당주차수":30,
            "난방방식":30,
            "공급면적":"--",
            "전용률":"--",
            "욕실수":100,
            "현관타입":100,
            "주거총점":65.0,
            "지역구공급총점":0.0,
            "역세권":50,
            "30분내 이동가능 거점":0,
            "1시간내 이동가능 거점":0,
            "교통총점":25.0,
            "백화점":0,
            "아울렛몰":0,
            "대형마트":80,
            "은행":0,
            "병원":0,
            "종합병원":0,
            "공원":80,
            "혐오시설":0,
            "인프라총점":14.4,
            "초등학군":87.75,
            "중학군":38.1,
            "학군총점":48.03,
            "인구수":51.2,
            "인구증감":30.12,
            "인구총점":44.876,
            "일자리":25.4,
            "소득수준":52.54,
            "일자리총점":33.542,
            "가치 총점":33.2745,
            "매매실거래년":20220110.0,
            "매매실거래가":27000.0,
            "전세실거래년":20220114.0,
            "전세실거래가":14700.0,
            "전세가율":56.11,
            "장기전세가율평균":70.05,
            "전세가율거품지수":13.94,
            "검색코드":118708,
            "세대수":409.0,
            "준공년월":"2020-03-01",
            "준공년차":3.0,
            "가까운역이름":"문산",
            "가까운역거리":744.45,
            "역세권여부":"준역세권",
            "30분이내주요거점역":0,
            "1시간이내주요거점역":0,
            "3km이내백화점수":0,
            "5km이내아울렛몰수":0,
            "1km이내대형먀트수":1,
            "500m이내은행수":1,
            "500m이내병원수":0,
            "5km이내대형병원수":0,
            "500m이내공원수":1,
            "3km이내혐오시설수":0,
            "초등학교학업성취도":87.75,
            "중학교학업성취도":63.5,
            "용적률":198,
            "건폐율":16,
            "Y":37.859159,
            "X":126.794279,
            "rank":63.0,
            "area_info":"24평(82.09), 24평(82.48)",
            "last_sales":"2022-01-10,27000.0,24평(82.48)"
        },
        {
            "index":112,
            "아파트명":"장미6차",
            "투자타입":"일반",
            "전용면적(m2)":"65.99",
            "전용면적(평)":"19평",
            "법정동주소":"경기도 파주시 금촌동 228-4",
            "도로명주소":"경기도 파주시 황골로 6",
            "세대수":0,
            "입주년차":20,
            "용적률점수":"--",
            "건폐율점수":"--",
            "세대당주차수":0,
            "난방방식":30,
            "공급면적":"--",
            "전용률":"--",
            "욕실수":50,
            "현관타입":100,
            "주거총점":22.0,
            "지역구공급총점":0.0,
            "역세권":50,
            "30분내 이동가능 거점":0,
            "1시간내 이동가능 거점":20,
            "교통총점":29.0,
            "백화점":0,
            "아울렛몰":0,
            "대형마트":0,
            "은행":70,
            "병원":80,
            "종합병원":80,
            "공원":100,
            "혐오시설":0,
            "인프라총점":34.0,
            "초등학군":89.86,
            "중학군":48.36,
            "학군총점":56.66,
            "인구수":51.2,
            "인구증감":30.12,
            "인구총점":44.876,
            "일자리":25.4,
            "소득수준":52.54,
            "일자리총점":33.542,
            "가치 총점":33.249,
            "매매실거래년":20211231.0,
            "매매실거래가":25700.0,
            "전세실거래년":20190104.0,
            "전세실거래가":12000.0,
            "전세가율":80.0,
            "장기전세가율평균":70.05,
            "전세가율거품지수":-9.95,
            "검색코드":11614,
            "세대수":259.0,
            "준공년월":"2000-10-27",
            "준공년차":23.0,
            "가까운역이름":"금릉",
            "가까운역거리":524.09,
            "역세권여부":"준역세권",
            "30분이내주요거점역":0,
            "1시간이내주요거점역":2,
            "3km이내백화점수":0,
            "5km이내아울렛몰수":0,
            "1km이내대형먀트수":0,
            "500m이내은행수":3,
            "500m이내병원수":34,
            "5km이내대형병원수":1,
            "500m이내공원수":5,
            "3km이내혐오시설수":0,
            "초등학교학업성취도":89.86,
            "중학교학업성취도":79.4,
            "용적률":0,
            "건폐율":0,
            "Y":37.754852,
            "X":126.769297,
            "rank":64.0,
            "area_info":"19평(65.99), 23평(78.89), 26평(88.21), 32평(106.75), 38평(126.03)",
            "last_sales":"2021-12-31,25700.0,32평(106.75)"
        },
        {
            "index":160,
            "아파트명":"숲속길마을6단지동문굿모닝힐",
            "투자타입":"일반",
            "전용면적(m2)":"131.74",
            "전용면적(평)":"39평",
            "법정동주소":"경기도 파주시 동패동 1687",
            "도로명주소":"경기도 파주시 책향기로 371",
            "세대수":50,
            "입주년차":40,
            "용적률점수":"--",
            "건폐율점수":"--",
            "세대당주차수":60,
            "난방방식":100,
            "공급면적":"--",
            "전용률":"--",
            "욕실수":100,
            "현관타입":100,
            "주거총점":64.5,
            "지역구공급총점":0.0,
            "역세권":0,
            "30분내 이동가능 거점":0,
            "1시간내 이동가능 거점":10,
            "교통총점":2.0,
            "백화점":0,
            "아울렛몰":80,
            "대형마트":80,
            "은행":70,
            "병원":60,
            "종합병원":0,
            "공원":100,
            "혐오시설":0,
            "인프라총점":36.0,
            "초등학군":88.03,
            "중학군":48.06,
            "학군총점":56.054,
            "인구수":51.2,
            "인구증감":30.12,
            "인구총점":44.876,
            "일자리":25.4,
            "소득수준":52.54,
            "일자리총점":33.542,
            "가치 총점":32.8081,
            "매매실거래년":20211211.0,
            "매매실거래가":54800.0,
            "전세실거래년":20220103.0,
            "전세실거래가":18000.0,
            "전세가율":36.73,
            "장기전세가율평균":70.05,
            "전세가율거품지수":33.32,
            "검색코드":17280,
            "세대수":586.0,
            "준공년월":"2005-12-19",
            "준공년차":18.0,
            "가까운역이름":"야당",
            "가까운역거리":4531.77,
            "역세권여부":"비역세권",
            "30분이내주요거점역":0,
            "1시간이내주요거점역":1,
            "3km이내백화점수":0,
            "5km이내아울렛몰수":1,
            "1km이내대형먀트수":1,
            "500m이내은행수":4,
            "500m이내병원수":18,
            "5km이내대형병원수":0,
            "500m이내공원수":5,
            "3km이내혐오시설수":0,
            "초등학교학업성취도":88.03,
            "중학교학업성취도":78.9,
            "용적률":179,
            "건폐율":16,
            "Y":37.72517,
            "X":126.712459,
            "rank":65.0,
            "area_info":"39평(131.74), 46평(153.99)",
            "last_sales":"2021-12-11,54800.0,46평(153.99)"
        },
        {
            "index":23,
            "아파트명":"건일장미5차",
            "투자타입":"일반",
            "전용면적(m2)":"79.69",
            "전용면적(평)":"24평",
            "법정동주소":"경기도 파주시 금촌동 228-1",
            "도로명주소":"경기도 파주시 황골로 18",
            "세대수":0,
            "입주년차":0,
            "용적률점수":"--",
            "건폐율점수":"--",
            "세대당주차수":0,
            "난방방식":30,
            "공급면적":"--",
            "전용률":"--",
            "욕실수":50,
            "현관타입":100,
            "주거총점":18.0,
            "지역구공급총점":0.0,
            "역세권":50,
            "30분내 이동가능 거점":0,
            "1시간내 이동가능 거점":20,
            "교통총점":29.0,
            "백화점":0,
            "아울렛몰":0,
            "대형마트":0,
            "은행":70,
            "병원":80,
            "종합병원":80,
            "공원":100,
            "혐오시설":0,
            "인프라총점":34.0,
            "초등학군":89.86,
            "중학군":48.36,
            "학군총점":56.66,
            "인구수":51.2,
            "인구증감":30.12,
            "인구총점":44.876,
            "일자리":25.4,
            "소득수준":52.54,
            "일자리총점":33.542,
            "가치 총점":32.449,
            "매매실거래년":20210721.0,
            "매매실거래가":30000.0,
            "전세실거래년":20211004.0,
            "전세실거래가":19000.0,
            "전세가율":86.36,
            "장기전세가율평균":70.05,
            "전세가율거품지수":-16.31,
            "검색코드":11626,
            "세대수":226.0,
            "준공년월":"1998-12-07",
            "준공년차":25.0,
            "가까운역이름":"금릉",
            "가까운역거리":562.9,
            "역세권여부":"준역세권",
            "30분이내주요거점역":0,
            "1시간이내주요거점역":2,
            "3km이내백화점수":0,
            "5km이내아울렛몰수":0,
            "1km이내대형먀트수":0,
            "500m이내은행수":3,
            "500m이내병원수":33,
            "5km이내대형병원수":1,
            "500m이내공원수":8,
            "3km이내혐오시설수":0,
            "초등학교학업성취도":89.86,
            "중학교학업성취도":79.4,
            "용적률":324,
            "건폐율":22,
            "Y":37.754449,
            "X":126.770382,
            "rank":66.0,
            "area_info":"24평(79.69), 32평(106.17)",
            "last_sales":"2021-07-21,30000.0,32평(106.17)"
        },
        {
            "index":451,
            "아파트명":"장안초원",
            "투자타입":"재건축",
            "전용면적(m2)":"71.45",
            "전용면적(평)":"21평",
            "법정동주소":"경기도 파주시 아동동 329-6",
            "도로명주소":"경기도 파주시 중앙로 280",
            "세대수":0,
            "입주년차":"--",
            "용적률점수":0,
            "건폐율점수":80,
            "세대당주차수":"--",
            "난방방식":"--",
            "공급면적":50,
            "전용률":60,
            "욕실수":"--",
            "현관타입":"--",
            "주거총점":21.5,
            "지역구공급총점":0.0,
            "역세권":50,
            "30분내 이동가능 거점":0,
            "1시간내 이동가능 거점":10,
            "교통총점":27.0,
            "백화점":0,
            "아울렛몰":0,
            "대형마트":0,
            "은행":70,
            "병원":80,
            "종합병원":80,
            "공원":100,
            "혐오시설":0,
            "인프라총점":34.0,
            "초등학군":86.65,
            "중학군":48.36,
            "학군총점":56.018,
            "인구수":51.2,
            "인구증감":30.12,
            "인구총점":44.876,
            "일자리":25.4,
            "소득수준":52.54,
            "일자리총점":33.542,
            "가치 총점":32.3527,
            "매매실거래년":20211013.0,
            "매매실거래가":12000.0,
            "전세실거래년":20210802.0,
            "전세실거래가":8000.0,
            "전세가율":72.73,
            "장기전세가율평균":70.05,
            "전세가율거품지수":-2.68,
            "검색코드":15176,
            "세대수":181.0,
            "준공년월":"1990-09-01",
            "준공년차":33.0,
            "가까운역이름":"금촌",
            "가까운역거리":571.48,
            "역세권여부":"준역세권",
            "30분이내주요거점역":0,
            "1시간이내주요거점역":1,
            "3km이내백화점수":0,
            "5km이내아울렛몰수":0,
            "1km이내대형먀트수":0,
            "500m이내은행수":4,
            "500m이내병원수":37,
            "5km이내대형병원수":1,
            "500m이내공원수":4,
            "3km이내혐오시설수":0,
            "초등학교학업성취도":86.65,
            "중학교학업성취도":79.4,
            "용적률":330,
            "건폐율":29,
            "Y":37.761503,
            "X":126.777234,
            "rank":67.0,
            "area_info":"21평(71.45), 22평(75.0), 23평(77.35), 33평(109.95)",
            "last_sales":"2021-10-13,12000.0,23평(77.35)"
        },
        {
            "index":178,
            "아파트명":"책향기마을12단지진흥효자",
            "투자타입":"일반",
            "전용면적(m2)":"110.21",
            "전용면적(평)":"33평",
            "법정동주소":"경기도 파주시 동패동 1702",
            "도로명주소":"경기도 파주시 책향기로 448",
            "세대수":50,
            "입주년차":40,
            "용적률점수":"--",
            "건폐율점수":"--",
            "세대당주차수":30,
            "난방방식":100,
            "공급면적":"--",
            "전용률":"--",
            "욕실수":100,
            "현관타입":100,
            "주거총점":60.0,
            "지역구공급총점":0.0,
            "역세권":0,
            "30분내 이동가능 거점":0,
            "1시간내 이동가능 거점":10,
            "교통총점":2.0,
            "백화점":0,
            "아울렛몰":80,
            "대형마트":80,
            "은행":70,
            "병원":60,
            "종합병원":0,
            "공원":100,
            "혐오시설":0,
            "인프라총점":36.0,
            "초등학군":84.37,
            "중학군":52.2,
            "학군총점":58.634,
            "인구수":51.2,
            "인구증감":30.12,
            "인구총점":44.876,
            "일자리":25.4,
            "소득수준":52.54,
            "일자리총점":33.542,
            "가치 총점":32.2951,
            "매매실거래년":20211206.0,
            "매매실거래가":47000.0,
            "전세실거래년":20220105.0,
            "전세실거래가":33000.0,
            "전세가율":70.21,
            "장기전세가율평균":70.05,
            "전세가율거품지수":-0.16,
            "검색코드":17548,
            "세대수":439.0,
            "준공년월":"2005-12-22",
            "준공년차":18.0,
            "가까운역이름":"야당",
            "가까운역거리":3747.85,
            "역세권여부":"비역세권",
            "30분이내주요거점역":0,
            "1시간이내주요거점역":1,
            "3km이내백화점수":0,
            "5km이내아울렛몰수":1,
            "1km이내대형먀트수":1,
            "500m이내은행수":4,
            "500m이내병원수":21,
            "5km이내대형병원수":0,
            "500m이내공원수":4,
            "3km이내혐오시설수":0,
            "초등학교학업성취도":84.37,
            "중학교학업성취도":85.2,
            "용적률":179,
            "건폐율":17,
            "Y":37.723906,
            "X":126.72134,
            "rank":68.0,
            "area_info":"33평(110.21)",
            "last_sales":"2021-12-06,47000.0,33평(110.21)"
        },
        {
            "index":162,
            "아파트명":"숲속길마을7단지월드메르디앙센트럴파크",
            "투자타입":"일반",
            "전용면적(m2)":"109.91",
            "전용면적(평)":"33평",
            "법정동주소":"경기도 파주시 동패동 1690",
            "도로명주소":"경기도 파주시 책향기로 403",
            "세대수":50,
            "입주년차":40,
            "용적률점수":"--",
            "건폐율점수":"--",
            "세대당주차수":30,
            "난방방식":100,
            "공급면적":"--",
            "전용률":"--",
            "욕실수":100,
            "현관타입":100,
            "주거총점":60.0,
            "지역구공급총점":0.0,
            "역세권":0,
            "30분내 이동가능 거점":0,
            "1시간내 이동가능 거점":10,
            "교통총점":2.0,
            "백화점":0,
            "아울렛몰":80,
            "대형마트":80,
            "은행":70,
            "병원":60,
            "종합병원":0,
            "공원":100,
            "혐오시설":0,
            "인프라총점":36.0,
            "초등학군":84.37,
            "중학군":52.2,
            "학군총점":58.634,
            "인구수":51.2,
            "인구증감":30.12,
            "인구총점":44.876,
            "일자리":25.4,
            "소득수준":52.54,
            "일자리총점":33.542,
            "가치 총점":32.2951,
            "매매실거래년":20211111.0,
            "매매실거래가":52000.0,
            "전세실거래년":null,
            "전세실거래가":null,
            "전세가율":null,
            "장기전세가율평균":70.05,
            "전세가율거품지수":null,
            "검색코드":17504,
            "세대수":480.0,
            "준공년월":"2006-01-12",
            "준공년차":17.0,
            "가까운역이름":"야당",
            "가까운역거리":4233.24,
            "역세권여부":"비역세권",
            "30분이내주요거점역":0,
            "1시간이내주요거점역":1,
            "3km이내백화점수":0,
            "5km이내아울렛몰수":1,
            "1km이내대형먀트수":1,
            "500m이내은행수":4,
            "500m이내병원수":23,
            "5km이내대형병원수":0,
            "500m이내공원수":6,
            "3km이내혐오시설수":0,
            "초등학교학업성취도":84.37,
            "중학교학업성취도":85.2,
            "용적률":178,
            "건폐율":17,
            "Y":37.725373,
            "X":126.716142,
            "rank":68.0,
            "area_info":"33평(109.91), 35평(116.46)",
            "last_sales":"2021-11-11,52000.0,35평(116.46)"
        },
        {
            "index":29,
            "아파트명":"그린(도시형)",
            "투자타입":"일반",
            "전용면적(m2)":"33.31",
            "전용면적(평)":"10평",
            "법정동주소":"경기도 파주시 금촌동 1014-2",
            "도로명주소":"경기도 파주시 정담길 185",
            "세대수":0,
            "입주년차":60,
            "용적률점수":"--",
            "건폐율점수":"--",
            "세대당주차수":0,
            "난방방식":30,
            "공급면적":"--",
            "전용률":"--",
            "욕실수":50,
            "현관타입":50,
            "주거총점":25.0,
            "지역구공급총점":0.0,
            "역세권":50,
            "30분내 이동가능 거점":0,
            "1시간내 이동가능 거점":20,
            "교통총점":29.0,
            "백화점":0,
            "아울렛몰":0,
            "대형마트":80,
            "은행":0,
            "병원":0,
            "종합병원":80,
            "공원":80,
            "혐오시설":0,
            "인프라총점":30.4,
            "초등학군":85.68,
            "중학군":43.38,
            "학군총점":51.84,
            "인구수":51.2,
            "인구증감":30.12,
            "인구총점":44.876,
            "일자리":25.4,
            "소득수준":52.54,
            "일자리총점":33.542,
            "가치 총점":32.046,
            "매매실거래년":20211215.0,
            "매매실거래가":6400.0,
            "전세실거래년":20210927.0,
            "전세실거래가":6000.0,
            "전세가율":93.75,
            "장기전세가율평균":70.05,
            "전세가율거품지수":-23.7,
            "검색코드":106758,
            "세대수":220.0,
            "준공년월":"2012-12-31",
            "준공년차":11.0,
            "가까운역이름":"금촌",
            "가까운역거리":538.48,
            "역세권여부":"준역세권",
            "30분이내주요거점역":0,
            "1시간이내주요거점역":2,
            "3km이내백화점수":0,
            "5km이내아울렛몰수":0,
            "1km이내대형먀트수":1,
            "500m이내은행수":0,
            "500m이내병원수":0,
            "5km이내대형병원수":1,
            "500m이내공원수":1,
            "3km이내혐오시설수":0,
            "초등학교학업성취도":85.68,
            "중학교학업성취도":71.7,
            "용적률":246,
            "건폐율":26,
            "Y":37.769484,
            "X":126.770122,
            "rank":69.0,
            "area_info":"10평(33.31)",
            "last_sales":"2021-12-15,6400.0,10평(33.31)"
        },
        {
            "index":587,
            "아파트명":"가람마을3단지동문",
            "투자타입":"일반",
            "전용면적(m2)":"110.57",
            "전용면적(평)":"33평",
            "법정동주소":"경기도 파주시 와동동 240",
            "도로명주소":"경기도 파주시 금바위로 100",
            "세대수":90,
            "입주년차":20,
            "용적률점수":"--",
            "건폐율점수":"--",
            "세대당주차수":30,
            "난방방식":30,
            "공급면적":"--",
            "전용률":"--",
            "욕실수":100,
            "현관타입":100,
            "주거총점":63.0,
            "지역구공급총점":0.0,
            "역세권":0,
            "30분내 이동가능 거점":0,
            "1시간내 이동가능 거점":10,
            "교통총점":2.0,
            "백화점":0,
            "아울렛몰":0,
            "대형마트":80,
            "은행":0,
            "병원":30,
            "종합병원":80,
            "공원":100,
            "혐오시설":0,
            "인프라총점":34.0,
            "초등학군":87.92,
            "중학군":48.36,
            "학군총점":56.272,
            "인구수":51.2,
            "인구증감":30.12,
            "인구총점":44.876,
            "일자리":25.4,
            "소득수준":52.54,
            "일자리총점":33.542,
            "가치 총점":31.9408,
            "매매실거래년":20211204.0,
            "매매실거래가":39900.0,
            "전세실거래년":20220117.0,
            "전세실거래가":30000.0,
            "전세가율":75.19,
            "장기전세가율평균":70.05,
            "전세가율거품지수":-5.14,
            "검색코드":3454,
            "세대수":902.0,
            "준공년월":"2001-09-15",
            "준공년차":22.0,
            "가까운역이름":"운정",
            "가까운역거리":1135.18,
            "역세권여부":"비역세권",
            "30분이내주요거점역":0,
            "1시간이내주요거점역":1,
            "3km이내백화점수":0,
            "5km이내아울렛몰수":0,
            "1km이내대형먀트수":1,
            "500m이내은행수":0,
            "500m이내병원수":5,
            "5km이내대형병원수":1,
            "500m이내공원수":4,
            "3km이내혐오시설수":0,
            "초등학교학업성취도":87.92,
            "중학교학업성취도":79.4,
            "용적률":197,
            "건폐율":18,
            "Y":37.732695,
            "X":126.757708,
            "rank":70.0,
            "area_info":"33평(110.57)",
            "last_sales":"2021-12-04,39900.0,33평(110.57)"
        },
        {
            "index":149,
            "아파트명":"청석마을동문굿모닝힐8단지",
            "투자타입":"일반",
            "전용면적(m2)":"106.25",
            "전용면적(평)":"32평",
            "법정동주소":"경기도 파주시 다율동 982",
            "도로명주소":"경기도 파주시 청석로 350",
            "세대수":90,
            "입주년차":40,
            "용적률점수":"--",
            "건폐율점수":"--",
            "세대당주차수":30,
            "난방방식":100,
            "공급면적":"--",
            "전용률":"--",
            "욕실수":100,
            "현관타입":100,
            "주거총점":74.0,
            "지역구공급총점":0.0,
            "역세권":0,
            "30분내 이동가능 거점":0,
            "1시간내 이동가능 거점":10,
            "교통총점":2.0,
            "백화점":0,
            "아울렛몰":100,
            "대형마트":80,
            "은행":0,
            "병원":0,
            "종합병원":0,
            "공원":100,
            "혐오시설":0,
            "인프라총점":25.0,
            "초등학군":88.92,
            "중학군":52.2,
            "학군총점":59.544,
            "인구수":51.2,
            "인구증감":30.12,
            "인구총점":44.876,
            "일자리":25.4,
            "소득수준":52.54,
            "일자리총점":33.542,
            "가치 총점":31.9316,
            "매매실거래년":20211220.0,
            "매매실거래가":41900.0,
            "전세실거래년":20220108.0,
            "전세실거래가":31000.0,
            "전세가율":73.99,
            "장기전세가율평균":70.05,
            "전세가율거품지수":-3.94,
            "검색코드":17281,
            "세대수":1026.0,
            "준공년월":"2005-12-15",
            "준공년차":18.0,
            "가까운역이름":"운정",
            "가까운역거리":4120.03,
            "역세권여부":"비역세권",
            "30분이내주요거점역":0,
            "1시간이내주요거점역":1,
            "3km이내백화점수":0,
            "5km이내아울렛몰수":2,
            "1km이내대형먀트수":1,
            "500m이내은행수":0,
            "500m이내병원수":0,
            "5km이내대형병원수":0,
            "500m이내공원수":3,
            "3km이내혐오시설수":0,
            "초등학교학업성취도":88.92,
            "중학교학업성취도":85.2,
            "용적률":179,
            "건폐율":16,
            "Y":37.732834,
            "X":126.721255,
            "rank":71.0,
            "area_info":"32평(106.25), 35평(118.75)",
            "last_sales":"2021-12-20,41900.0,32평(106.25)"
        },
        {
            "index":78,
            "아파트명":"두보3차",
            "투자타입":"일반",
            "전용면적(m2)":"74.18",
            "전용면적(평)":"22평",
            "법정동주소":"경기도 파주시 금촌동 234-22",
            "도로명주소":"경기도 파주시 황골로 40",
            "세대수":0,
            "입주년차":0,
            "용적률점수":"--",
            "건폐율점수":"--",
            "세대당주차수":30,
            "난방방식":30,
            "공급면적":"--",
            "전용률":"--",
            "욕실수":50,
            "현관타입":100,
            "주거총점":22.5,
            "지역구공급총점":0.0,
            "역세권":50,
            "30분내 이동가능 거점":0,
            "1시간내 이동가능 거점":10,
            "교통총점":27.0,
            "백화점":0,
            "아울렛몰":0,
            "대형마트":0,
            "은행":70,
            "병원":60,
            "종합병원":80,
            "공원":100,
            "혐오시설":0,
            "인프라총점":32.0,
            "초등학군":85.07,
            "중학군":48.36,
            "학군총점":55.702,
            "인구수":51.2,
            "인구증감":30.12,
            "인구총점":44.876,
            "일자리":25.4,
            "소득수준":52.54,
            "일자리총점":33.542,
            "가치 총점":31.9053,
            "매매실거래년":20220110.0,
            "매매실거래가":22500.0,
            "전세실거래년":20211005.0,
            "전세실거래가":19500.0,
            "전세가율":86.67,
            "장기전세가율평균":70.05,
            "전세가율거품지수":-16.62,
            "검색코드":11619,
            "세대수":252.0,
            "준공년월":"1997-10-14",
            "준공년차":26.0,
            "가까운역이름":"금릉",
            "가까운역거리":792.71,
            "역세권여부":"준역세권",
            "30분이내주요거점역":0,
            "1시간이내주요거점역":1,
            "3km이내백화점수":0,
            "5km이내아울렛몰수":0,
            "1km이내대형먀트수":0,
            "500m이내은행수":3,
            "500m이내병원수":23,
            "5km이내대형병원수":1,
            "500m이내공원수":7,
            "3km이내혐오시설수":0,
            "초등학교학업성취도":85.07,
            "중학교학업성취도":79.4,
            "용적률":321,
            "건폐율":25,
            "Y":37.754839,
            "X":126.77319,
            "rank":72.0,
            "area_info":"22평(74.18), 23평(76.73), 23평(76.93), 30평(99.2), 37평(124.75)",
            "last_sales":"2022-01-10,22500.0,22평(74.18)"
        },
        {
            "index":175,
            "아파트명":"책향기마을11단지신동아파밀리에",
            "투자타입":"일반",
            "전용면적(m2)":"130.48",
            "전용면적(평)":"39평",
            "법정동주소":"경기도 파주시 동패동 1703",
            "도로명주소":"경기도 파주시 책향기로 420",
            "세대수":30,
            "입주년차":40,
            "용적률점수":"--",
            "건폐율점수":"--",
            "세대당주차수":60,
            "난방방식":100,
            "공급면적":"--",
            "전용률":"--",
            "욕실수":100,
            "현관타입":100,
            "주거총점":57.5,
            "지역구공급총점":0.0,
            "역세권":0,
            "30분내 이동가능 거점":0,
            "1시간내 이동가능 거점":10,
            "교통총점":2.0,
            "백화점":0,
            "아울렛몰":80,
            "대형마트":80,
            "은행":70,
            "병원":60,
            "종합병원":0,
            "공원":100,
            "혐오시설":0,
            "인프라총점":36.0,
            "초등학군":84.37,
            "중학군":52.2,
            "학군총점":58.634,
            "인구수":51.2,
            "인구증감":30.12,
            "인구총점":44.876,
            "일자리":25.4,
            "소득수준":52.54,
            "일자리총점":33.542,
            "가치 총점":31.7951,
            "매매실거래년":20211207.0,
            "매매실거래가":58500.0,
            "전세실거래년":20220112.0,
            "전세실거래가":25200.0,
            "전세가율":50.4,
            "장기전세가율평균":70.05,
            "전세가율거품지수":19.65,
            "검색코드":17550,
            "세대수":366.0,
            "준공년월":"2005-12-28",
            "준공년차":18.0,
            "가까운역이름":"야당",
            "가까운역거리":3996.55,
            "역세권여부":"비역세권",
            "30분이내주요거점역":0,
            "1시간이내주요거점역":1,
            "3km이내백화점수":0,
            "5km이내아울렛몰수":1,
            "1km이내대형먀트수":1,
            "500m이내은행수":4,
            "500m이내병원수":21,
            "5km이내대형병원수":0,
            "500m이내공원수":6,
            "3km이내혐오시설수":0,
            "초등학교학업성취도":84.37,
            "중학교학업성취도":85.2,
            "용적률":179,
            "건폐율":17,
            "Y":37.724091,
            "X":126.718422,
            "rank":73.0,
            "area_info":"39평(130.48), 39평(132.16), 49평(164.7)",
            "last_sales":"2021-12-07,58500.0,49평(164.7)"
        },
        {
            "index":491,
            "아파트명":"자연에가",
            "투자타입":"일반",
            "전용면적(m2)":"52.46",
            "전용면적(평)":"15평",
            "법정동주소":"경기도 파주시 야당동 150-3",
            "도로명주소":"경기도 파주시 송학길 42-15",
            "세대수":0,
            "입주년차":80,
            "용적률점수":"--",
            "건폐율점수":"--",
            "세대당주차수":0,
            "난방방식":30,
            "공급면적":"--",
            "전용률":"--",
            "욕실수":50,
            "현관타입":100,
            "주거총점":34.0,
            "지역구공급총점":0.0,
            "역세권":50,
            "30분내 이동가능 거점":0,
            "1시간내 이동가능 거점":20,
            "교통총점":29.0,
            "백화점":0,
            "아울렛몰":0,
            "대형마트":0,
            "은행":0,
            "병원":0,
            "종합병원":100,
            "공원":0,
            "혐오시설":0,
            "인프라총점":20.0,
            "초등학군":88.18,
            "중학군":51.58,
            "학군총점":58.9,
            "인구수":51.2,
            "인구증감":30.12,
            "인구총점":44.876,
            "일자리":25.4,
            "소득수준":52.54,
            "일자리총점":33.542,
            "가치 총점":31.785,
            "매매실거래년":"18000101",
            "매매실거래가":null,
            "전세실거래년":null,
            "전세실거래가":null,
            "전세가율":null,
            "장기전세가율평균":70.05,
            "전세가율거품지수":null,
            "검색코드":115836,
            "세대수":102.0,
            "준공년월":"2015-02-17",
            "준공년차":8.0,
            "가까운역이름":"야당",
            "가까운역거리":731.9,
            "역세권여부":"준역세권",
            "30분이내주요거점역":0,
            "1시간이내주요거점역":2,
            "3km이내백화점수":0,
            "5km이내아울렛몰수":0,
            "1km이내대형먀트수":0,
            "500m이내은행수":0,
            "500m이내병원수":0,
            "5km이내대형병원수":2,
            "500m이내공원수":0,
            "3km이내혐오시설수":0,
            "초등학교학업성취도":88.18,
            "중학교학업성취도":84.3,
            "용적률":0,
            "건폐율":0,
            "Y":37.706722,
            "X":126.765718,
            "rank":74.0,
            "area_info":"15평(52.46), 16평(53.72), 16평(54.14), 19평(64.56), 19평(65.82), 20평(66.87), 20평(67.12), 20평(68.47), 21평(70.74), 21평(70.3), 21평(70.29), 21평(71.46), 21평(71.31), 21평(71.0), 21평(71.99), 21평(71.27), 21평(71.33), 21평(71.01), 24평(80.88), 29평(98.78)",
            "last_sales":"1800-01-01,nan,15평(52.46)"
        },
        {
            "index":47,
            "아파트명":"대영장미2차",
            "투자타입":"일반",
            "전용면적(m2)":"82.32",
            "전용면적(평)":"24평",
            "법정동주소":"경기도 파주시 금촌동 230-2",
            "도로명주소":"경기도 파주시 황골로 12",
            "세대수":0,
            "입주년차":0,
            "용적률점수":"--",
            "건폐율점수":"--",
            "세대당주차수":0,
            "난방방식":30,
            "공급면적":"--",
            "전용률":"--",
            "욕실수":50,
            "현관타입":100,
            "주거총점":18.0,
            "지역구공급총점":0.0,
            "역세권":50,
            "30분내 이동가능 거점":0,
            "1시간내 이동가능 거점":10,
            "교통총점":27.0,
            "백화점":0,
            "아울렛몰":0,
            "대형마트":0,
            "은행":70,
            "병원":80,
            "종합병원":80,
            "공원":100,
            "혐오시설":0,
            "인프라총점":34.0,
            "초등학군":89.86,
            "중학군":48.36,
            "학군총점":56.66,
            "인구수":51.2,
            "인구증감":30.12,
            "인구총점":44.876,
            "일자리":25.4,
            "소득수준":52.54,
            "일자리총점":33.542,
            "가치 총점":31.749,
            "매매실거래년":20211217.0,
            "매매실거래가":24000.0,
            "전세실거래년":20211209.0,
            "전세실거래가":18000.0,
            "전세가율":75.0,
            "장기전세가율평균":70.05,
            "전세가율거품지수":-4.95,
            "검색코드":11611,
            "세대수":192.0,
            "준공년월":"1996-08-22",
            "준공년차":27.0,
            "가까운역이름":"금릉",
            "가까운역거리":597.27,
            "역세권여부":"준역세권",
            "30분이내주요거점역":0,
            "1시간이내주요거점역":1,
            "3km이내백화점수":0,
            "5km이내아울렛몰수":0,
            "1km이내대형먀트수":0,
            "500m이내은행수":4,
            "500m이내병원수":37,
            "5km이내대형병원수":1,
            "500m이내공원수":6,
            "3km이내혐오시설수":0,
            "초등학교학업성취도":89.86,
            "중학교학업성취도":79.4,
            "용적률":308,
            "건폐율":24,
            "Y":37.755371,
            "X":126.769811,
            "rank":75.0,
            "area_info":"24평(82.32), 33평(110.57)",
            "last_sales":"2021-12-17,24000.0,24평(82.32)"
        },
        {
            "index":49,
            "아파트명":"대영장미3차",
            "투자타입":"일반",
            "전용면적(m2)":"76.79",
            "전용면적(평)":"23평",
            "법정동주소":"경기도 파주시 금촌동 233-6",
            "도로명주소":"경기도 파주시 황골로 22",
            "세대수":0,
            "입주년차":0,
            "용적률점수":"--",
            "건폐율점수":"--",
            "세대당주차수":0,
            "난방방식":30,
            "공급면적":"--",
            "전용률":"--",
            "욕실수":50,
            "현관타입":100,
            "주거총점":18.0,
            "지역구공급총점":0.0,
            "역세권":50,
            "30분내 이동가능 거점":0,
            "1시간내 이동가능 거점":10,
            "교통총점":27.0,
            "백화점":0,
            "아울렛몰":0,
            "대형마트":0,
            "은행":70,
            "병원":80,
            "종합병원":80,
            "공원":100,
            "혐오시설":0,
            "인프라총점":34.0,
            "초등학군":85.07,
            "중학군":48.36,
            "학군총점":55.702,
            "인구수":51.2,
            "인구증감":30.12,
            "인구총점":44.876,
            "일자리":25.4,
            "소득수준":52.54,
            "일자리총점":33.542,
            "가치 총점":31.6053,
            "매매실거래년":20211028.0,
            "매매실거래가":24700.0,
            "전세실거래년":null,
            "전세실거래가":null,
            "전세가율":null,
            "장기전세가율평균":70.05,
            "전세가율거품지수":null,
            "검색코드":11612,
            "세대수":298.0,
            "준공년월":"1997-05-22",
            "준공년차":26.0,
            "가까운역이름":"금릉",
            "가까운역거리":689.81,
            "역세권여부":"준역세권",
            "30분이내주요거점역":0,
            "1시간이내주요거점역":1,
            "3km이내백화점수":0,
            "5km이내아울렛몰수":0,
            "1km이내대형먀트수":0,
            "500m이내은행수":3,
            "500m이내병원수":32,
            "5km이내대형병원수":1,
            "500m이내공원수":7,
            "3km이내혐오시설수":0,
            "초등학교학업성취도":85.07,
            "중학교학업성취도":79.4,
            "용적률":0,
            "건폐율":0,
            "Y":37.754637,
            "X":126.771979,
            "rank":76.0,
            "area_info":"23평(76.79), 24평(81.34), 32평(108.81)",
            "last_sales":"2021-10-28,24700.0,32평(108.81)"
        },
        {
            "index":321,
            "아파트명":"두산위브",
            "투자타입":"일반",
            "전용면적(m2)":"110.13",
            "전용면적(평)":"33평",
            "법정동주소":"경기도 파주시 문산읍 선유리 1350",
            "도로명주소":"경기도 파주시 우계로 470",
            "세대수":50,
            "입주년차":40,
            "용적률점수":"--",
            "건폐율점수":"--",
            "세대당주차수":30,
            "난방방식":30,
            "공급면적":"--",
            "전용률":"--",
            "욕실수":100,
            "현관타입":100,
            "주거총점":53.0,
            "지역구공급총점":0.0,
            "역세권":50,
            "30분내 이동가능 거점":0,
            "1시간내 이동가능 거점":10,
            "교통총점":27.0,
            "백화점":0,
            "아울렛몰":0,
            "대형마트":80,
            "은행":0,
            "병원":10,
            "종합병원":0,
            "공원":80,
            "혐오시설":0,
            "인프라총점":15.4,
            "초등학군":85.74,
            "중학군":33.66,
            "학군총점":44.076,
            "인구수":51.2,
            "인구증감":30.12,
            "인구총점":44.876,
            "일자리":25.4,
            "소득수준":52.54,
            "일자리총점":33.542,
            "가치 총점":31.2814,
            "매매실거래년":20220111.0,
            "매매실거래가":26000.0,
            "전세실거래년":20211213.0,
            "전세실거래가":17000.0,
            "전세가율":65.38,
            "장기전세가율평균":70.05,
            "전세가율거품지수":4.67,
            "검색코드":19359,
            "세대수":504.0,
            "준공년월":"2006-08-30",
            "준공년차":17.0,
            "가까운역이름":"문산",
            "가까운역거리":710.28,
            "역세권여부":"준역세권",
            "30분이내주요거점역":0,
            "1시간이내주요거점역":1,
            "3km이내백화점수":0,
            "5km이내아울렛몰수":0,
            "1km이내대형먀트수":1,
            "500m이내은행수":1,
            "500m이내병원수":2,
            "5km이내대형병원수":0,
            "500m이내공원수":1,
            "3km이내혐오시설수":0,
            "초등학교학업성취도":85.74,
            "중학교학업성취도":56.1,
            "용적률":257,
            "건폐율":23,
            "Y":37.859772,
            "X":126.792828,
            "rank":77.0,
            "area_info":"33평(110.13), 45평(149.44)",
            "last_sales":"2022-01-11,26000.0,45평(149.44)"
        },
        {
            "index":179,
            "아파트명":"책향기마을14단지우남퍼스트빌",
            "투자타입":"일반",
            "전용면적(m2)":"130.61",
            "전용면적(평)":"39평",
            "법정동주소":"경기도 파주시 동패동 1711",
            "도로명주소":"경기도 파주시 책향기로 209",
            "세대수":50,
            "입주년차":40,
            "용적률점수":"--",
            "건폐율점수":"--",
            "세대당주차수":60,
            "난방방식":100,
            "공급면적":"--",
            "전용률":"--",
            "욕실수":100,
            "현관타입":100,
            "주거총점":64.5,
            "지역구공급총점":0.0,
            "역세권":0,
            "30분내 이동가능 거점":0,
            "1시간내 이동가능 거점":10,
            "교통총점":2.0,
            "백화점":0,
            "아울렛몰":80,
            "대형마트":80,
            "은행":0,
            "병원":60,
            "종합병원":0,
            "공원":100,
            "혐오시설":0,
            "인프라총점":29.0,
            "초등학군":84.37,
            "중학군":52.2,
            "학군총점":58.634,
            "인구수":51.2,
            "인구증감":30.12,
            "인구총점":44.876,
            "일자리":25.4,
            "소득수준":52.54,
            "일자리총점":33.542,
            "가치 총점":31.0951,
            "매매실거래년":20211129.0,
            "매매실거래가":42000.0,
            "전세실거래년":20211227.0,
            "전세실거래가":22500.0,
            "전세가율":35.89,
            "장기전세가율평균":70.05,
            "전세가율거품지수":34.16,
            "검색코드":17283,
            "세대수":600.0,
            "준공년월":"2006-04-10",
            "준공년차":17.0,
            "가까운역이름":"야당",
            "가까운역거리":3818.78,
            "역세권여부":"비역세권",
            "30분이내주요거점역":0,
            "1시간이내주요거점역":1,
            "3km이내백화점수":0,
            "5km이내아울렛몰수":1,
            "1km이내대형먀트수":1,
            "500m이내은행수":1,
            "500m이내병원수":11,
            "5km이내대형병원수":0,
            "500m이내공원수":4,
            "3km이내혐오시설수":0,
            "초등학교학업성취도":84.37,
            "중학교학업성취도":85.2,
            "용적률":178,
            "건폐율":18,
            "Y":37.721065,
            "X":126.71937,
            "rank":78.0,
            "area_info":"39평(130.61), 48평(161.34), 54평(181.36)",
            "last_sales":"2021-11-29,42000.0,54평(181.36)"
        },
        {
            "index":332,
            "아파트명":"문산주공",
            "투자타입":"재건축",
            "전용면적(m2)":"43.31",
            "전용면적(평)":"13평",
            "법정동주소":"경기도 파주시 문산읍 문산리 31-1",
            "도로명주소":"경기도 파주시",
            "세대수":30,
            "입주년차":"--",
            "용적률점수":0,
            "건폐율점수":0,
            "세대당주차수":"--",
            "난방방식":"--",
            "공급면적":50,
            "전용률":100,
            "욕실수":"--",
            "현관타입":"--",
            "주거총점":16.5,
            "지역구공급총점":0.0,
            "역세권":80,
            "30분내 이동가능 거점":0,
            "1시간내 이동가능 거점":10,
            "교통총점":42.0,
            "백화점":0,
            "아울렛몰":0,
            "대형마트":80,
            "은행":20,
            "병원":60,
            "종합병원":0,
            "공원":0,
            "혐오시설":0,
            "인프라총점":20.0,
            "초등학군":91.43,
            "중학군":33.66,
            "학군총점":45.214,
            "인구수":51.2,
            "인구증감":30.12,
            "인구총점":44.876,
            "일자리":25.4,
            "소득수준":52.54,
            "일자리총점":33.542,
            "가치 총점":30.7821,
            "매매실거래년":20220108.0,
            "매매실거래가":12700.0,
            "전세실거래년":20210223.0,
            "전세실거래가":2800.0,
            "전세가율":22.05,
            "장기전세가율평균":70.05,
            "전세가율거품지수":48.0,
            "검색코드":16252,
            "세대수":300.0,
            "준공년월":"1980-01-01",
            "준공년차":43.0,
            "가까운역이름":"문산",
            "가까운역거리":459.62,
            "역세권여부":"역세권",
            "30분이내주요거점역":0,
            "1시간이내주요거점역":1,
            "3km이내백화점수":0,
            "5km이내아울렛몰수":0,
            "1km이내대형먀트수":1,
            "500m이내은행수":2,
            "500m이내병원수":23,
            "5km이내대형병원수":0,
            "500m이내공원수":0,
            "3km이내혐오시설수":0,
            "초등학교학업성취도":91.43,
            "중학교학업성취도":56.1,
            "용적률":0,
            "건폐율":0,
            "Y":37.85577,
            "X":126.783019,
            "rank":79.0,
            "area_info":"13평(43.31)",
            "last_sales":"2022-01-08,12700.0,13평(43.31)"
        },
        {
            "index":511,
            "아파트명":"자연에가3차",
            "투자타입":"일반",
            "전용면적(m2)":"53.51",
            "전용면적(평)":"16평",
            "법정동주소":"경기도 파주시 야당동 153-52",
            "도로명주소":"경기도 파주시 탄현로 144-49",
            "세대수":0,
            "입주년차":80,
            "용적률점수":"--",
            "건폐율점수":"--",
            "세대당주차수":0,
            "난방방식":30,
            "공급면적":"--",
            "전용률":"--",
            "욕실수":50,
            "현관타입":100,
            "주거총점":34.0,
            "지역구공급총점":0.0,
            "역세권":50,
            "30분내 이동가능 거점":0,
            "1시간내 이동가능 거점":20,
            "교통총점":29.0,
            "백화점":0,
            "아울렛몰":0,
            "대형마트":0,
            "은행":0,
            "병원":0,
            "종합병원":80,
            "공원":0,
            "혐오시설":0,
            "인프라총점":16.0,
            "초등학군":88.18,
            "중학군":51.58,
            "학군총점":58.9,
            "인구수":51.2,
            "인구증감":30.12,
            "인구총점":44.876,
            "일자리":25.4,
            "소득수준":52.54,
            "일자리총점":33.542,
            "가치 총점":30.585,
            "매매실거래년":"18000101",
            "매매실거래가":null,
            "전세실거래년":null,
            "전세실거래가":null,
            "전세가율":null,
            "장기전세가율평균":70.05,
            "전세가율거품지수":null,
            "검색코드":115817,
            "세대수":176.0,
            "준공년월":"2016-12-16",
            "준공년차":7.0,
            "가까운역이름":"야당",
            "가까운역거리":634.96,
            "역세권여부":"준역세권",
            "30분이내주요거점역":0,
            "1시간이내주요거점역":2,
            "3km이내백화점수":0,
            "5km이내아울렛몰수":0,
            "1km이내대형먀트수":0,
            "500m이내은행수":0,
            "500m이내병원수":0,
            "5km이내대형병원수":1,
            "500m이내공원수":0,
            "3km이내혐오시설수":0,
            "초등학교학업성취도":88.18,
            "중학교학업성취도":84.3,
            "용적률":0,
            "건폐율":0,
            "Y":37.707559,
            "X":126.765328,
            "rank":80.0,
            "area_info":"16평(53.51), 16평(55.29), 21평(71.29), 22평(72.81), 22평(73.03), 22평(73.17), 23평(76.41), 23평(77.27), 23평(78.06), 23평(79.02), 24평(80.4), 24평(81.56), 24평(81.37), 24평(81.89), 24평(82.4), 26평(86.07), 29평(96.04)",
            "last_sales":"1800-01-01,nan,16평(53.51)"
        },
        {
            "index":247,
            "아파트명":"운정신도시센트럴푸르지오",
            "투자타입":"일반",
            "전용면적(m2)":"100.37",
            "전용면적(평)":"30평",
            "법정동주소":"경기도 파주시 목동동 1142",
            "도로명주소":"경기도 파주시 심학산로 385",
            "세대수":100,
            "입주년차":80,
            "용적률점수":"--",
            "건폐율점수":"--",
            "세대당주차수":30,
            "난방방식":100,
            "공급면적":"--",
            "전용률":"--",
            "욕실수":100,
            "현관타입":100,
            "주거총점":85.5,
            "지역구공급총점":0.0,
            "역세권":0,
            "30분내 이동가능 거점":0,
            "1시간내 이동가능 거점":10,
            "교통총점":2.0,
            "백화점":0,
            "아울렛몰":80,
            "대형마트":0,
            "은행":0,
            "병원":10,
            "종합병원":0,
            "공원":100,
            "혐오시설":0,
            "인프라총점":12.0,
            "초등학군":92.02,
            "중학군":52.2,
            "학군총점":60.164,
            "인구수":51.2,
            "인구증감":30.12,
            "인구총점":44.876,
            "일자리":25.4,
            "소득수준":52.54,
            "일자리총점":33.542,
            "가치 총점":30.4246,
            "매매실거래년":20211013.0,
            "매매실거래가":86000.0,
            "전세실거래년":20210808.0,
            "전세실거래가":42000.0,
            "전세가율":56.0,
            "장기전세가율평균":70.05,
            "전세가율거품지수":14.05,
            "검색코드":111541,
            "세대수":1956.0,
            "준공년월":"2018-07-19",
            "준공년차":5.0,
            "가까운역이름":"야당",
            "가까운역거리":2490.57,
            "역세권여부":"비역세권",
            "30분이내주요거점역":0,
            "1시간이내주요거점역":1,
            "3km이내백화점수":0,
            "5km이내아울렛몰수":1,
            "1km이내대형먀트수":0,
            "500m이내은행수":0,
            "500m이내병원수":4,
            "5km이내대형병원수":0,
            "500m이내공원수":4,
            "3km이내혐오시설수":0,
            "초등학교학업성취도":92.02,
            "중학교학업성취도":85.2,
            "용적률":198,
            "건폐율":15,
            "Y":37.719744,
            "X":126.734639,
            "rank":81.0,
            "area_info":"30평(100.37), 34평(113.62), 34평(113.96), 34평(113.89), 34평(113.87), 34평(114.5), 34평(114.0)",
            "last_sales":"2021-10-13,86000.0,34평(114.0)"
        },
        {
            "index":366,
            "아파트명":"율곡",
            "투자타입":"일반",
            "전용면적(m2)":"75.11",
            "전용면적(평)":"22평",
            "법정동주소":"경기도 파주시 문산읍 문산리 33-6",
            "도로명주소":"경기도 파주시 문향로17번길 39",
            "세대수":0,
            "입주년차":0,
            "용적률점수":"--",
            "건폐율점수":"--",
            "세대당주차수":0,
            "난방방식":80,
            "공급면적":"--",
            "전용률":"--",
            "욕실수":50,
            "현관타입":10,
            "주거총점":14.0,
            "지역구공급총점":0.0,
            "역세권":80,
            "30분내 이동가능 거점":0,
            "1시간내 이동가능 거점":10,
            "교통총점":42.0,
            "백화점":0,
            "아울렛몰":0,
            "대형마트":80,
            "은행":20,
            "병원":60,
            "종합병원":0,
            "공원":0,
            "혐오시설":0,
            "인프라총점":20.0,
            "초등학군":91.43,
            "중학군":33.66,
            "학군총점":45.214,
            "인구수":51.2,
            "인구증감":30.12,
            "인구총점":44.876,
            "일자리":25.4,
            "소득수준":52.54,
            "일자리총점":33.542,
            "가치 총점":30.2821,
            "매매실거래년":20211210.0,
            "매매실거래가":18700.0,
            "전세실거래년":20210923.0,
            "전세실거래가":12000.0,
            "전세가율":81.63,
            "장기전세가율평균":70.05,
            "전세가율거품지수":-11.58,
            "검색코드":13486,
            "세대수":138.0,
            "준공년월":"1996-12-07",
            "준공년차":27.0,
            "가까운역이름":"문산",
            "가까운역거리":364.74,
            "역세권여부":"역세권",
            "30분이내주요거점역":0,
            "1시간이내주요거점역":1,
            "3km이내백화점수":0,
            "5km이내아울렛몰수":0,
            "1km이내대형먀트수":1,
            "500m이내은행수":2,
            "500m이내병원수":23,
            "5km이내대형병원수":0,
            "500m이내공원수":0,
            "3km이내혐오시설수":0,
            "초등학교학업성취도":91.43,
            "중학교학업성취도":56.1,
            "용적률":0,
            "건폐율":0,
            "Y":37.85395,
            "X":126.78398,
            "rank":82.0,
            "area_info":"22평(75.11), 23평(78.47), 31평(105.56), 33평(110.29)",
            "last_sales":"2021-12-10,18700.0,31평(105.56)"
        },
        {
            "index":613,
            "아파트명":"엘크루가람마을5단지",
            "투자타입":"일반",
            "전용면적(m2)":"99.72",
            "전용면적(평)":"30평",
            "법정동주소":"경기도 파주시 와동동 1332",
            "도로명주소":"경기도 파주시 가람로116번길 40",
            "세대수":80,
            "입주년차":80,
            "용적률점수":"--",
            "건폐율점수":"--",
            "세대당주차수":30,
            "난방방식":100,
            "공급면적":"--",
            "전용률":"--",
            "욕실수":100,
            "현관타입":100,
            "주거총점":78.5,
            "지역구공급총점":0.0,
            "역세권":0,
            "30분내 이동가능 거점":0,
            "1시간내 이동가능 거점":10,
            "교통총점":2.0,
            "백화점":0,
            "아울렛몰":0,
            "대형마트":0,
            "은행":0,
            "병원":0,
            "종합병원":80,
            "공원":100,
            "혐오시설":-100,
            "인프라총점":17.0,
            "초등학군":86.69,
            "중학군":48.36,
            "학군총점":56.026,
            "인구수":51.2,
            "인구증감":30.12,
            "인구총점":44.876,
            "일자리":25.4,
            "소득수준":52.54,
            "일자리총점":33.542,
            "가치 총점":29.9039,
            "매매실거래년":20210215.0,
            "매매실거래가":21440.0,
            "전세실거래년":20201006.0,
            "전세실거래가":25000.0,
            "전세가율":116.6,
            "장기전세가율평균":70.05,
            "전세가율거품지수":-46.55,
            "검색코드":133444,
            "세대수":821.0,
            "준공년월":"2014-05-21",
            "준공년차":9.0,
            "가까운역이름":"운정",
            "가까운역거리":1078.26,
            "역세권여부":"비역세권",
            "30분이내주요거점역":0,
            "1시간이내주요거점역":1,
            "3km이내백화점수":0,
            "5km이내아울렛몰수":0,
            "1km이내대형먀트수":0,
            "500m이내은행수":0,
            "500m이내병원수":1,
            "5km이내대형병원수":1,
            "500m이내공원수":3,
            "3km이내혐오시설수":2,
            "초등학교학업성취도":86.69,
            "중학교학업성취도":79.4,
            "용적률":176,
            "건폐율":15,
            "Y":37.734894,
            "X":126.762913,
            "rank":83.0,
            "area_info":"30평(99.72), 30평(99.88), 34평(113.27), 34평(113.3), 34평(113.31)",
            "last_sales":"2021-02-15,21440.0,30평(99.72)"
        },
        {
            "index":140,
            "아파트명":"운정신도시파크푸르지오",
            "투자타입":"일반",
            "전용면적(m2)":"79.58",
            "전용면적(평)":"24평",
            "법정동주소":"경기도 파주시 다율동 운정3지구 A14블록",
            "도로명주소":"경기도 파주시",
            "세대수":80,
            "입주년차":100,
            "용적률점수":"--",
            "건폐율점수":"--",
            "세대당주차수":60,
            "난방방식":100,
            "공급면적":"--",
            "전용률":"--",
            "욕실수":100,
            "현관타입":100,
            "주거총점":87.0,
            "지역구공급총점":0.0,
            "역세권":0,
            "30분내 이동가능 거점":0,
            "1시간내 이동가능 거점":10,
            "교통총점":2.0,
            "백화점":0,
            "아울렛몰":100,
            "대형마트":0,
            "은행":0,
            "병원":0,
            "종합병원":0,
            "공원":0,
            "혐오시설":0,
            "인프라총점":10.0,
            "초등학군":98.42,
            "중학군":48.36,
            "학군총점":58.372,
            "인구수":51.2,
            "인구증감":30.12,
            "인구총점":44.876,
            "일자리":25.4,
            "소득수준":52.54,
            "일자리총점":33.542,
            "가치 총점":29.8558,
            "매매실거래년":"18000101",
            "매매실거래가":null,
            "전세실거래년":null,
            "전세실거래가":null,
            "전세가율":null,
            "장기전세가율평균":70.05,
            "전세가율거품지수":null,
            "검색코드":126347,
            "세대수":710.0,
            "준공년월":"2021-12-01",
            "준공년차":2.0,
            "가까운역이름":"운정",
            "가까운역거리":3653.44,
            "역세권여부":"비역세권",
            "30분이내주요거점역":0,
            "1시간이내주요거점역":1,
            "3km이내백화점수":0,
            "5km이내아울렛몰수":2,
            "1km이내대형먀트수":0,
            "500m이내은행수":0,
            "500m이내병원수":0,
            "5km이내대형병원수":0,
            "500m이내공원수":0,
            "3km이내혐오시설수":0,
            "초등학교학업성취도":98.42,
            "중학교학업성취도":79.4,
            "용적률":0,
            "건폐율":0,
            "Y":37.736219,
            "X":126.727847,
            "rank":84.0,
            "area_info":"24평(79.58), 24평(79.48), 24평(80.73), 33평(111.48), 33평(112.1), 33평(112.3)",
            "last_sales":"1800-01-01,nan,24평(79.58)"
        },
        {
            "index":52,
            "아파트명":"동문1차",
            "투자타입":"일반",
            "전용면적(m2)":"82.51",
            "전용면적(평)":"24평",
            "법정동주소":"경기도 파주시 금촌동 11-7",
            "도로명주소":"경기도 파주시 정담길 90",
            "세대수":0,
            "입주년차":0,
            "용적률점수":"--",
            "건폐율점수":"--",
            "세대당주차수":0,
            "난방방식":30,
            "공급면적":"--",
            "전용률":"--",
            "욕실수":50,
            "현관타입":10,
            "주거총점":9.0,
            "지역구공급총점":0.0,
            "역세권":50,
            "30분내 이동가능 거점":0,
            "1시간내 이동가능 거점":20,
            "교통총점":29.0,
            "백화점":0,
            "아울렛몰":0,
            "대형마트":80,
            "은행":0,
            "병원":30,
            "종합병원":80,
            "공원":80,
            "혐오시설":0,
            "인프라총점":33.4,
            "초등학군":85.68,
            "중학군":43.38,
            "학군총점":51.84,
            "인구수":51.2,
            "인구증감":30.12,
            "인구총점":44.876,
            "일자리":25.4,
            "소득수준":52.54,
            "일자리총점":33.542,
            "가치 총점":29.746,
            "매매실거래년":20220110.0,
            "매매실거래가":27000.0,
            "전세실거래년":20211110.0,
            "전세실거래가":14650.0,
            "전세가율":91.56,
            "장기전세가율평균":70.05,
            "전세가율거품지수":-21.51,
            "검색코드":11525,
            "세대수":244.0,
            "준공년월":"1993-08-28",
            "준공년차":30.0,
            "가까운역이름":"금촌",
            "가까운역거리":547.16,
            "역세권여부":"준역세권",
            "30분이내주요거점역":0,
            "1시간이내주요거점역":2,
            "3km이내백화점수":0,
            "5km이내아울렛몰수":0,
            "1km이내대형먀트수":1,
            "500m이내은행수":0,
            "500m이내병원수":6,
            "5km이내대형병원수":1,
            "500m이내공원수":1,
            "3km이내혐오시설수":0,
            "초등학교학업성취도":85.68,
            "중학교학업성취도":71.7,
            "용적률":276,
            "건폐율":24,
            "Y":37.7711,
            "X":126.773875,
            "rank":85.0,
            "area_info":"24평(82.51), 25평(84.18), 29평(97.04), 31평(105.09), 31평(105.61), 32평(106.32), 42평(139.22), 46평(153.32), 47평(158.01), 58평(193.41)",
            "last_sales":"2022-01-10,27000.0,42평(139.22)"
        },
        {
            "index":182,
            "아파트명":"책향기마을15단지상록데시앙",
            "투자타입":"일반",
            "전용면적(m2)":"104.58",
            "전용면적(평)":"31평",
            "법정동주소":"경기도 파주시 동패동 1708",
            "도로명주소":"경기도 파주시 책향기로 183",
            "세대수":50,
            "입주년차":40,
            "용적률점수":"--",
            "건폐율점수":"--",
            "세대당주차수":30,
            "난방방식":100,
            "공급면적":"--",
            "전용률":"--",
            "욕실수":100,
            "현관타입":100,
            "주거총점":60.0,
            "지역구공급총점":0.0,
            "역세권":0,
            "30분내 이동가능 거점":0,
            "1시간내 이동가능 거점":10,
            "교통총점":2.0,
            "백화점":0,
            "아울렛몰":80,
            "대형마트":80,
            "은행":0,
            "병원":30,
            "종합병원":0,
            "공원":100,
            "혐오시설":0,
            "인프라총점":26.0,
            "초등학군":84.37,
            "중학군":52.2,
            "학군총점":58.634,
            "인구수":51.2,
            "인구증감":30.12,
            "인구총점":44.876,
            "일자리":25.4,
            "소득수준":52.54,
            "일자리총점":33.542,
            "가치 총점":29.2951,
            "매매실거래년":20211115.0,
            "매매실거래가":57250.0,
            "전세실거래년":null,
            "전세실거래가":null,
            "전세가율":null,
            "장기전세가율평균":70.05,
            "전세가율거품지수":null,
            "검색코드":25534,
            "세대수":644.0,
            "준공년월":"2007-03-27",
            "준공년차":16.0,
            "가까운역이름":"야당",
            "가까운역거리":3651.73,
            "역세권여부":"비역세권",
            "30분이내주요거점역":0,
            "1시간이내주요거점역":1,
            "3km이내백화점수":0,
            "5km이내아울렛몰수":1,
            "1km이내대형먀트수":1,
            "500m이내은행수":1,
            "500m이내병원수":8,
            "5km이내대형병원수":0,
            "500m이내공원수":4,
            "3km이내혐오시설수":0,
            "초등학교학업성취도":84.37,
            "중학교학업성취도":85.2,
            "용적률":176,
            "건폐율":15,
            "Y":37.721593,
            "X":126.721527,
            "rank":86.0,
            "area_info":"31평(104.58), 33평(111.1)",
            "last_sales":"2021-11-15,57250.0,33평(111.1)"
        },
        {
            "index":448,
            "아파트명":"장안미우5차",
            "투자타입":"일반",
            "전용면적(m2)":"84.32",
            "전용면적(평)":"25평",
            "법정동주소":"경기도 파주시 아동동 339",
            "도로명주소":"경기도 파주시 마무리길 22",
            "세대수":0,
            "입주년차":0,
            "용적률점수":"--",
            "건폐율점수":"--",
            "세대당주차수":0,
            "난방방식":30,
            "공급면적":"--",
            "전용률":"--",
            "욕실수":50,
            "현관타입":10,
            "주거총점":9.0,
            "지역구공급총점":0.0,
            "역세권":50,
            "30분내 이동가능 거점":0,
            "1시간내 이동가능 거점":10,
            "교통총점":27.0,
            "백화점":0,
            "아울렛몰":0,
            "대형마트":0,
            "은행":70,
            "병원":60,
            "종합병원":80,
            "공원":100,
            "혐오시설":0,
            "인프라총점":32.0,
            "초등학군":86.65,
            "중학군":48.36,
            "학군총점":56.018,
            "인구수":51.2,
            "인구증감":30.12,
            "인구총점":44.876,
            "일자리":25.4,
            "소득수준":52.54,
            "일자리총점":33.542,
            "가치 총점":29.2527,
            "매매실거래년":20211023.0,
            "매매실거래가":16000.0,
            "전세실거래년":20211220.0,
            "전세실거래가":13000.0,
            "전세가율":81.25,
            "장기전세가율평균":70.05,
            "전세가율거품지수":-11.2,
            "검색코드":10334,
            "세대수":206.0,
            "준공년월":"1997-09-25",
            "준공년차":26.0,
            "가까운역이름":"금촌",
            "가까운역거리":647.41,
            "역세권여부":"준역세권",
            "30분이내주요거점역":0,
            "1시간이내주요거점역":1,
            "3km이내백화점수":0,
            "5km이내아울렛몰수":0,
            "1km이내대형먀트수":0,
            "500m이내은행수":3,
            "500m이내병원수":27,
            "5km이내대형병원수":1,
            "500m이내공원수":4,
            "3km이내혐오시설수":0,
            "초등학교학업성취도":86.65,
            "중학교학업성취도":79.4,
            "용적률":0,
            "건폐율":0,
            "Y":37.761255,
            "X":126.778497,
            "rank":87.0,
            "area_info":"25평(84.32), 31평(103.73), 48평(161.41)",
            "last_sales":"2021-10-23,16000.0,25평(84.32)"
        },
        {
            "index":76,
            "아파트명":"두보1차",
            "투자타입":"일반",
            "전용면적(m2)":"86.06",
            "전용면적(평)":"26평",
            "법정동주소":"경기도 파주시 금촌동 234-17",
            "도로명주소":"경기도 파주시 한마음2길 5",
            "세대수":0,
            "입주년차":0,
            "용적률점수":"--",
            "건폐율점수":"--",
            "세대당주차수":0,
            "난방방식":30,
            "공급면적":"--",
            "전용률":"--",
            "욕실수":50,
            "현관타입":10,
            "주거총점":9.0,
            "지역구공급총점":0.0,
            "역세권":50,
            "30분내 이동가능 거점":0,
            "1시간내 이동가능 거점":10,
            "교통총점":27.0,
            "백화점":0,
            "아울렛몰":0,
            "대형마트":0,
            "은행":70,
            "병원":60,
            "종합병원":80,
            "공원":100,
            "혐오시설":0,
            "인프라총점":32.0,
            "초등학군":85.07,
            "중학군":48.36,
            "학군총점":55.702,
            "인구수":51.2,
            "인구증감":30.12,
            "인구총점":44.876,
            "일자리":25.4,
            "소득수준":52.54,
            "일자리총점":33.542,
            "가치 총점":29.2053,
            "매매실거래년":20211126.0,
            "매매실거래가":16500.0,
            "전세실거래년":20211210.0,
            "전세실거래가":15000.0,
            "전세가율":90.91,
            "장기전세가율평균":70.05,
            "전세가율거품지수":-20.86,
            "검색코드":11617,
            "세대수":198.0,
            "준공년월":"1994-11-30",
            "준공년차":29.0,
            "가까운역이름":"금릉",
            "가까운역거리":781.6,
            "역세권여부":"준역세권",
            "30분이내주요거점역":0,
            "1시간이내주요거점역":1,
            "3km이내백화점수":0,
            "5km이내아울렛몰수":0,
            "1km이내대형먀트수":0,
            "500m이내은행수":3,
            "500m이내병원수":18,
            "5km이내대형병원수":1,
            "500m이내공원수":7,
            "3km이내혐오시설수":0,
            "초등학교학업성취도":85.07,
            "중학교학업성취도":79.4,
            "용적률":0,
            "건폐율":0,
            "Y":37.755962,
            "X":126.772025,
            "rank":88.0,
            "area_info":"26평(86.06), 36평(119.56)",
            "last_sales":"2021-11-26,16500.0,26평(86.06)"
        },
        {
            "index":45,
            "아파트명":"대영장미",
            "투자타입":"일반",
            "전용면적(m2)":"77.43",
            "전용면적(평)":"23평",
            "법정동주소":"경기도 파주시 금촌동 230-1",
            "도로명주소":"경기도 파주시 황골로 26",
            "세대수":0,
            "입주년차":0,
            "용적률점수":"--",
            "건폐율점수":"--",
            "세대당주차수":0,
            "난방방식":30,
            "공급면적":"--",
            "전용률":"--",
            "욕실수":50,
            "현관타입":10,
            "주거총점":9.0,
            "지역구공급총점":0.0,
            "역세권":50,
            "30분내 이동가능 거점":0,
            "1시간내 이동가능 거점":10,
            "교통총점":27.0,
            "백화점":0,
            "아울렛몰":0,
            "대형마트":0,
            "은행":70,
            "병원":60,
            "종합병원":80,
            "공원":100,
            "혐오시설":0,
            "인프라총점":32.0,
            "초등학군":85.07,
            "중학군":48.36,
            "학군총점":55.702,
            "인구수":51.2,
            "인구증감":30.12,
            "인구총점":44.876,
            "일자리":25.4,
            "소득수준":52.54,
            "일자리총점":33.542,
            "가치 총점":29.2053,
            "매매실거래년":20211110.0,
            "매매실거래가":20700.0,
            "전세실거래년":20211103.0,
            "전세실거래가":13650.0,
            "전세가율":65.94,
            "장기전세가율평균":70.05,
            "전세가율거품지수":4.11,
            "검색코드":11610,
            "세대수":244.0,
            "준공년월":"1994-11-29",
            "준공년차":29.0,
            "가까운역이름":"금릉",
            "가까운역거리":738.07,
            "역세권여부":"준역세권",
            "30분이내주요거점역":0,
            "1시간이내주요거점역":1,
            "3km이내백화점수":0,
            "5km이내아울렛몰수":0,
            "1km이내대형먀트수":0,
            "500m이내은행수":3,
            "500m이내병원수":26,
            "5km이내대형병원수":1,
            "500m이내공원수":7,
            "3km이내혐오시설수":0,
            "초등학교학업성취도":85.07,
            "중학교학업성취도":79.4,
            "용적률":0,
            "건폐율":0,
            "Y":37.75526,
            "X":126.772105,
            "rank":88.0,
            "area_info":"23평(77.43), 31평(104.5)",
            "last_sales":"2021-11-10,20700.0,23평(77.43)"
        },
        {
            "index":389,
            "아파트명":"장안8차",
            "투자타입":"일반",
            "전용면적(m2)":"95.57",
            "전용면적(평)":"28평",
            "법정동주소":"경기도 파주시 문산읍 문산리 97",
            "도로명주소":"경기도 파주시 독산로 11",
            "세대수":30,
            "입주년차":20,
            "용적률점수":"--",
            "건폐율점수":"--",
            "세대당주차수":30,
            "난방방식":30,
            "공급면적":"--",
            "전용률":"--",
            "욕실수":100,
            "현관타입":100,
            "주거총점":42.0,
            "지역구공급총점":0.0,
            "역세권":50,
            "30분내 이동가능 거점":0,
            "1시간내 이동가능 거점":0,
            "교통총점":25.0,
            "백화점":0,
            "아울렛몰":0,
            "대형마트":80,
            "은행":0,
            "병원":60,
            "종합병원":0,
            "공원":0,
            "혐오시설":0,
            "인프라총점":18.0,
            "초등학군":84.34,
            "중학군":33.66,
            "학군총점":43.796,
            "인구수":51.2,
            "인구증감":30.12,
            "인구총점":44.876,
            "일자리":25.4,
            "소득수준":52.54,
            "일자리총점":33.542,
            "가치 총점":29.1194,
            "매매실거래년":20210323.0,
            "매매실거래가":24900.0,
            "전세실거래년":20190326.0,
            "전세실거래가":7000.0,
            "전세가율":43.75,
            "장기전세가율평균":70.05,
            "전세가율거품지수":26.3,
            "검색코드":9051,
            "세대수":368.0,
            "준공년월":"2003-04-23",
            "준공년차":20.0,
            "가까운역이름":"문산",
            "가까운역거리":842.33,
            "역세권여부":"준역세권",
            "30분이내주요거점역":0,
            "1시간이내주요거점역":0,
            "3km이내백화점수":0,
            "5km이내아울렛몰수":0,
            "1km이내대형먀트수":1,
            "500m이내은행수":0,
            "500m이내병원수":10,
            "5km이내대형병원수":0,
            "500m이내공원수":0,
            "3km이내혐오시설수":0,
            "초등학교학업성취도":84.34,
            "중학교학업성취도":56.1,
            "용적률":246,
            "건폐율":20,
            "Y":37.85845,
            "X":126.77977,
            "rank":89.0,
            "area_info":"28평(95.57), 33평(110.28), 43평(143.48), 50평(165.45)",
            "last_sales":"2021-03-23,24900.0,50평(165.45)"
        },
        {
            "index":640,
            "아파트명":"미림",
            "투자타입":"재건축",
            "전용면적(m2)":"64.44",
            "전용면적(평)":"19평",
            "법정동주소":"경기도 파주시 조리읍 봉일천리 237-1",
            "도로명주소":"경기도 파주시 두루봉로 13",
            "세대수":0,
            "입주년차":"--",
            "용적률점수":100,
            "건폐율점수":80,
            "세대당주차수":"--",
            "난방방식":"--",
            "공급면적":50,
            "전용률":60,
            "욕실수":"--",
            "현관타입":"--",
            "주거총점":61.5,
            "지역구공급총점":0.0,
            "역세권":0,
            "30분내 이동가능 거점":0,
            "1시간내 이동가능 거점":0,
            "교통총점":0.0,
            "백화점":0,
            "아울렛몰":0,
            "대형마트":0,
            "은행":0,
            "병원":60,
            "종합병원":80,
            "공원":100,
            "혐오시설":0,
            "인프라총점":25.0,
            "초등학군":90.55,
            "중학군":48.58,
            "학군총점":56.974,
            "인구수":51.2,
            "인구증감":30.12,
            "인구총점":44.876,
            "일자리":25.4,
            "소득수준":52.54,
            "일자리총점":33.542,
            "가치 총점":28.3461,
            "매매실거래년":20220111.0,
            "매매실거래가":8300.0,
            "전세실거래년":20210912.0,
            "전세실거래가":6000.0,
            "전세가율":72.29,
            "장기전세가율평균":70.05,
            "전세가율거품지수":-2.24,
            "검색코드":10952,
            "세대수":187.0,
            "준공년월":"1989-06-02",
            "준공년차":34.0,
            "가까운역이름":"금촌",
            "가까운역거리":3789.86,
            "역세권여부":"비역세권",
            "30분이내주요거점역":0,
            "1시간이내주요거점역":0,
            "3km이내백화점수":0,
            "5km이내아울렛몰수":0,
            "1km이내대형먀트수":0,
            "500m이내은행수":1,
            "500m이내병원수":13,
            "5km이내대형병원수":1,
            "500m이내공원수":3,
            "3km이내혐오시설수":0,
            "초등학교학업성취도":90.55,
            "중학교학업성취도":79.9,
            "용적률":146,
            "건폐율":29,
            "Y":37.74584,
            "X":126.8092,
            "rank":90.0,
            "area_info":"19평(64.44), 22평(74.87), 23평(77.08), 27평(91.3)",
            "last_sales":"2022-01-11,8300.0,19평(64.44)"
        },
        {
            "index":663,
            "아파트명":"파주푸르지오",
            "투자타입":"일반",
            "전용면적(m2)":"110.19",
            "전용면적(평)":"33평",
            "법정동주소":"경기도 파주시 조리읍 봉일천리 269",
            "도로명주소":"경기도 파주시 내산길 55",
            "세대수":50,
            "입주년차":60,
            "용적률점수":"--",
            "건폐율점수":"--",
            "세대당주차수":60,
            "난방방식":30,
            "공급면적":"--",
            "전용률":"--",
            "욕실수":100,
            "현관타입":100,
            "주거총점":61.5,
            "지역구공급총점":0.0,
            "역세권":0,
            "30분내 이동가능 거점":0,
            "1시간내 이동가능 거점":0,
            "교통총점":0.0,
            "백화점":0,
            "아울렛몰":0,
            "대형마트":0,
            "은행":0,
            "병원":60,
            "종합병원":80,
            "공원":100,
            "혐오시설":0,
            "인프라총점":25.0,
            "초등학군":90.55,
            "중학군":48.58,
            "학군총점":56.974,
            "인구수":51.2,
            "인구증감":30.12,
            "인구총점":44.876,
            "일자리":25.4,
            "소득수준":52.54,
            "일자리총점":33.542,
            "가치 총점":28.3461,
            "매매실거래년":20211217.0,
            "매매실거래가":39400.0,
            "전세실거래년":20211129.0,
            "전세실거래가":29000.0,
            "전세가율":69.05,
            "장기전세가율평균":70.05,
            "전세가율거품지수":1.0,
            "검색코드":101691,
            "세대수":450.0,
            "준공년월":"2010-04-29",
            "준공년차":13.0,
            "가까운역이름":"금촌",
            "가까운역거리":3664.59,
            "역세권여부":"비역세권",
            "30분이내주요거점역":0,
            "1시간이내주요거점역":0,
            "3km이내백화점수":0,
            "5km이내아울렛몰수":0,
            "1km이내대형먀트수":0,
            "500m이내은행수":1,
            "500m이내병원수":13,
            "5km이내대형병원수":1,
            "500m이내공원수":2,
            "3km이내혐오시설수":0,
            "초등학교학업성취도":90.55,
            "중학교학업성취도":79.9,
            "용적률":178,
            "건폐율":17,
            "Y":37.747511,
            "X":126.808963,
            "rank":90.0,
            "area_info":"33평(110.19), 33평(110.25), 47평(157.29), 48평(160.42), 58평(192.88)",
            "last_sales":"2021-12-17,39400.0,33평(110.25)"
        },
        {
            "index":629,
            "아파트명":"그린시티동문",
            "투자타입":"일반",
            "전용면적(m2)":"106.37",
            "전용면적(평)":"32평",
            "법정동주소":"경기도 파주시 조리읍 대원리 218",
            "도로명주소":"경기도 파주시 대원로 56",
            "세대수":100,
            "입주년차":20,
            "용적률점수":"--",
            "건폐율점수":"--",
            "세대당주차수":60,
            "난방방식":30,
            "공급면적":"--",
            "전용률":"--",
            "욕실수":100,
            "현관타입":100,
            "주거총점":71.0,
            "지역구공급총점":0.0,
            "역세권":0,
            "30분내 이동가능 거점":0,
            "1시간내 이동가능 거점":0,
            "교통총점":0.0,
            "백화점":0,
            "아울렛몰":0,
            "대형마트":0,
            "은행":0,
            "병원":10,
            "종합병원":80,
            "공원":0,
            "혐오시설":0,
            "인프라총점":17.0,
            "초등학군":86.08,
            "중학군":48.58,
            "학군총점":56.08,
            "인구수":51.2,
            "인구증감":30.12,
            "인구총점":44.876,
            "일자리":25.4,
            "소득수준":52.54,
            "일자리총점":33.542,
            "가치 총점":27.712,
            "매매실거래년":20220107.0,
            "매매실거래가":42000.0,
            "전세실거래년":20211227.0,
            "전세실거래가":24000.0,
            "전세가율":81.63,
            "장기전세가율평균":70.05,
            "전세가율거품지수":-11.58,
            "검색코드":9003,
            "세대수":1759.0,
            "준공년월":"2000-09-30",
            "준공년차":23.0,
            "가까운역이름":"운정",
            "가까운역거리":4287.04,
            "역세권여부":"비역세권",
            "30분이내주요거점역":0,
            "1시간이내주요거점역":0,
            "3km이내백화점수":0,
            "5km이내아울렛몰수":0,
            "1km이내대형먀트수":0,
            "500m이내은행수":0,
            "500m이내병원수":2,
            "5km이내대형병원수":1,
            "500m이내공원수":0,
            "3km이내혐오시설수":0,
            "초등학교학업성취도":86.08,
            "중학교학업성취도":79.9,
            "용적률":0,
            "건폐율":0,
            "Y":37.727553,
            "X":126.815953,
            "rank":91.0,
            "area_info":"32평(106.37), 37평(124.93), 48평(160.87), 51평(169.29), 63평(210.87), 73평(243.93)",
            "last_sales":"2022-01-07,42000.0,73평(243.93)"
        },
        {
            "index":364,
            "아파트명":"양우내안애1단지",
            "투자타입":"일반",
            "전용면적(m2)":"112.56",
            "전용면적(평)":"34평",
            "법정동주소":"경기도 파주시 문산읍 선유리 1353",
            "도로명주소":"경기도 파주시 사임당로 11",
            "세대수":0,
            "입주년차":40,
            "용적률점수":"--",
            "건폐율점수":"--",
            "세대당주차수":30,
            "난방방식":30,
            "공급면적":"--",
            "전용률":"--",
            "욕실수":100,
            "현관타입":100,
            "주거총점":35.5,
            "지역구공급총점":0.0,
            "역세권":50,
            "30분내 이동가능 거점":0,
            "1시간내 이동가능 거점":0,
            "교통총점":25.0,
            "백화점":0,
            "아울렛몰":0,
            "대형마트":80,
            "은행":0,
            "병원":0,
            "종합병원":0,
            "공원":80,
            "혐오시설":0,
            "인프라총점":14.4,
            "초등학군":87.75,
            "중학군":35.94,
            "학군총점":46.302,
            "인구수":51.2,
            "인구증감":30.12,
            "인구총점":44.876,
            "일자리":25.4,
            "소득수준":52.54,
            "일자리총점":33.542,
            "가치 총점":27.1153,
            "매매실거래년":20211103.0,
            "매매실거래가":19000.0,
            "전세실거래년":20211022.0,
            "전세실거래가":16000.0,
            "전세가율":84.21,
            "장기전세가율평균":70.05,
            "전세가율거품지수":-14.16,
            "검색코드":100437,
            "세대수":150.0,
            "준공년월":"2007-04-02",
            "준공년차":16.0,
            "가까운역이름":"문산",
            "가까운역거리":854.76,
            "역세권여부":"준역세권",
            "30분이내주요거점역":0,
            "1시간이내주요거점역":0,
            "3km이내백화점수":0,
            "5km이내아울렛몰수":0,
            "1km이내대형먀트수":1,
            "500m이내은행수":1,
            "500m이내병원수":0,
            "5km이내대형병원수":0,
            "500m이내공원수":1,
            "3km이내혐오시설수":0,
            "초등학교학업성취도":87.75,
            "중학교학업성취도":59.9,
            "용적률":168,
            "건폐율":14,
            "Y":37.86026,
            "X":126.794661,
            "rank":92.0,
            "area_info":"34평(112.56)",
            "last_sales":"2021-11-03,19000.0,34평(112.56)"
        },
        {
            "index":365,
            "아파트명":"양우내안애2단지",
            "투자타입":"일반",
            "전용면적(m2)":"112.72",
            "전용면적(평)":"34평",
            "법정동주소":"경기도 파주시 문산읍 선유리 1356",
            "도로명주소":"경기도 파주시 사임당로 11",
            "세대수":0,
            "입주년차":40,
            "용적률점수":"--",
            "건폐율점수":"--",
            "세대당주차수":30,
            "난방방식":30,
            "공급면적":"--",
            "전용률":"--",
            "욕실수":100,
            "현관타입":100,
            "주거총점":35.5,
            "지역구공급총점":0.0,
            "역세권":50,
            "30분내 이동가능 거점":0,
            "1시간내 이동가능 거점":0,
            "교통총점":25.0,
            "백화점":0,
            "아울렛몰":0,
            "대형마트":80,
            "은행":0,
            "병원":0,
            "종합병원":0,
            "공원":80,
            "혐오시설":0,
            "인프라총점":14.4,
            "초등학군":87.75,
            "중학군":35.94,
            "학군총점":46.302,
            "인구수":51.2,
            "인구증감":30.12,
            "인구총점":44.876,
            "일자리":25.4,
            "소득수준":52.54,
            "일자리총점":33.542,
            "가치 총점":27.1153,
            "매매실거래년":20220111.0,
            "매매실거래가":23800.0,
            "전세실거래년":20211103.0,
            "전세실거래가":20000.0,
            "전세가율":84.03,
            "장기전세가율평균":70.05,
            "전세가율거품지수":-13.98,
            "검색코드":100438,
            "세대수":132.0,
            "준공년월":"2007-04-02",
            "준공년차":16.0,
            "가까운역이름":"문산",
            "가까운역거리":865.11,
            "역세권여부":"준역세권",
            "30분이내주요거점역":0,
            "1시간이내주요거점역":0,
            "3km이내백화점수":0,
            "5km이내아울렛몰수":0,
            "1km이내대형먀트수":1,
            "500m이내은행수":1,
            "500m이내병원수":0,
            "5km이내대형병원수":0,
            "500m이내공원수":1,
            "3km이내혐오시설수":0,
            "초등학교학업성취도":87.75,
            "중학교학업성취도":59.9,
            "용적률":171,
            "건폐율":17,
            "Y":37.859362,
            "X":126.795858,
            "rank":92.0,
            "area_info":"34평(112.72)",
            "last_sales":"2022-01-11,23800.0,34평(112.72)"
        },
        {
            "index":315,
            "아파트명":"숲속길마을3단지동문굿모닝힐",
            "투자타입":"일반",
            "전용면적(m2)":"106.34",
            "전용면적(평)":"32평",
            "법정동주소":"경기도 파주시 문발동 560",
            "도로명주소":"경기도 파주시 책향기로 337",
            "세대수":30,
            "입주년차":40,
            "용적률점수":"--",
            "건폐율점수":"--",
            "세대당주차수":30,
            "난방방식":100,
            "공급면적":"--",
            "전용률":"--",
            "욕실수":100,
            "현관타입":100,
            "주거총점":53.0,
            "지역구공급총점":0.0,
            "역세권":0,
            "30분내 이동가능 거점":0,
            "1시간내 이동가능 거점":10,
            "교통총점":2.0,
            "백화점":0,
            "아울렛몰":80,
            "대형마트":80,
            "은행":0,
            "병원":10,
            "종합병원":0,
            "공원":100,
            "혐오시설":0,
            "인프라총점":24.0,
            "초등학군":88.03,
            "중학군":48.06,
            "학군총점":56.054,
            "인구수":51.2,
            "인구증감":30.12,
            "인구총점":44.876,
            "일자리":25.4,
            "소득수준":52.54,
            "일자리총점":33.542,
            "가치 총점":26.9081,
            "매매실거래년":20211218.0,
            "매매실거래가":41000.0,
            "전세실거래년":20210917.0,
            "전세실거래가":28000.0,
            "전세가율":82.35,
            "장기전세가율평균":70.05,
            "전세가율거품지수":-12.3,
            "검색코드":17279,
            "세대수":382.0,
            "준공년월":"2005-12-19",
            "준공년차":18.0,
            "가까운역이름":"야당",
            "가까운역거리":4769.96,
            "역세권여부":"비역세권",
            "30분이내주요거점역":0,
            "1시간이내주요거점역":1,
            "3km이내백화점수":0,
            "5km이내아울렛몰수":1,
            "1km이내대형먀트수":1,
            "500m이내은행수":0,
            "500m이내병원수":2,
            "5km이내대형병원수":0,
            "500m이내공원수":6,
            "3km이내혐오시설수":0,
            "초등학교학업성취도":88.03,
            "중학교학업성취도":78.9,
            "용적률":159,
            "건폐율":18,
            "Y":37.724225,
            "X":126.709254,
            "rank":93.0,
            "area_info":"32평(106.34), 35평(118.99)",
            "last_sales":"2021-12-18,41000.0,35평(118.99)"
        },
        {
            "index":668,
            "아파트명":"한라",
            "투자타입":"일반",
            "전용면적(m2)":"112.48",
            "전용면적(평)":"34평",
            "법정동주소":"경기도 파주시 조리읍 대원리 992-1",
            "도로명주소":"경기도 파주시 능안로 37",
            "세대수":90,
            "입주년차":20,
            "용적률점수":"--",
            "건폐율점수":"--",
            "세대당주차수":60,
            "난방방식":30,
            "공급면적":"--",
            "전용률":"--",
            "욕실수":100,
            "현관타입":100,
            "주거총점":67.5,
            "지역구공급총점":0.0,
            "역세권":0,
            "30분내 이동가능 거점":0,
            "1시간내 이동가능 거점":0,
            "교통총점":0.0,
            "백화점":0,
            "아울렛몰":0,
            "대형마트":0,
            "은행":0,
            "병원":0,
            "종합병원":80,
            "공원":0,
            "혐오시설":0,
            "인프라총점":16.0,
            "초등학군":90.55,
            "중학군":48.58,
            "학군총점":56.974,
            "인구수":51.2,
            "인구증감":30.12,
            "인구총점":44.876,
            "일자리":25.4,
            "소득수준":52.54,
            "일자리총점":33.542,
            "가치 총점":26.8461,
            "매매실거래년":20211229.0,
            "매매실거래가":30500.0,
            "전세실거래년":20220105.0,
            "전세실거래가":25000.0,
            "전세가율":81.97,
            "장기전세가율평균":70.05,
            "전세가율거품지수":-11.92,
            "검색코드":10227,
            "세대수":1202.0,
            "준공년월":"2000-06-15",
            "준공년차":23.0,
            "가까운역이름":"금릉",
            "가까운역거리":3263.75,
            "역세권여부":"비역세권",
            "30분이내주요거점역":0,
            "1시간이내주요거점역":0,
            "3km이내백화점수":0,
            "5km이내아울렛몰수":0,
            "1km이내대형먀트수":0,
            "500m이내은행수":0,
            "500m이내병원수":0,
            "5km이내대형병원수":1,
            "500m이내공원수":0,
            "3km이내혐오시설수":0,
            "초등학교학업성취도":90.55,
            "중학교학업성취도":79.9,
            "용적률":227,
            "건폐율":18,
            "Y":37.741839,
            "X":126.800476,
            "rank":94.0,
            "area_info":"34평(112.48), 45평(150.27), 51평(171.85), 76평(254.17)",
            "last_sales":"2021-12-29,30500.0,34평(112.48)"
        },
        {
            "index":672,
            "아파트명":"효성해링턴플레이스",
            "투자타입":"일반",
            "전용면적(m2)":"81.9",
            "전용면적(평)":"24평",
            "법정동주소":"경기도 파주시 조리읍 봉일천리 301",
            "도로명주소":"경기도 파주시 소곡로 30",
            "세대수":50,
            "입주년차":80,
            "용적률점수":"--",
            "건폐율점수":"--",
            "세대당주차수":30,
            "난방방식":30,
            "공급면적":"--",
            "전용률":"--",
            "욕실수":100,
            "현관타입":100,
            "주거총점":61.0,
            "지역구공급총점":0.0,
            "역세권":0,
            "30분내 이동가능 거점":0,
            "1시간내 이동가능 거점":0,
            "교통총점":0.0,
            "백화점":0,
            "아울렛몰":0,
            "대형마트":0,
            "은행":0,
            "병원":10,
            "종합병원":80,
            "공원":80,
            "혐오시설":0,
            "인프라총점":19.4,
            "초등학군":90.55,
            "중학군":48.58,
            "학군총점":56.974,
            "인구수":51.2,
            "인구증감":30.12,
            "인구총점":44.876,
            "일자리":25.4,
            "소득수준":52.54,
            "일자리총점":33.542,
            "가치 총점":26.5661,
            "매매실거래년":20211220.0,
            "매매실거래가":38500.0,
            "전세실거래년":20211208.0,
            "전세실거래가":25000.0,
            "전세가율":80.13,
            "장기전세가율평균":70.05,
            "전세가율거품지수":-10.08,
            "검색코드":113049,
            "세대수":490.0,
            "준공년월":"2018-02-21",
            "준공년차":5.0,
            "가까운역이름":"금촌",
            "가까운역거리":4305.89,
            "역세권여부":"비역세권",
            "30분이내주요거점역":0,
            "1시간이내주요거점역":0,
            "3km이내백화점수":0,
            "5km이내아울렛몰수":0,
            "1km이내대형먀트수":0,
            "500m이내은행수":1,
            "500m이내병원수":4,
            "5km이내대형병원수":1,
            "500m이내공원수":1,
            "3km이내혐오시설수":0,
            "초등학교학업성취도":90.55,
            "중학교학업성취도":79.9,
            "용적률":207,
            "건폐율":18,
            "Y":37.743506,
            "X":126.814314,
            "rank":95.0,
            "area_info":"24평(81.9), 24평(82.08), 29평(97.6)",
            "last_sales":"2021-12-20,38500.0,29평(97.6)"
        },
        {
            "index":333,
            "아파트명":"문산호수",
            "투자타입":"일반",
            "전용면적(m2)":"48.26",
            "전용면적(평)":"14평",
            "법정동주소":"경기도 파주시 문산읍 문산리 10-93",
            "도로명주소":"경기도 파주시 문산로26번길 13",
            "세대수":30,
            "입주년차":0,
            "용적률점수":"--",
            "건폐율점수":"--",
            "세대당주차수":0,
            "난방방식":30,
            "공급면적":"--",
            "전용률":"--",
            "욕실수":50,
            "현관타입":10,
            "주거총점":19.5,
            "지역구공급총점":0.0,
            "역세권":50,
            "30분내 이동가능 거점":0,
            "1시간내 이동가능 거점":10,
            "교통총점":27.0,
            "백화점":0,
            "아울렛몰":0,
            "대형마트":80,
            "은행":20,
            "병원":60,
            "종합병원":0,
            "공원":0,
            "혐오시설":0,
            "인프라총점":20.0,
            "초등학군":91.43,
            "중학군":33.66,
            "학군총점":45.214,
            "인구수":51.2,
            "인구증감":30.12,
            "인구총점":44.876,
            "일자리":25.4,
            "소득수준":52.54,
            "일자리총점":33.542,
            "가치 총점":26.1321,
            "매매실거래년":20210906.0,
            "매매실거래가":20000.0,
            "전세실거래년":20170921.0,
            "전세실거래가":7000.0,
            "전세가율":75.27,
            "장기전세가율평균":70.05,
            "전세가율거품지수":-5.22,
            "검색코드":13348,
            "세대수":336.0,
            "준공년월":"1995-06-26",
            "준공년차":28.0,
            "가까운역이름":"문산",
            "가까운역거리":570.28,
            "역세권여부":"준역세권",
            "30분이내주요거점역":0,
            "1시간이내주요거점역":1,
            "3km이내백화점수":0,
            "5km이내아울렛몰수":0,
            "1km이내대형먀트수":1,
            "500m이내은행수":2,
            "500m이내병원수":23,
            "5km이내대형병원수":0,
            "500m이내공원수":0,
            "3km이내혐오시설수":0,
            "초등학교학업성취도":91.43,
            "중학교학업성취도":56.1,
            "용적률":0,
            "건폐율":0,
            "Y":37.856861,
            "X":126.782205,
            "rank":96.0,
            "area_info":"14평(48.26), 20평(67.33), 21평(69.72), 21평(71.32), 22평(73.59), 22평(75.67), 22평(75.67), 24평(80.45), 28평(94.67), 30평(100.22), 30평(101.64), 31평(104.21), 31평(104.95), 31평(104.85), 31평(104.95), 31평(105.35), 32평(107.49), 40평(132.31), 40평(135.12), 45평(150.9), 47평(155.71)",
            "last_sales":"2021-09-06,20000.0,40평(135.12)"
        },
        {
            "index":123,
            "아파트명":"장안밀레니엄",
            "투자타입":"일반",
            "전용면적(m2)":"111.2",
            "전용면적(평)":"33평",
            "법정동주소":"경기도 파주시 금촌동 792-1",
            "도로명주소":"경기도 파주시 문화로 10",
            "세대수":0,
            "입주년차":20,
            "용적률점수":"--",
            "건폐율점수":"--",
            "세대당주차수":60,
            "난방방식":30,
            "공급면적":"--",
            "전용률":"--",
            "욕실수":100,
            "현관타입":100,
            "주거총점":36.0,
            "지역구공급총점":0.0,
            "역세권":0,
            "30분내 이동가능 거점":0,
            "1시간내 이동가능 거점":0,
            "교통총점":0.0,
            "백화점":0,
            "아울렛몰":0,
            "대형마트":0,
            "은행":70,
            "병원":60,
            "종합병원":80,
            "공원":100,
            "혐오시설":0,
            "인프라총점":32.0,
            "초등학군":89.04,
            "중학군":48.36,
            "학군총점":56.496,
            "인구수":51.2,
            "인구증감":30.12,
            "인구총점":44.876,
            "일자리":25.4,
            "소득수준":52.54,
            "일자리총점":33.542,
            "가치 총점":25.2744,
            "매매실거래년":20211206.0,
            "매매실거래가":28500.0,
            "전세실거래년":20210430.0,
            "전세실거래가":22000.0,
            "전세가율":77.19,
            "장기전세가율평균":70.05,
            "전세가율거품지수":-7.14,
            "검색코드":11170,
            "세대수":139.0,
            "준공년월":"2000-01-21",
            "준공년차":23.0,
            "가까운역이름":"금촌",
            "가까운역거리":1203.7,
            "역세권여부":"비역세권",
            "30분이내주요거점역":0,
            "1시간이내주요거점역":0,
            "3km이내백화점수":0,
            "5km이내아울렛몰수":0,
            "1km이내대형먀트수":0,
            "500m이내은행수":3,
            "500m이내병원수":18,
            "5km이내대형병원수":1,
            "500m이내공원수":6,
            "3km이내혐오시설수":0,
            "초등학교학업성취도":89.04,
            "중학교학업성취도":79.4,
            "용적률":353,
            "건폐율":59,
            "Y":37.75606,
            "X":126.77938,
            "rank":97.0,
            "area_info":"33평(111.2), 50평(165.94)",
            "last_sales":"2021-12-06,28500.0,33평(111.2)"
        },
        {
            "index":0,
            "아파트명":"성원포레스타운",
            "투자타입":"일반",
            "전용면적(m2)":"79.58",
            "전용면적(평)":"24평",
            "법정동주소":"경기도 파주시 검산동 130-8",
            "도로명주소":"경기도 파주시 평화로 310",
            "세대수":50,
            "입주년차":20,
            "용적률점수":"--",
            "건폐율점수":"--",
            "세대당주차수":30,
            "난방방식":30,
            "공급면적":"--",
            "전용률":"--",
            "욕실수":100,
            "현관타입":100,
            "주거총점":49.0,
            "지역구공급총점":0.0,
            "역세권":0,
            "30분내 이동가능 거점":0,
            "1시간내 이동가능 거점":0,
            "교통총점":0.0,
            "백화점":0,
            "아울렛몰":80,
            "대형마트":0,
            "은행":0,
            "병원":0,
            "종합병원":80,
            "공원":0,
            "혐오시설":0,
            "인프라총점":24.0,
            "초등학군":84.17,
            "중학군":43.38,
            "학군총점":51.538,
            "인구수":51.2,
            "인구증감":30.12,
            "인구총점":44.876,
            "일자리":25.4,
            "소득수준":52.54,
            "일자리총점":33.542,
            "가치 총점":24.7307,
            "매매실거래년":20220112.0,
            "매매실거래가":19300.0,
            "전세실거래년":20211106.0,
            "전세실거래가":16500.0,
            "전세가율":101.23,
            "장기전세가율평균":70.05,
            "전세가율거품지수":-31.18,
            "검색코드":3882,
            "세대수":656.0,
            "준공년월":"2000-04-28",
            "준공년차":23.0,
            "가까운역이름":"금촌",
            "가까운역거리":2440.4,
            "역세권여부":"비역세권",
            "30분이내주요거점역":0,
            "1시간이내주요거점역":0,
            "3km이내백화점수":0,
            "5km이내아울렛몰수":1,
            "1km이내대형먀트수":0,
            "500m이내은행수":0,
            "500m이내병원수":0,
            "5km이내대형병원수":1,
            "500m이내공원수":0,
            "3km이내혐오시설수":0,
            "초등학교학업성취도":84.17,
            "중학교학업성취도":71.7,
            "용적률":188,
            "건폐율":17,
            "Y":37.773816,
            "X":126.748597,
            "rank":98.0,
            "area_info":"24평(79.58), 32평(106.49), 49평(162.0)",
            "last_sales":"2022-01-12,19300.0,32평(106.49)"
        },
        {
            "index":374,
            "아파트명":"자연앤꿈에그린5단지",
            "투자타입":"일반",
            "전용면적(m2)":"111.95",
            "전용면적(평)":"33평",
            "법정동주소":"경기도 파주시 문산읍 당동리 909",
            "도로명주소":"경기도 파주시 당동1로 12",
            "세대수":50,
            "입주년차":60,
            "용적률점수":"--",
            "건폐율점수":"--",
            "세대당주차수":60,
            "난방방식":30,
            "공급면적":"--",
            "전용률":"--",
            "욕실수":100,
            "현관타입":100,
            "주거총점":61.5,
            "지역구공급총점":0.0,
            "역세권":0,
            "30분내 이동가능 거점":0,
            "1시간내 이동가능 거점":0,
            "교통총점":0.0,
            "백화점":0,
            "아울렛몰":0,
            "대형마트":80,
            "은행":0,
            "병원":10,
            "종합병원":0,
            "공원":100,
            "혐오시설":0,
            "인프라총점":16.0,
            "초등학군":84.34,
            "중학군":40.14,
            "학군총점":48.98,
            "인구수":51.2,
            "인구증감":30.12,
            "인구총점":44.876,
            "일자리":25.4,
            "소득수준":52.54,
            "일자리총점":33.542,
            "가치 총점":24.447,
            "매매실거래년":20220102.0,
            "매매실거래가":30700.0,
            "전세실거래년":20210927.0,
            "전세실거래가":26000.0,
            "전세가율":86.67,
            "장기전세가율평균":70.05,
            "전세가율거품지수":-16.62,
            "검색코드":101706,
            "세대수":411.0,
            "준공년월":"2010-12-09",
            "준공년차":13.0,
            "가까운역이름":"문산",
            "가까운역거리":1204.75,
            "역세권여부":"비역세권",
            "30분이내주요거점역":0,
            "1시간이내주요거점역":0,
            "3km이내백화점수":0,
            "5km이내아울렛몰수":0,
            "1km이내대형먀트수":1,
            "500m이내은행수":0,
            "500m이내병원수":2,
            "5km이내대형병원수":0,
            "500m이내공원수":2,
            "3km이내혐오시설수":0,
            "초등학교학업성취도":84.34,
            "중학교학업성취도":66.9,
            "용적률":199,
            "건폐율":17,
            "Y":37.861606,
            "X":126.777559,
            "rank":99.0,
            "area_info":"33평(111.95), 33평(111.95), 33평(112.28), 33평(112.28), 33평(112.38), 34평(115.06)",
            "last_sales":"2022-01-02,30700.0,33평(112.38)"
        },
        {
            "index":404,
            "아파트명":"파주힐스테이트1차",
            "투자타입":"일반",
            "전용면적(m2)":"118.21",
            "전용면적(평)":"35평",
            "법정동주소":"경기도 파주시 문산읍 당동리 935",
            "도로명주소":"경기도 파주시 방촌로 1744",
            "세대수":50,
            "입주년차":60,
            "용적률점수":"--",
            "건폐율점수":"--",
            "세대당주차수":60,
            "난방방식":30,
            "공급면적":"--",
            "전용률":"--",
            "욕실수":100,
            "현관타입":100,
            "주거총점":61.5,
            "지역구공급총점":0.0,
            "역세권":0,
            "30분내 이동가능 거점":0,
            "1시간내 이동가능 거점":0,
            "교통총점":0.0,
            "백화점":0,
            "아울렛몰":0,
            "대형마트":80,
            "은행":0,
            "병원":30,
            "종합병원":0,
            "공원":100,
            "혐오시설":0,
            "인프라총점":18.0,
            "초등학군":85.74,
            "중학군":33.66,
            "학군총점":44.076,
            "인구수":51.2,
            "인구증감":30.12,
            "인구총점":44.876,
            "일자리":25.4,
            "소득수준":52.54,
            "일자리총점":33.542,
            "가치 총점":24.3114,
            "매매실거래년":20220110.0,
            "매매실거래가":38000.0,
            "전세실거래년":20220118.0,
            "전세실거래가":36000.0,
            "전세가율":94.74,
            "장기전세가율평균":70.05,
            "전세가율거품지수":-24.69,
            "검색코드":27362,
            "세대수":631.0,
            "준공년월":"2009-10-29",
            "준공년차":14.0,
            "가까운역이름":"문산",
            "가까운역거리":1511.32,
            "역세권여부":"비역세권",
            "30분이내주요거점역":0,
            "1시간이내주요거점역":0,
            "3km이내백화점수":0,
            "5km이내아울렛몰수":0,
            "1km이내대형먀트수":1,
            "500m이내은행수":1,
            "500m이내병원수":8,
            "5km이내대형병원수":0,
            "500m이내공원수":3,
            "3km이내혐오시설수":0,
            "초등학교학업성취도":85.74,
            "중학교학업성취도":56.1,
            "용적률":226,
            "건폐율":19,
            "Y":37.868138,
            "X":126.78627,
            "rank":100.0,
            "area_info":"35평(118.21), 35평(118.01), 35평(118.1), 48평(161.08), 58평(193.78)",
            "last_sales":"2022-01-10,38000.0,35평(118.21)"
        },
        {
            "index":397,
            "아파트명":"파주한양수자인리버팰리스",
            "투자타입":"일반",
            "전용면적(m2)":"86.46",
            "전용면적(평)":"26평",
            "법정동주소":"경기도 파주시 문산읍 당동리 947",
            "도로명주소":"경기도 파주시 당동1로 52",
            "세대수":90,
            "입주년차":80,
            "용적률점수":"--",
            "건폐율점수":"--",
            "세대당주차수":60,
            "난방방식":30,
            "공급면적":"--",
            "전용률":"--",
            "욕실수":100,
            "현관타입":100,
            "주거총점":79.5,
            "지역구공급총점":0.0,
            "역세권":0,
            "30분내 이동가능 거점":0,
            "1시간내 이동가능 거점":0,
            "교통총점":0.0,
            "백화점":0,
            "아울렛몰":0,
            "대형마트":0,
            "은행":0,
            "병원":0,
            "종합병원":0,
            "공원":100,
            "혐오시설":0,
            "인프라총점":3.0,
            "초등학군":84.34,
            "중학군":40.14,
            "학군총점":48.98,
            "인구수":51.2,
            "인구증감":30.12,
            "인구총점":44.876,
            "일자리":25.4,
            "소득수준":52.54,
            "일자리총점":33.542,
            "가치 총점":24.147,
            "매매실거래년":20211231.0,
            "매매실거래가":35000.0,
            "전세실거래년":20220109.0,
            "전세실거래가":20475.0,
            "전세가율":68.25,
            "장기전세가율평균":70.05,
            "전세가율거품지수":1.8,
            "검색코드":108512,
            "세대수":1006.0,
            "준공년월":"2015-10-07",
            "준공년차":8.0,
            "가까운역이름":"문산",
            "가까운역거리":1753.93,
            "역세권여부":"비역세권",
            "30분이내주요거점역":0,
            "1시간이내주요거점역":0,
            "3km이내백화점수":0,
            "5km이내아울렛몰수":0,
            "1km이내대형먀트수":0,
            "500m이내은행수":0,
            "500m이내병원수":1,
            "5km이내대형병원수":0,
            "500m이내공원수":4,
            "3km이내혐오시설수":0,
            "초등학교학업성취도":84.34,
            "중학교학업성취도":66.9,
            "용적률":198,
            "건폐율":18,
            "Y":37.865648,
            "X":126.773764,
            "rank":101.0,
            "area_info":"26평(86.46), 34평(113.59), 34평(113.32), 34평(113.59), 41평(136.17), 44평(147.52), 47평(156.29)",
            "last_sales":"2021-12-31,35000.0,41평(136.17)"
        },
        {
            "index":560,
            "아파트명":"대방",
            "투자타입":"일반",
            "전용면적(m2)":"63.16",
            "전용면적(평)":"19평",
            "법정동주소":"경기도 파주시 야동동 587",
            "도로명주소":"경기도 파주시 평화로 280",
            "세대수":90,
            "입주년차":20,
            "용적률점수":"--",
            "건폐율점수":"--",
            "세대당주차수":0,
            "난방방식":30,
            "공급면적":"--",
            "전용률":"--",
            "욕실수":50,
            "현관타입":10,
            "주거총점":44.5,
            "지역구공급총점":0.0,
            "역세권":0,
            "30분내 이동가능 거점":0,
            "1시간내 이동가능 거점":0,
            "교통총점":0.0,
            "백화점":0,
            "아울렛몰":80,
            "대형마트":0,
            "은행":0,
            "병원":0,
            "종합병원":80,
            "공원":0,
            "혐오시설":0,
            "인프라총점":24.0,
            "초등학군":84.17,
            "중학군":43.38,
            "학군총점":51.538,
            "인구수":51.2,
            "인구증감":30.12,
            "인구총점":44.876,
            "일자리":25.4,
            "소득수준":52.54,
            "일자리총점":33.542,
            "가치 총점":23.8307,
            "매매실거래년":20220113.0,
            "매매실거래가":17000.0,
            "전세실거래년":20220110.0,
            "전세실거래가":9450.0,
            "전세가율":78.75,
            "장기전세가율평균":70.05,
            "전세가율거품지수":-8.7,
            "검색코드":9193,
            "세대수":1080.0,
            "준공년월":"2001-08-02",
            "준공년차":22.0,
            "가까운역이름":"금촌",
            "가까운역거리":2298.98,
            "역세권여부":"비역세권",
            "30분이내주요거점역":0,
            "1시간이내주요거점역":0,
            "3km이내백화점수":0,
            "5km이내아울렛몰수":1,
            "1km이내대형먀트수":0,
            "500m이내은행수":0,
            "500m이내병원수":0,
            "5km이내대형병원수":1,
            "500m이내공원수":0,
            "3km이내혐오시설수":0,
            "초등학교학업성취도":84.17,
            "중학교학업성취도":71.7,
            "용적률":193,
            "건폐율":16,
            "Y":37.774206,
            "X":126.75052,
            "rank":102.0,
            "area_info":"19평(63.16), 23평(77.95), 32평(106.08)",
            "last_sales":"2022-01-13,17000.0,23평(77.95)"
        },
        {
            "index":3,
            "아파트명":"유승",
            "투자타입":"일반",
            "전용면적(m2)":"79.34",
            "전용면적(평)":"24평",
            "법정동주소":"경기도 파주시 검산동 310",
            "도로명주소":"경기도 파주시 평화로348번길 50",
            "세대수":50,
            "입주년차":20,
            "용적률점수":"--",
            "건폐율점수":"--",
            "세대당주차수":30,
            "난방방식":30,
            "공급면적":"--",
            "전용률":"--",
            "욕실수":50,
            "현관타입":100,
            "주거총점":44.0,
            "지역구공급총점":0.0,
            "역세권":0,
            "30분내 이동가능 거점":0,
            "1시간내 이동가능 거점":0,
            "교통총점":0.0,
            "백화점":0,
            "아울렛몰":80,
            "대형마트":0,
            "은행":0,
            "병원":0,
            "종합병원":80,
            "공원":0,
            "혐오시설":0,
            "인프라총점":24.0,
            "초등학군":84.17,
            "중학군":43.38,
            "학군총점":51.538,
            "인구수":51.2,
            "인구증감":30.12,
            "인구총점":44.876,
            "일자리":25.4,
            "소득수준":52.54,
            "일자리총점":33.542,
            "가치 총점":23.7307,
            "매매실거래년":20220108.0,
            "매매실거래가":21000.0,
            "전세실거래년":20220107.0,
            "전세실거래가":16000.0,
            "전세가율":88.89,
            "장기전세가율평균":70.05,
            "전세가율거품지수":-18.84,
            "검색코드":12009,
            "세대수":550.0,
            "준공년월":"2001-05-02",
            "준공년차":22.0,
            "가까운역이름":"금촌",
            "가까운역거리":2774.05,
            "역세권여부":"비역세권",
            "30분이내주요거점역":0,
            "1시간이내주요거점역":0,
            "3km이내백화점수":0,
            "5km이내아울렛몰수":1,
            "1km이내대형먀트수":0,
            "500m이내은행수":0,
            "500m이내병원수":0,
            "5km이내대형병원수":1,
            "500m이내공원수":0,
            "3km이내혐오시설수":0,
            "초등학교학업성취도":84.17,
            "중학교학업성취도":71.7,
            "용적률":230,
            "건폐율":23,
            "Y":37.775023,
            "X":126.745115,
            "rank":103.0,
            "area_info":"24평(79.34), 28평(95.75), 32평(107.75)",
            "last_sales":"2022-01-08,21000.0,28평(95.75)"
        },
        {
            "index":72,
            "아파트명":"동현",
            "투자타입":"재건축",
            "전용면적(m2)":"69.78",
            "전용면적(평)":"21평",
            "법정동주소":"경기도 파주시 금촌동 781-2",
            "도로명주소":"경기도 파주시 중앙로 226",
            "세대수":50,
            "입주년차":"--",
            "용적률점수":0,
            "건폐율점수":80,
            "세대당주차수":"--",
            "난방방식":"--",
            "공급면적":50,
            "전용률":60,
            "욕실수":"--",
            "현관타입":"--",
            "주거총점":36.5,
            "지역구공급총점":0.0,
            "역세권":0,
            "30분내 이동가능 거점":0,
            "1시간내 이동가능 거점":0,
            "교통총점":0.0,
            "백화점":0,
            "아울렛몰":0,
            "대형마트":0,
            "은행":0,
            "병원":60,
            "종합병원":80,
            "공원":100,
            "혐오시설":0,
            "인프라총점":25.0,
            "초등학군":89.04,
            "중학군":48.36,
            "학군총점":56.496,
            "인구수":51.2,
            "인구증감":30.12,
            "인구총점":44.876,
            "일자리":25.4,
            "소득수준":52.54,
            "일자리총점":33.542,
            "가치 총점":23.2744,
            "매매실거래년":20220110.0,
            "매매실거래가":14300.0,
            "전세실거래년":20211222.0,
            "전세실거래가":12000.0,
            "전세가율":83.92,
            "장기전세가율평균":70.05,
            "전세가율거품지수":-13.87,
            "검색코드":15146,
            "세대수":406.0,
            "준공년월":"1990-12-01",
            "준공년차":33.0,
            "가까운역이름":"금촌",
            "가까운역거리":1119.98,
            "역세권여부":"비역세권",
            "30분이내주요거점역":0,
            "1시간이내주요거점역":0,
            "3km이내백화점수":0,
            "5km이내아울렛몰수":0,
            "1km이내대형먀트수":0,
            "500m이내은행수":1,
            "500m이내병원수":11,
            "5km이내대형병원수":1,
            "500m이내공원수":5,
            "3km이내혐오시설수":0,
            "초등학교학업성취도":89.04,
            "중학교학업성취도":79.4,
            "용적률":262,
            "건폐율":20,
            "Y":37.75728,
            "X":126.78052,
            "rank":104.0,
            "area_info":"21평(69.78), 23평(77.78), 28평(95.17), 33평(110.85)",
            "last_sales":"2022-01-10,14300.0,21평(69.78)"
        },
        {
            "index":19,
            "아파트명":"장안흰돌6차",
            "투자타입":"일반",
            "전용면적(m2)":"76.08",
            "전용면적(평)":"23평",
            "법정동주소":"경기도 파주시 금릉동 199-6",
            "도로명주소":"경기도 파주시 독암길 14",
            "세대수":50,
            "입주년차":20,
            "용적률점수":"--",
            "건폐율점수":"--",
            "세대당주차수":30,
            "난방방식":30,
            "공급면적":"--",
            "전용률":"--",
            "욕실수":50,
            "현관타입":100,
            "주거총점":44.0,
            "지역구공급총점":0.0,
            "역세권":0,
            "30분내 이동가능 거점":0,
            "1시간내 이동가능 거점":0,
            "교통총점":0.0,
            "백화점":0,
            "아울렛몰":0,
            "대형마트":0,
            "은행":0,
            "병원":10,
            "종합병원":80,
            "공원":100,
            "혐오시설":0,
            "인프라총점":20.0,
            "초등학군":89.04,
            "중학군":48.36,
            "학군총점":56.496,
            "인구수":51.2,
            "인구증감":30.12,
            "인구총점":44.876,
            "일자리":25.4,
            "소득수준":52.54,
            "일자리총점":33.542,
            "가치 총점":23.2744,
            "매매실거래년":20211106.0,
            "매매실거래가":19000.0,
            "전세실거래년":20211201.0,
            "전세실거래가":13650.0,
            "전세가율":71.84,
            "장기전세가율평균":70.05,
            "전세가율거품지수":-1.79,
            "검색코드":9198,
            "세대수":498.0,
            "준공년월":"2000-05-31",
            "준공년차":23.0,
            "가까운역이름":"금촌",
            "가까운역거리":1463.28,
            "역세권여부":"비역세권",
            "30분이내주요거점역":0,
            "1시간이내주요거점역":0,
            "3km이내백화점수":0,
            "5km이내아울렛몰수":0,
            "1km이내대형먀트수":0,
            "500m이내은행수":0,
            "500m이내병원수":2,
            "5km이내대형병원수":1,
            "500m이내공원수":3,
            "3km이내혐오시설수":0,
            "초등학교학업성취도":89.04,
            "중학교학업성취도":79.4,
            "용적률":281,
            "건폐율":23,
            "Y":37.755081,
            "X":126.783513,
            "rank":104.0,
            "area_info":"23평(76.08), 31평(102.55), 46평(152.51), 57평(189.09)",
            "last_sales":"2021-11-06,19000.0,23평(76.08)"
        },
        {
            "index":354,
            "아파트명":"선유주공",
            "투자타입":"재건축",
            "전용면적(m2)":"45.85",
            "전용면적(평)":"13평",
            "법정동주소":"경기도 파주시 문산읍 선유리 418",
            "도로명주소":"경기도 파주시 독서울1길 24",
            "세대수":30,
            "입주년차":"--",
            "용적률점수":100,
            "건폐율점수":100,
            "세대당주차수":"--",
            "난방방식":"--",
            "공급면적":50,
            "전용률":80,
            "욕실수":"--",
            "현관타입":"--",
            "주거총점":75.5,
            "지역구공급총점":0.0,
            "역세권":0,
            "30분내 이동가능 거점":0,
            "1시간내 이동가능 거점":0,
            "교통총점":0.0,
            "백화점":0,
            "아울렛몰":0,
            "대형마트":0,
            "은행":0,
            "병원":10,
            "종합병원":0,
            "공원":80,
            "혐오시설":0,
            "인프라총점":3.4,
            "초등학군":87.75,
            "중학군":35.94,
            "학군총점":46.302,
            "인구수":51.2,
            "인구증감":30.12,
            "인구총점":44.876,
            "일자리":25.4,
            "소득수준":52.54,
            "일자리총점":33.542,
            "가치 총점":23.0653,
            "매매실거래년":20220108.0,
            "매매실거래가":7900.0,
            "전세실거래년":20210827.0,
            "전세실거래가":9000.0,
            "전세가율":113.92,
            "장기전세가율평균":70.05,
            "전세가율거품지수":-43.87,
            "검색코드":19513,
            "세대수":300.0,
            "준공년월":"1991-12-08",
            "준공년차":32.0,
            "가까운역이름":"문산",
            "가까운역거리":1958.47,
            "역세권여부":"비역세권",
            "30분이내주요거점역":0,
            "1시간이내주요거점역":0,
            "3km이내백화점수":0,
            "5km이내아울렛몰수":0,
            "1km이내대형먀트수":0,
            "500m이내은행수":0,
            "500m이내병원수":2,
            "5km이내대형병원수":0,
            "500m이내공원수":1,
            "3km이내혐오시설수":0,
            "초등학교학업성취도":87.75,
            "중학교학업성취도":59.9,
            "용적률":96,
            "건폐율":19,
            "Y":37.866896,
            "X":126.804043,
            "rank":105.0,
            "area_info":"13평(45.85), 13평(45.46), 15평(52.84), 16평(53.17)",
            "last_sales":"2022-01-08,7900.0,13평(45.85)"
        },
        {
            "index":380,
            "아파트명":"자연앤꿈에그린6단지",
            "투자타입":"일반",
            "전용면적(m2)":"110.77",
            "전용면적(평)":"33평",
            "법정동주소":"경기도 파주시 문산읍 당동리 930",
            "도로명주소":"경기도 파주시 당동1로 11",
            "세대수":30,
            "입주년차":60,
            "용적률점수":"--",
            "건폐율점수":"--",
            "세대당주차수":60,
            "난방방식":30,
            "공급면적":"--",
            "전용률":"--",
            "욕실수":100,
            "현관타입":100,
            "주거총점":54.5,
            "지역구공급총점":0.0,
            "역세권":0,
            "30분내 이동가능 거점":0,
            "1시간내 이동가능 거점":0,
            "교통총점":0.0,
            "백화점":0,
            "아울렛몰":0,
            "대형마트":80,
            "은행":0,
            "병원":0,
            "종합병원":0,
            "공원":100,
            "혐오시설":0,
            "인프라총점":15.0,
            "초등학군":84.34,
            "중학군":40.14,
            "학군총점":48.98,
            "인구수":51.2,
            "인구증감":30.12,
            "인구총점":44.876,
            "일자리":25.4,
            "소득수준":52.54,
            "일자리총점":33.542,
            "가치 총점":22.747,
            "매매실거래년":20170325.0,
            "매매실거래가":30000.0,
            "전세실거래년":20200219.0,
            "전세실거래가":13000.0,
            "전세가율":57.78,
            "장기전세가율평균":70.05,
            "전세가율거품지수":12.27,
            "검색코드":101707,
            "세대수":320.0,
            "준공년월":"2010-12-09",
            "준공년차":13.0,
            "가까운역이름":"문산",
            "가까운역거리":1236.03,
            "역세권여부":"비역세권",
            "30분이내주요거점역":0,
            "1시간이내주요거점역":0,
            "3km이내백화점수":0,
            "5km이내아울렛몰수":0,
            "1km이내대형먀트수":1,
            "500m이내은행수":0,
            "500m이내병원수":1,
            "5km이내대형병원수":0,
            "500m이내공원수":4,
            "3km이내혐오시설수":0,
            "초등학교학업성취도":84.34,
            "중학교학업성취도":66.9,
            "용적률":198,
            "건폐율":17,
            "Y":37.860528,
            "X":126.776122,
            "rank":106.0,
            "area_info":"33평(110.77), 33평(111.81), 33평(111.81), 33평(111.81), 33평(112.14), 33평(112.14), 33평(112.24), 34평(113.6), 34평(114.92)",
            "last_sales":"2017-03-25,30000.0,34평(114.92)"
        },
        {
            "index":317,
            "아파트명":"파주교하월드메르디앙",
            "투자타입":"일반",
            "전용면적(m2)":"159.2",
            "전용면적(평)":"48평",
            "법정동주소":"경기도 파주시 문발동 559",
            "도로명주소":"경기도 파주시 책향기로 319",
            "세대수":0,
            "입주년차":40,
            "용적률점수":"--",
            "건폐율점수":"--",
            "세대당주차수":80,
            "난방방식":100,
            "공급면적":"--",
            "전용률":"--",
            "욕실수":100,
            "현관타입":100,
            "주거총점":50.0,
            "지역구공급총점":0.0,
            "역세권":0,
            "30분내 이동가능 거점":0,
            "1시간내 이동가능 거점":10,
            "교통총점":2.0,
            "백화점":0,
            "아울렛몰":80,
            "대형마트":0,
            "은행":0,
            "병원":10,
            "종합병원":0,
            "공원":100,
            "혐오시설":0,
            "인프라총점":12.0,
            "초등학군":88.03,
            "중학군":48.06,
            "학군총점":56.054,
            "인구수":51.2,
            "인구증감":30.12,
            "인구총점":44.876,
            "일자리":25.4,
            "소득수준":52.54,
            "일자리총점":33.542,
            "가치 총점":22.7081,
            "매매실거래년":"18000101",
            "매매실거래가":null,
            "전세실거래년":null,
            "전세실거래가":null,
            "전세가율":null,
            "장기전세가율평균":70.05,
            "전세가율거품지수":null,
            "검색코드":26564,
            "세대수":143.0,
            "준공년월":"2008-06-03",
            "준공년차":15.0,
            "가까운역이름":"야당",
            "가까운역거리":4930.66,
            "역세권여부":"비역세권",
            "30분이내주요거점역":0,
            "1시간이내주요거점역":1,
            "3km이내백화점수":0,
            "5km이내아울렛몰수":1,
            "1km이내대형먀트수":0,
            "500m이내은행수":0,
            "500m이내병원수":2,
            "5km이내대형병원수":0,
            "500m이내공원수":5,
            "3km이내혐오시설수":0,
            "초등학교학업성취도":88.03,
            "중학교학업성취도":78.9,
            "용적률":99,
            "건폐율":33,
            "Y":37.723074,
            "X":126.706971,
            "rank":107.0,
            "area_info":"48평(159.2), 53평(178.06)",
            "last_sales":"1800-01-01,nan,48평(159.2)"
        },
        {
            "index":679,
            "아파트명":"유승앙브와즈2단지",
            "투자타입":"일반",
            "전용면적(m2)":"84.1",
            "전용면적(평)":"25평",
            "법정동주소":"경기도 파주시 탄현면 법흥리 1787",
            "도로명주소":"경기도 파주시 사슴벌레로 45",
            "세대수":50,
            "입주년차":40,
            "용적률점수":"--",
            "건폐율점수":"--",
            "세대당주차수":30,
            "난방방식":30,
            "공급면적":"--",
            "전용률":"--",
            "욕실수":100,
            "현관타입":100,
            "주거총점":53.0,
            "지역구공급총점":0.0,
            "역세권":0,
            "30분내 이동가능 거점":0,
            "1시간내 이동가능 거점":0,
            "교통총점":0.0,
            "백화점":0,
            "아울렛몰":80,
            "대형마트":0,
            "은행":0,
            "병원":10,
            "종합병원":0,
            "공원":100,
            "혐오시설":0,
            "인프라총점":12.0,
            "초등학군":85.89,
            "중학군":44.76,
            "학군총점":52.986,
            "인구수":51.2,
            "인구증감":30.12,
            "인구총점":44.876,
            "일자리":25.4,
            "소득수준":52.54,
            "일자리총점":33.542,
            "가치 총점":22.1479,
            "매매실거래년":20130429.0,
            "매매실거래가":18000.0,
            "전세실거래년":null,
            "전세실거래가":null,
            "전세가율":null,
            "장기전세가율평균":70.05,
            "전세가율거품지수":null,
            "검색코드":24175,
            "세대수":510.0,
            "준공년월":"2004-05-21",
            "준공년차":19.0,
            "가까운역이름":"금릉",
            "가까운역거리":6339.06,
            "역세권여부":"비역세권",
            "30분이내주요거점역":0,
            "1시간이내주요거점역":0,
            "3km이내백화점수":0,
            "5km이내아울렛몰수":1,
            "1km이내대형먀트수":0,
            "500m이내은행수":0,
            "500m이내병원수":3,
            "5km이내대형병원수":0,
            "500m이내공원수":4,
            "3km이내혐오시설수":0,
            "초등학교학업성취도":85.89,
            "중학교학업성취도":74.6,
            "용적률":102,
            "건폐율":24,
            "Y":37.776324,
            "X":126.700539,
            "rank":108.0,
            "area_info":"25평(84.1), 32평(108.68), 32평(108.71), 45평(148.78)",
            "last_sales":"2013-04-29,18000.0,32평(108.71)"
        },
        {
            "index":418,
            "아파트명":"한진타운2차",
            "투자타입":"일반",
            "전용면적(m2)":"79.9",
            "전용면적(평)":"24평",
            "법정동주소":"경기도 파주시 문산읍 선유리 903-10",
            "도로명주소":"경기도 파주시 봉미로6번길 11-16",
            "세대수":0,
            "입주년차":0,
            "용적률점수":"--",
            "건폐율점수":"--",
            "세대당주차수":0,
            "난방방식":30,
            "공급면적":"--",
            "전용률":"--",
            "욕실수":50,
            "현관타입":10,
            "주거총점":9.0,
            "지역구공급총점":0.0,
            "역세권":50,
            "30분내 이동가능 거점":0,
            "1시간내 이동가능 거점":0,
            "교통총점":25.0,
            "백화점":0,
            "아울렛몰":0,
            "대형마트":100,
            "은행":0,
            "병원":10,
            "종합병원":0,
            "공원":0,
            "혐오시설":0,
            "인프라총점":16.0,
            "초등학군":85.74,
            "중학군":33.66,
            "학군총점":44.076,
            "인구수":51.2,
            "인구증감":30.12,
            "인구총점":44.876,
            "일자리":25.4,
            "소득수준":52.54,
            "일자리총점":33.542,
            "가치 총점":21.9614,
            "매매실거래년":20211030.0,
            "매매실거래가":11900.0,
            "전세실거래년":20211005.0,
            "전세실거래가":10000.0,
            "전세가율":84.03,
            "장기전세가율평균":70.05,
            "전세가율거품지수":-13.98,
            "검색코드":15164,
            "세대수":148.0,
            "준공년월":"1993-11-11",
            "준공년차":30.0,
            "가까운역이름":"문산",
            "가까운역거리":874.64,
            "역세권여부":"준역세권",
            "30분이내주요거점역":0,
            "1시간이내주요거점역":0,
            "3km이내백화점수":0,
            "5km이내아울렛몰수":0,
            "1km이내대형먀트수":2,
            "500m이내은행수":1,
            "500m이내병원수":3,
            "5km이내대형병원수":0,
            "500m이내공원수":0,
            "3km이내혐오시설수":0,
            "초등학교학업성취도":85.74,
            "중학교학업성취도":56.1,
            "용적률":258,
            "건폐율":26,
            "Y":37.86248,
            "X":126.7877,
            "rank":109.0,
            "area_info":"24평(79.9), 30평(102.42)",
            "last_sales":"2021-10-30,11900.0,24평(79.9)"
        },
        {
            "index":649,
            "아파트명":"성호2차파크힐",
            "투자타입":"일반",
            "전용면적(m2)":"83.87",
            "전용면적(평)":"25평",
            "법정동주소":"경기도 파주시 조리읍 봉일천리 259-2",
            "도로명주소":"경기도 파주시 두루봉로 33-37",
            "세대수":30,
            "입주년차":20,
            "용적률점수":"--",
            "건폐율점수":"--",
            "세대당주차수":0,
            "난방방식":30,
            "공급면적":"--",
            "전용률":"--",
            "욕실수":100,
            "현관타입":100,
            "주거총점":37.5,
            "지역구공급총점":0.0,
            "역세권":0,
            "30분내 이동가능 거점":0,
            "1시간내 이동가능 거점":0,
            "교통총점":0.0,
            "백화점":0,
            "아울렛몰":0,
            "대형마트":0,
            "은행":0,
            "병원":0,
            "종합병원":80,
            "공원":100,
            "혐오시설":0,
            "인프라총점":19.0,
            "초등학군":90.55,
            "중학군":48.58,
            "학군총점":56.974,
            "인구수":51.2,
            "인구증감":30.12,
            "인구총점":44.876,
            "일자리":25.4,
            "소득수준":52.54,
            "일자리총점":33.542,
            "가치 총점":21.7461,
            "매매실거래년":20211209.0,
            "매매실거래가":21500.0,
            "전세실거래년":20211201.0,
            "전세실거래가":10500.0,
            "전세가율":48.84,
            "장기전세가율평균":70.05,
            "전세가율거품지수":21.21,
            "검색코드":9165,
            "세대수":367.0,
            "준공년월":"2001-05-14",
            "준공년차":22.0,
            "가까운역이름":"금촌",
            "가까운역거리":3775.05,
            "역세권여부":"비역세권",
            "30분이내주요거점역":0,
            "1시간이내주요거점역":0,
            "3km이내백화점수":0,
            "5km이내아울렛몰수":0,
            "1km이내대형먀트수":0,
            "500m이내은행수":1,
            "500m이내병원수":0,
            "5km이내대형병원수":1,
            "500m이내공원수":2,
            "3km이내혐오시설수":0,
            "초등학교학업성취도":90.55,
            "중학교학업성취도":79.9,
            "용적률":305,
            "건폐율":23,
            "Y":37.748571,
            "X":126.811329,
            "rank":110.0,
            "area_info":"25평(83.87), 33평(112.14)",
            "last_sales":"2021-12-09,21500.0,25평(83.87)"
        },
        {
            "index":393,
            "아파트명":"파주문산신원아침도시",
            "투자타입":"일반",
            "전용면적(m2)":"79.53",
            "전용면적(평)":"24평",
            "법정동주소":"경기도 파주시 문산읍 문산리 142",
            "도로명주소":"경기도 파주시 방촌로 1648",
            "세대수":50,
            "입주년차":40,
            "용적률점수":"--",
            "건폐율점수":"--",
            "세대당주차수":30,
            "난방방식":30,
            "공급면적":"--",
            "전용률":"--",
            "욕실수":100,
            "현관타입":100,
            "주거총점":53.0,
            "지역구공급총점":0.0,
            "역세권":0,
            "30분내 이동가능 거점":0,
            "1시간내 이동가능 거점":0,
            "교통총점":0.0,
            "백화점":0,
            "아울렛몰":0,
            "대형마트":80,
            "은행":0,
            "병원":0,
            "종합병원":0,
            "공원":100,
            "혐오시설":0,
            "인프라총점":15.0,
            "초등학군":84.34,
            "중학군":33.66,
            "학군총점":43.796,
            "인구수":51.2,
            "인구증감":30.12,
            "인구총점":44.876,
            "일자리":25.4,
            "소득수준":52.54,
            "일자리총점":33.542,
            "가치 총점":21.6694,
            "매매실거래년":20211218.0,
            "매매실거래가":20800.0,
            "전세실거래년":20211217.0,
            "전세실거래가":18000.0,
            "전세가율":86.54,
            "장기전세가율평균":70.05,
            "전세가율거품지수":-16.49,
            "검색코드":19135,
            "세대수":638.0,
            "준공년월":"2006-06-12",
            "준공년차":17.0,
            "가까운역이름":"문산",
            "가까운역거리":1040.44,
            "역세권여부":"비역세권",
            "30분이내주요거점역":0,
            "1시간이내주요거점역":0,
            "3km이내백화점수":0,
            "5km이내아울렛몰수":0,
            "1km이내대형먀트수":1,
            "500m이내은행수":0,
            "500m이내병원수":1,
            "5km이내대형병원수":0,
            "500m이내공원수":2,
            "3km이내혐오시설수":0,
            "초등학교학업성취도":84.34,
            "중학교학업성취도":56.1,
            "용적률":201,
            "건폐율":61,
            "Y":37.860648,
            "X":126.778984,
            "rank":111.0,
            "area_info":"24평(79.53), 33평(110.92)",
            "last_sales":"2021-12-18,20800.0,24평(79.53)"
        },
        {
            "index":675,
            "아파트명":"유승앙브와즈1단지",
            "투자타입":"일반",
            "전용면적(m2)":"84.1",
            "전용면적(평)":"25평",
            "법정동주소":"경기도 파주시 탄현면 법흥리 1789",
            "도로명주소":"경기도 파주시 하늘소로 16",
            "세대수":50,
            "입주년차":20,
            "용적률점수":"--",
            "건폐율점수":"--",
            "세대당주차수":30,
            "난방방식":30,
            "공급면적":"--",
            "전용률":"--",
            "욕실수":100,
            "현관타입":100,
            "주거총점":49.0,
            "지역구공급총점":0.0,
            "역세권":0,
            "30분내 이동가능 거점":0,
            "1시간내 이동가능 거점":0,
            "교통총점":0.0,
            "백화점":0,
            "아울렛몰":80,
            "대형마트":0,
            "은행":0,
            "병원":10,
            "종합병원":0,
            "공원":100,
            "혐오시설":0,
            "인프라총점":12.0,
            "초등학군":85.89,
            "중학군":44.76,
            "학군총점":52.986,
            "인구수":51.2,
            "인구증감":30.12,
            "인구총점":44.876,
            "일자리":25.4,
            "소득수준":52.54,
            "일자리총점":33.542,
            "가치 총점":21.3479,
            "매매실거래년":20200616.0,
            "매매실거래가":26200.0,
            "전세실거래년":null,
            "전세실거래가":null,
            "전세가율":null,
            "장기전세가율평균":70.05,
            "전세가율거품지수":null,
            "검색코드":10880,
            "세대수":570.0,
            "준공년월":"2003-12-06",
            "준공년차":20.0,
            "가까운역이름":"금릉",
            "가까운역거리":6499.8,
            "역세권여부":"비역세권",
            "30분이내주요거점역":0,
            "1시간이내주요거점역":0,
            "3km이내백화점수":0,
            "5km이내아울렛몰수":1,
            "1km이내대형먀트수":0,
            "500m이내은행수":0,
            "500m이내병원수":3,
            "5km이내대형병원수":0,
            "500m이내공원수":4,
            "3km이내혐오시설수":0,
            "초등학교학업성취도":85.89,
            "중학교학업성취도":74.6,
            "용적률":104,
            "건폐율":24,
            "Y":37.77585,
            "X":126.69823,
            "rank":112.0,
            "area_info":"25평(84.1), 32평(108.34), 32평(108.37), 45평(148.78)",
            "last_sales":"2020-06-16,26200.0,45평(148.78)"
        },
        {
            "index":651,
            "아파트명":"송촌토파즈",
            "투자타입":"일반",
            "전용면적(m2)":"73.69",
            "전용면적(평)":"22평",
            "법정동주소":"경기도 파주시 조리읍 봉일천리 13-15",
            "도로명주소":"경기도 파주시 통일로 153",
            "세대수":50,
            "입주년차":0,
            "용적률점수":"--",
            "건폐율점수":"--",
            "세대당주차수":0,
            "난방방식":30,
            "공급면적":"--",
            "전용률":"--",
            "욕실수":100,
            "현관타입":100,
            "주거총점":40.5,
            "지역구공급총점":0.0,
            "역세권":0,
            "30분내 이동가능 거점":0,
            "1시간내 이동가능 거점":0,
            "교통총점":0.0,
            "백화점":0,
            "아울렛몰":0,
            "대형마트":0,
            "은행":0,
            "병원":0,
            "종합병원":80,
            "공원":0,
            "혐오시설":0,
            "인프라총점":16.0,
            "초등학군":86.08,
            "중학군":48.58,
            "학군총점":56.08,
            "인구수":51.2,
            "인구증감":30.12,
            "인구총점":44.876,
            "일자리":25.4,
            "소득수준":52.54,
            "일자리총점":33.542,
            "가치 총점":21.312,
            "매매실거래년":20211228.0,
            "매매실거래가":23000.0,
            "전세실거래년":20220111.0,
            "전세실거래가":13000.0,
            "전세가율":69.15,
            "장기전세가율평균":70.05,
            "전세가율거품지수":0.9,
            "검색코드":10945,
            "세대수":552.0,
            "준공년월":"1998-08-29",
            "준공년차":25.0,
            "가까운역이름":"운정",
            "가까운역거리":5219.31,
            "역세권여부":"비역세권",
            "30분이내주요거점역":0,
            "1시간이내주요거점역":0,
            "3km이내백화점수":0,
            "5km이내아울렛몰수":0,
            "1km이내대형먀트수":0,
            "500m이내은행수":0,
            "500m이내병원수":0,
            "5km이내대형병원수":1,
            "500m이내공원수":0,
            "3km이내혐오시설수":0,
            "초등학교학업성취도":86.08,
            "중학교학업성취도":79.9,
            "용적률":360,
            "건폐율":23,
            "Y":37.7358,
            "X":126.82525,
            "rank":113.0,
            "area_info":"22평(73.69), 30평(100.54)",
            "last_sales":"2021-12-28,23000.0,30평(100.54)"
        },
        {
            "index":644,
            "아파트명":"성원",
            "투자타입":"일반",
            "전용면적(m2)":"76.75",
            "전용면적(평)":"23평",
            "법정동주소":"경기도 파주시 조리읍 봉일천리 156-1",
            "도로명주소":"경기도 파주시 송비말길 22",
            "세대수":30,
            "입주년차":0,
            "용적률점수":"--",
            "건폐율점수":"--",
            "세대당주차수":0,
            "난방방식":30,
            "공급면적":"--",
            "전용률":"--",
            "욕실수":50,
            "현관타입":100,
            "주거총점":28.5,
            "지역구공급총점":0.0,
            "역세권":0,
            "30분내 이동가능 거점":0,
            "1시간내 이동가능 거점":0,
            "교통총점":0.0,
            "백화점":0,
            "아울렛몰":0,
            "대형마트":0,
            "은행":0,
            "병원":60,
            "종합병원":80,
            "공원":0,
            "혐오시설":0,
            "인프라총점":22.0,
            "초등학군":90.55,
            "중학군":48.58,
            "학군총점":56.974,
            "인구수":51.2,
            "인구증감":30.12,
            "인구총점":44.876,
            "일자리":25.4,
            "소득수준":52.54,
            "일자리총점":33.542,
            "가치 총점":20.8461,
            "매매실거래년":20211108.0,
            "매매실거래가":26800.0,
            "전세실거래년":20210703.0,
            "전세실거래가":13000.0,
            "전세가율":73.03,
            "장기전세가율평균":70.05,
            "전세가율거품지수":-2.98,
            "검색코드":10466,
            "세대수":347.0,
            "준공년월":"1997-05-20",
            "준공년차":26.0,
            "가까운역이름":"금릉",
            "가까운역거리":3744.86,
            "역세권여부":"비역세권",
            "30분이내주요거점역":0,
            "1시간이내주요거점역":0,
            "3km이내백화점수":0,
            "5km이내아울렛몰수":0,
            "1km이내대형먀트수":0,
            "500m이내은행수":1,
            "500m이내병원수":13,
            "5km이내대형병원수":1,
            "500m이내공원수":0,
            "3km이내혐오시설수":0,
            "초등학교학업성취도":90.55,
            "중학교학업성취도":79.9,
            "용적률":168,
            "건폐율":11,
            "Y":37.742513,
            "X":126.806456,
            "rank":114.0,
            "area_info":"23평(76.75), 33평(109.34), 35평(116.68)",
            "last_sales":"2021-11-08,26800.0,33평(109.34)"
        },
        {
            "index":9,
            "아파트명":"동양부로미",
            "투자타입":"일반",
            "전용면적(m2)":"62.88",
            "전용면적(평)":"19평",
            "법정동주소":"경기도 파주시 금릉동 196-2",
            "도로명주소":"경기도 파주시 금릉이길 31",
            "세대수":0,
            "입주년차":40,
            "용적률점수":"--",
            "건폐율점수":"--",
            "세대당주차수":30,
            "난방방식":30,
            "공급면적":"--",
            "전용률":"--",
            "욕실수":50,
            "현관타입":100,
            "주거총점":30.5,
            "지역구공급총점":0.0,
            "역세권":0,
            "30분내 이동가능 거점":0,
            "1시간내 이동가능 거점":0,
            "교통총점":0.0,
            "백화점":0,
            "아울렛몰":0,
            "대형마트":0,
            "은행":0,
            "병원":10,
            "종합병원":80,
            "공원":100,
            "혐오시설":0,
            "인프라총점":20.0,
            "초등학군":89.04,
            "중학군":48.36,
            "학군총점":56.496,
            "인구수":51.2,
            "인구증감":30.12,
            "인구총점":44.876,
            "일자리":25.4,
            "소득수준":52.54,
            "일자리총점":33.542,
            "가치 총점":20.5744,
            "매매실거래년":20210907.0,
            "매매실거래가":19000.0,
            "전세실거래년":20200228.0,
            "전세실거래가":9000.0,
            "전세가율":81.82,
            "장기전세가율평균":70.05,
            "전세가율거품지수":-11.77,
            "검색코드":24233,
            "세대수":182.0,
            "준공년월":"2006-04-20",
            "준공년차":17.0,
            "가까운역이름":"금촌",
            "가까운역거리":1185.06,
            "역세권여부":"비역세권",
            "30분이내주요거점역":0,
            "1시간이내주요거점역":0,
            "3km이내백화점수":0,
            "5km이내아울렛몰수":0,
            "1km이내대형먀트수":0,
            "500m이내은행수":1,
            "500m이내병원수":4,
            "5km이내대형병원수":1,
            "500m이내공원수":4,
            "3km이내혐오시설수":0,
            "초등학교학업성취도":89.04,
            "중학교학업성취도":79.4,
            "용적률":286,
            "건폐율":23,
            "Y":37.75719,
            "X":126.78181,
            "rank":115.0,
            "area_info":"19평(62.88), 19평(64.12), 24평(80.42), 24평(81.31), 27평(90.66), 29평(97.65), 31평(105.37), 32평(108.54), 33평(110.01), 33평(110.88)",
            "last_sales":"2021-09-07,19000.0,33평(110.01)"
        },
        {
            "index":409,
            "아파트명":"파주힐스테이트2차",
            "투자타입":"일반",
            "전용면적(m2)":"109.09",
            "전용면적(평)":"32평",
            "법정동주소":"경기도 파주시 문산읍 당동리 940",
            "도로명주소":"경기도 파주시 당동1로 67",
            "세대수":50,
            "입주년차":60,
            "용적률점수":"--",
            "건폐율점수":"--",
            "세대당주차수":60,
            "난방방식":30,
            "공급면적":"--",
            "전용률":"--",
            "욕실수":100,
            "현관타입":100,
            "주거총점":61.5,
            "지역구공급총점":0.0,
            "역세권":0,
            "30분내 이동가능 거점":0,
            "1시간내 이동가능 거점":0,
            "교통총점":0.0,
            "백화점":0,
            "아울렛몰":0,
            "대형마트":0,
            "은행":0,
            "병원":0,
            "종합병원":0,
            "공원":100,
            "혐오시설":0,
            "인프라총점":3.0,
            "초등학군":84.34,
            "중학군":40.14,
            "학군총점":48.98,
            "인구수":51.2,
            "인구증감":30.12,
            "인구총점":44.876,
            "일자리":25.4,
            "소득수준":52.54,
            "일자리총점":33.542,
            "가치 총점":20.547,
            "매매실거래년":20220115.0,
            "매매실거래가":30700.0,
            "전세실거래년":20211209.0,
            "전세실거래가":28000.0,
            "전세가율":90.91,
            "장기전세가율평균":70.05,
            "전세가율거품지수":-20.86,
            "검색코드":27312,
            "세대수":454.0,
            "준공년월":"2010-01-26",
            "준공년차":13.0,
            "가까운역이름":"문산",
            "가까운역거리":1749.74,
            "역세권여부":"비역세권",
            "30분이내주요거점역":0,
            "1시간이내주요거점역":0,
            "3km이내백화점수":0,
            "5km이내아울렛몰수":0,
            "1km이내대형먀트수":0,
            "500m이내은행수":0,
            "500m이내병원수":1,
            "5km이내대형병원수":0,
            "500m이내공원수":3,
            "3km이내혐오시설수":0,
            "초등학교학업성취도":84.34,
            "중학교학업성취도":66.9,
            "용적률":193,
            "건폐율":21,
            "Y":37.863972,
            "X":126.772019,
            "rank":116.0,
            "area_info":"32평(109.09), 33평(109.1), 33평(109.14), 33평(110.18), 39평(131.7), 45평(150.42), 54평(179.93)",
            "last_sales":"2022-01-15,30700.0,33평(109.1)"
        },
        {
            "index":121,
            "아파트명":"장안4차",
            "투자타입":"일반",
            "전용면적(m2)":"77.27",
            "전용면적(평)":"23평",
            "법정동주소":"경기도 파주시 금촌동 951-5",
            "도로명주소":"경기도 파주시 금정5길 20",
            "세대수":0,
            "입주년차":0,
            "용적률점수":"--",
            "건폐율점수":"--",
            "세대당주차수":0,
            "난방방식":30,
            "공급면적":"--",
            "전용률":"--",
            "욕실수":50,
            "현관타입":10,
            "주거총점":9.0,
            "지역구공급총점":0.0,
            "역세권":0,
            "30분내 이동가능 거점":0,
            "1시간내 이동가능 거점":10,
            "교통총점":2.0,
            "백화점":0,
            "아울렛몰":0,
            "대형마트":0,
            "은행":70,
            "병원":60,
            "종합병원":80,
            "공원":100,
            "혐오시설":0,
            "인프라총점":32.0,
            "초등학군":85.07,
            "중학군":48.36,
            "학군총점":55.702,
            "인구수":51.2,
            "인구증감":30.12,
            "인구총점":44.876,
            "일자리":25.4,
            "소득수준":52.54,
            "일자리총점":33.542,
            "가치 총점":20.4553,
            "매매실거래년":20211025.0,
            "매매실거래가":15000.0,
            "전세실거래년":20210831.0,
            "전세실거래가":14000.0,
            "전세가율":93.33,
            "장기전세가율평균":70.05,
            "전세가율거품지수":-23.28,
            "검색코드":13653,
            "세대수":108.0,
            "준공년월":"1996-06-13",
            "준공년차":27.0,
            "가까운역이름":"금릉",
            "가까운역거리":1043.43,
            "역세권여부":"비역세권",
            "30분이내주요거점역":0,
            "1시간이내주요거점역":1,
            "3km이내백화점수":0,
            "5km이내아울렛몰수":0,
            "1km이내대형먀트수":0,
            "500m이내은행수":3,
            "500m이내병원수":27,
            "5km이내대형병원수":1,
            "500m이내공원수":5,
            "3km이내혐오시설수":0,
            "초등학교학업성취도":85.07,
            "중학교학업성취도":79.4,
            "용적률":305,
            "건폐율":28,
            "Y":37.756786,
            "X":126.774996,
            "rank":117.0,
            "area_info":"23평(77.27), 33평(110.43)",
            "last_sales":"2021-10-25,15000.0,23평(77.27)"
        },
        {
            "index":647,
            "아파트명":"성호",
            "투자타입":"일반",
            "전용면적(m2)":"78.27",
            "전용면적(평)":"23평",
            "법정동주소":"경기도 파주시 조리읍 봉일천리 125-22",
            "도로명주소":"경기도 파주시 통일로 306",
            "세대수":0,
            "입주년차":0,
            "용적률점수":"--",
            "건폐율점수":"--",
            "세대당주차수":0,
            "난방방식":30,
            "공급면적":"--",
            "전용률":"--",
            "욕실수":50,
            "현관타입":100,
            "주거총점":18.0,
            "지역구공급총점":0.0,
            "역세권":0,
            "30분내 이동가능 거점":0,
            "1시간내 이동가능 거점":0,
            "교통총점":0.0,
            "백화점":0,
            "아울렛몰":0,
            "대형마트":0,
            "은행":0,
            "병원":60,
            "종합병원":80,
            "공원":100,
            "혐오시설":0,
            "인프라총점":25.0,
            "초등학군":90.55,
            "중학군":48.58,
            "학군총점":56.974,
            "인구수":51.2,
            "인구증감":30.12,
            "인구총점":44.876,
            "일자리":25.4,
            "소득수준":52.54,
            "일자리총점":33.542,
            "가치 총점":19.6461,
            "매매실거래년":20211104.0,
            "매매실거래가":25000.0,
            "전세실거래년":20211110.0,
            "전세실거래가":15000.0,
            "전세가율":88.24,
            "장기전세가율평균":70.05,
            "전세가율거품지수":-18.19,
            "검색코드":11895,
            "세대수":282.0,
            "준공년월":"1997-11-07",
            "준공년차":26.0,
            "가까운역이름":"금촌",
            "가까운역거리":4096.89,
            "역세권여부":"비역세권",
            "30분이내주요거점역":0,
            "1시간이내주요거점역":0,
            "3km이내백화점수":0,
            "5km이내아울렛몰수":0,
            "1km이내대형먀트수":0,
            "500m이내은행수":1,
            "500m이내병원수":13,
            "5km이내대형병원수":1,
            "500m이내공원수":2,
            "3km이내혐오시설수":0,
            "초등학교학업성취도":90.55,
            "중학교학업성취도":79.9,
            "용적률":0,
            "건폐율":0,
            "Y":37.743453,
            "X":126.811286,
            "rank":118.0,
            "area_info":"23평(78.27), 31평(104.04)",
            "last_sales":"2021-11-04,25000.0,31평(104.04)"
        },
        {
            "index":653,
            "아파트명":"윤창(237-5)",
            "투자타입":"일반",
            "전용면적(m2)":"79.68",
            "전용면적(평)":"24평",
            "법정동주소":"경기도 파주시 조리읍 봉일천리 237-5",
            "도로명주소":"경기도 파주시 두루봉로 21",
            "세대수":0,
            "입주년차":0,
            "용적률점수":"--",
            "건폐율점수":"--",
            "세대당주차수":0,
            "난방방식":30,
            "공급면적":"--",
            "전용률":"--",
            "욕실수":50,
            "현관타입":100,
            "주거총점":18.0,
            "지역구공급총점":0.0,
            "역세권":0,
            "30분내 이동가능 거점":0,
            "1시간내 이동가능 거점":0,
            "교통총점":0.0,
            "백화점":0,
            "아울렛몰":0,
            "대형마트":0,
            "은행":0,
            "병원":60,
            "종합병원":80,
            "공원":100,
            "혐오시설":0,
            "인프라총점":25.0,
            "초등학군":90.55,
            "중학군":48.58,
            "학군총점":56.974,
            "인구수":51.2,
            "인구증감":30.12,
            "인구총점":44.876,
            "일자리":25.4,
            "소득수준":52.54,
            "일자리총점":33.542,
            "가치 총점":19.6461,
            "매매실거래년":20211207.0,
            "매매실거래가":14500.0,
            "전세실거래년":20210813.0,
            "전세실거래가":11500.0,
            "전세가율":79.31,
            "장기전세가율평균":70.05,
            "전세가율거품지수":-9.26,
            "검색코드":13062,
            "세대수":138.0,
            "준공년월":"1993-06-05",
            "준공년차":30.0,
            "가까운역이름":"금촌",
            "가까운역거리":3837.52,
            "역세권여부":"비역세권",
            "30분이내주요거점역":0,
            "1시간이내주요거점역":0,
            "3km이내백화점수":0,
            "5km이내아울렛몰수":0,
            "1km이내대형먀트수":0,
            "500m이내은행수":1,
            "500m이내병원수":13,
            "5km이내대형병원수":1,
            "500m이내공원수":3,
            "3km이내혐오시설수":0,
            "초등학교학업성취도":90.55,
            "중학교학업성취도":79.9,
            "용적률":319,
            "건폐율":26,
            "Y":37.746145,
            "X":126.810153,
            "rank":118.0,
            "area_info":"24평(79.68), 34평(112.94)",
            "last_sales":"2021-12-07,14500.0,24평(79.68)"
        },
        {
            "index":658,
            "아파트명":"태형미림",
            "투자타입":"일반",
            "전용면적(m2)":"77.49",
            "전용면적(평)":"23평",
            "법정동주소":"경기도 파주시 조리읍 봉일천리 262-23",
            "도로명주소":"경기도 파주시 두루봉로 31",
            "세대수":0,
            "입주년차":0,
            "용적률점수":"--",
            "건폐율점수":"--",
            "세대당주차수":0,
            "난방방식":30,
            "공급면적":"--",
            "전용률":"--",
            "욕실수":50,
            "현관타입":100,
            "주거총점":18.0,
            "지역구공급총점":0.0,
            "역세권":0,
            "30분내 이동가능 거점":0,
            "1시간내 이동가능 거점":0,
            "교통총점":0.0,
            "백화점":0,
            "아울렛몰":0,
            "대형마트":0,
            "은행":0,
            "병원":60,
            "종합병원":80,
            "공원":100,
            "혐오시설":0,
            "인프라총점":25.0,
            "초등학군":90.55,
            "중학군":48.58,
            "학군총점":56.974,
            "인구수":51.2,
            "인구증감":30.12,
            "인구총점":44.876,
            "일자리":25.4,
            "소득수준":52.54,
            "일자리총점":33.542,
            "가치 총점":19.6461,
            "매매실거래년":20220115.0,
            "매매실거래가":13400.0,
            "전세실거래년":20191120.0,
            "전세실거래가":8000.0,
            "전세가율":59.7,
            "장기전세가율평균":70.05,
            "전세가율거품지수":10.35,
            "검색코드":15180,
            "세대수":142.0,
            "준공년월":"1993-05-01",
            "준공년차":30.0,
            "가까운역이름":"금촌",
            "가까운역거리":3810.0,
            "역세권여부":"비역세권",
            "30분이내주요거점역":0,
            "1시간이내주요거점역":0,
            "3km이내백화점수":0,
            "5km이내아울렛몰수":0,
            "1km이내대형먀트수":0,
            "500m이내은행수":1,
            "500m이내병원수":11,
            "5km이내대형병원수":1,
            "500m이내공원수":3,
            "3km이내혐오시설수":0,
            "초등학교학업성취도":90.55,
            "중학교학업성취도":79.9,
            "용적률":267,
            "건폐율":24,
            "Y":37.74723,
            "X":126.81072,
            "rank":118.0,
            "area_info":"23평(77.49), 23평(77.06), 31평(103.95), 31평(103.81), 31평(104.34)",
            "last_sales":"2022-01-15,13400.0,23평(77.49)"
        },
        {
            "index":635,
            "아파트명":"동문1차",
            "투자타입":"일반",
            "전용면적(m2)":"75.81",
            "전용면적(평)":"22평",
            "법정동주소":"경기도 파주시 조리읍 봉일천리 147-1",
            "도로명주소":"경기도 파주시 고봉로 1016",
            "세대수":0,
            "입주년차":0,
            "용적률점수":"--",
            "건폐율점수":"--",
            "세대당주차수":0,
            "난방방식":30,
            "공급면적":"--",
            "전용률":"--",
            "욕실수":50,
            "현관타입":100,
            "주거총점":18.0,
            "지역구공급총점":0.0,
            "역세권":0,
            "30분내 이동가능 거점":0,
            "1시간내 이동가능 거점":0,
            "교통총점":0.0,
            "백화점":0,
            "아울렛몰":0,
            "대형마트":0,
            "은행":0,
            "병원":60,
            "종합병원":80,
            "공원":80,
            "혐오시설":0,
            "인프라총점":24.4,
            "초등학군":90.55,
            "중학군":48.58,
            "학군총점":56.974,
            "인구수":51.2,
            "인구증감":30.12,
            "인구총점":44.876,
            "일자리":25.4,
            "소득수준":52.54,
            "일자리총점":33.542,
            "가치 총점":19.4661,
            "매매실거래년":20210923.0,
            "매매실거래가":14250.0,
            "전세실거래년":20210930.0,
            "전세실거래가":13000.0,
            "전세가율":91.23,
            "장기전세가율평균":70.05,
            "전세가율거품지수":-21.18,
            "검색코드":10950,
            "세대수":118.0,
            "준공년월":"1996-11-29",
            "준공년차":27.0,
            "가까운역이름":"금릉",
            "가까운역거리":3857.27,
            "역세권여부":"비역세권",
            "30분이내주요거점역":0,
            "1시간이내주요거점역":0,
            "3km이내백화점수":0,
            "5km이내아울렛몰수":0,
            "1km이내대형먀트수":0,
            "500m이내은행수":1,
            "500m이내병원수":13,
            "5km이내대형병원수":1,
            "500m이내공원수":1,
            "3km이내혐오시설수":0,
            "초등학교학업성취도":90.55,
            "중학교학업성취도":79.9,
            "용적률":365,
            "건폐율":29,
            "Y":37.742237,
            "X":126.807686,
            "rank":119.0,
            "area_info":"22평(75.81), 30평(100.31)",
            "last_sales":"2021-09-23,14250.0,22평(75.81)"
        },
        {
            "index":83,
            "아파트명":"보광그랑베르(도시형)",
            "투자타입":"일반",
            "전용면적(m2)":"24.75",
            "전용면적(평)":"7평",
            "법정동주소":"경기도 파주시 금촌동 792-3",
            "도로명주소":"경기도 파주시 중앙로 215",
            "세대수":0,
            "입주년차":60,
            "용적률점수":"--",
            "건폐율점수":"--",
            "세대당주차수":0,
            "난방방식":30,
            "공급면적":"--",
            "전용률":"--",
            "욕실수":50,
            "현관타입":10,
            "주거총점":21.0,
            "지역구공급총점":0.0,
            "역세권":0,
            "30분내 이동가능 거점":0,
            "1시간내 이동가능 거점":0,
            "교통총점":0.0,
            "백화점":0,
            "아울렛몰":0,
            "대형마트":0,
            "은행":0,
            "병원":30,
            "종합병원":80,
            "공원":100,
            "혐오시설":0,
            "인프라총점":22.0,
            "초등학군":89.04,
            "중학군":48.36,
            "학군총점":56.496,
            "인구수":51.2,
            "인구증감":30.12,
            "인구총점":44.876,
            "일자리":25.4,
            "소득수준":52.54,
            "일자리총점":33.542,
            "가치 총점":19.2744,
            "매매실거래년":20220113.0,
            "매매실거래가":6200.0,
            "전세실거래년":20200215.0,
            "전세실거래가":500.0,
            "전세가율":8.06,
            "장기전세가율평균":70.05,
            "전세가율거품지수":61.99,
            "검색코드":107171,
            "세대수":136.0,
            "준공년월":"2013-08-14",
            "준공년차":10.0,
            "가까운역이름":"금촌",
            "가까운역거리":1252.68,
            "역세권여부":"비역세권",
            "30분이내주요거점역":0,
            "1시간이내주요거점역":0,
            "3km이내백화점수":0,
            "5km이내아울렛몰수":0,
            "1km이내대형먀트수":0,
            "500m이내은행수":1,
            "500m이내병원수":7,
            "5km이내대형병원수":1,
            "500m이내공원수":6,
            "3km이내혐오시설수":0,
            "초등학교학업성취도":89.04,
            "중학교학업성취도":79.4,
            "용적률":291,
            "건폐율":25,
            "Y":37.755719,
            "X":126.779814,
            "rank":120.0,
            "area_info":"7평(24.75), 8평(27.79), 15평(49.97), 16평(55.99), 19평(63.57)",
            "last_sales":"2022-01-13,6200.0,7평(24.75)"
        },
        {
            "index":655,
            "아파트명":"태형내산마을",
            "투자타입":"일반",
            "전용면적(m2)":"73.37",
            "전용면적(평)":"22평",
            "법정동주소":"경기도 파주시 조리읍 봉일천리 262",
            "도로명주소":"경기도 파주시 두루봉로 37",
            "세대수":0,
            "입주년차":0,
            "용적률점수":"--",
            "건폐율점수":"--",
            "세대당주차수":0,
            "난방방식":30,
            "공급면적":"--",
            "전용률":"--",
            "욕실수":50,
            "현관타입":100,
            "주거총점":18.0,
            "지역구공급총점":0.0,
            "역세권":0,
            "30분내 이동가능 거점":0,
            "1시간내 이동가능 거점":0,
            "교통총점":0.0,
            "백화점":0,
            "아울렛몰":0,
            "대형마트":0,
            "은행":0,
            "병원":30,
            "종합병원":80,
            "공원":100,
            "혐오시설":0,
            "인프라총점":22.0,
            "초등학군":90.55,
            "중학군":48.58,
            "학군총점":56.974,
            "인구수":51.2,
            "인구증감":30.12,
            "인구총점":44.876,
            "일자리":25.4,
            "소득수준":52.54,
            "일자리총점":33.542,
            "가치 총점":18.7461,
            "매매실거래년":20211126.0,
            "매매실거래가":15200.0,
            "전세실거래년":20211120.0,
            "전세실거래가":16000.0,
            "전세가율":105.26,
            "장기전세가율평균":70.05,
            "전세가율거품지수":-35.21,
            "검색코드":12123,
            "세대수":227.0,
            "준공년월":"1996-08-23",
            "준공년차":27.0,
            "가까운역이름":"금촌",
            "가까운역거리":3830.47,
            "역세권여부":"비역세권",
            "30분이내주요거점역":0,
            "1시간이내주요거점역":0,
            "3km이내백화점수":0,
            "5km이내아울렛몰수":0,
            "1km이내대형먀트수":0,
            "500m이내은행수":1,
            "500m이내병원수":7,
            "5km이내대형병원수":1,
            "500m이내공원수":3,
            "3km이내혐오시설수":0,
            "초등학교학업성취도":90.55,
            "중학교학업성취도":79.9,
            "용적률":0,
            "건폐율":0,
            "Y":37.74758,
            "X":126.811288,
            "rank":121.0,
            "area_info":"22평(73.37), 30평(99.66), 38평(128.61)",
            "last_sales":"2021-11-26,15200.0,22평(73.37)"
        },
        {
            "index":358,
            "아파트명":"세아",
            "투자타입":"재건축",
            "전용면적(m2)":"104.05",
            "전용면적(평)":"31평",
            "법정동주소":"경기도 파주시 문산읍 당동리 92-4",
            "도로명주소":"경기도 파주시 봉미로 45",
            "세대수":0,
            "입주년차":"--",
            "용적률점수":0,
            "건폐율점수":80,
            "세대당주차수":"--",
            "난방방식":"--",
            "공급면적":90,
            "전용률":60,
            "욕실수":"--",
            "현관타입":"--",
            "주거총점":23.5,
            "지역구공급총점":0.0,
            "역세권":0,
            "30분내 이동가능 거점":0,
            "1시간내 이동가능 거점":0,
            "교통총점":0.0,
            "백화점":0,
            "아울렛몰":0,
            "대형마트":100,
            "은행":0,
            "병원":60,
            "종합병원":0,
            "공원":100,
            "혐오시설":0,
            "인프라총점":24.0,
            "초등학군":85.74,
            "중학군":33.66,
            "학군총점":44.076,
            "인구수":51.2,
            "인구증감":30.12,
            "인구총점":44.876,
            "일자리":25.4,
            "소득수준":52.54,
            "일자리총점":33.542,
            "가치 총점":18.5114,
            "매매실거래년":20211120.0,
            "매매실거래가":15000.0,
            "전세실거래년":20201212.0,
            "전세실거래가":13500.0,
            "전세가율":90.0,
            "장기전세가율평균":70.05,
            "전세가율거품지수":-19.95,
            "검색코드":15157,
            "세대수":116.0,
            "준공년월":"1991-06-18",
            "준공년차":32.0,
            "가까운역이름":"문산",
            "가까운역거리":1058.73,
            "역세권여부":"비역세권",
            "30분이내주요거점역":0,
            "1시간이내주요거점역":0,
            "3km이내백화점수":0,
            "5km이내아울렛몰수":0,
            "1km이내대형먀트수":2,
            "500m이내은행수":1,
            "500m이내병원수":11,
            "5km이내대형병원수":0,
            "500m이내공원수":2,
            "3km이내혐오시설수":0,
            "초등학교학업성취도":85.74,
            "중학교학업성취도":56.1,
            "용적률":293,
            "건폐율":25,
            "Y":37.863549,
            "X":126.783863,
            "rank":122.0,
            "area_info":"31평(104.05)",
            "last_sales":"2021-11-20,15000.0,31평(104.05)"
        },
        {
            "index":323,
            "아파트명":"문산선유4단지",
            "투자타입":"일반",
            "전용면적(m2)":"110.1",
            "전용면적(평)":"33평",
            "법정동주소":"경기도 파주시 문산읍 선유리 1409",
            "도로명주소":"경기도 파주시 독서울1길 21",
            "세대수":30,
            "입주년차":60,
            "용적률점수":"--",
            "건폐율점수":"--",
            "세대당주차수":30,
            "난방방식":30,
            "공급면적":"--",
            "전용률":"--",
            "욕실수":100,
            "현관타입":100,
            "주거총점":50.0,
            "지역구공급총점":0.0,
            "역세권":0,
            "30분내 이동가능 거점":0,
            "1시간내 이동가능 거점":0,
            "교통총점":0.0,
            "백화점":0,
            "아울렛몰":0,
            "대형마트":0,
            "은행":0,
            "병원":10,
            "종합병원":0,
            "공원":100,
            "혐오시설":0,
            "인프라총점":4.0,
            "초등학군":87.75,
            "중학군":35.94,
            "학군총점":46.302,
            "인구수":51.2,
            "인구증감":30.12,
            "인구총점":44.876,
            "일자리":25.4,
            "소득수준":52.54,
            "일자리총점":33.542,
            "가치 총점":18.1453,
            "매매실거래년":20211227.0,
            "매매실거래가":26500.0,
            "전세실거래년":20220108.0,
            "전세실거래가":24000.0,
            "전세가율":92.31,
            "장기전세가율평균":70.05,
            "전세가율거품지수":-22.26,
            "검색코드":102318,
            "세대수":343.0,
            "준공년월":"2011-11-30",
            "준공년차":12.0,
            "가까운역이름":"문산",
            "가까운역거리":1805.1,
            "역세권여부":"비역세권",
            "30분이내주요거점역":0,
            "1시간이내주요거점역":0,
            "3km이내백화점수":0,
            "5km이내아울렛몰수":0,
            "1km이내대형먀트수":0,
            "500m이내은행수":0,
            "500m이내병원수":2,
            "5km이내대형병원수":0,
            "500m이내공원수":2,
            "3km이내혐오시설수":0,
            "초등학교학업성취도":87.75,
            "중학교학업성취도":59.9,
            "용적률":147,
            "건폐율":19,
            "Y":37.86568,
            "X":126.803097,
            "rank":123.0,
            "area_info":"33평(110.1), 33평(110.09), 33평(110.09)",
            "last_sales":"2021-12-27,26500.0,33평(110.09)"
        },
        {
            "index":319,
            "아파트명":"당동주공2단지",
            "투자타입":"일반",
            "전용면적(m2)":"63.57",
            "전용면적(평)":"19평",
            "법정동주소":"경기도 파주시 문산읍 당동리 871",
            "도로명주소":"경기도 파주시 방촌로 1662",
            "세대수":50,
            "입주년차":20,
            "용적률점수":"--",
            "건폐율점수":"--",
            "세대당주차수":0,
            "난방방식":30,
            "공급면적":"--",
            "전용률":"--",
            "욕실수":50,
            "현관타입":10,
            "주거총점":30.5,
            "지역구공급총점":0.0,
            "역세권":0,
            "30분내 이동가능 거점":0,
            "1시간내 이동가능 거점":0,
            "교통총점":0.0,
            "백화점":0,
            "아울렛몰":0,
            "대형마트":100,
            "은행":0,
            "병원":0,
            "종합병원":0,
            "공원":100,
            "혐오시설":0,
            "인프라총점":18.0,
            "초등학군":84.34,
            "중학군":33.66,
            "학군총점":43.796,
            "인구수":51.2,
            "인구증감":30.12,
            "인구총점":44.876,
            "일자리":25.4,
            "소득수준":52.54,
            "일자리총점":33.542,
            "가치 총점":18.0694,
            "매매실거래년":20211203.0,
            "매매실거래가":15500.0,
            "전세실거래년":20211225.0,
            "전세실거래가":14000.0,
            "전세가율":90.32,
            "장기전세가율평균":70.05,
            "전세가율거품지수":-20.27,
            "검색코드":16251,
            "세대수":415.0,
            "준공년월":"2002-06-27",
            "준공년차":21.0,
            "가까운역이름":"문산",
            "가까운역거리":1028.27,
            "역세권여부":"비역세권",
            "30분이내주요거점역":0,
            "1시간이내주요거점역":0,
            "3km이내백화점수":0,
            "5km이내아울렛몰수":0,
            "1km이내대형먀트수":2,
            "500m이내은행수":0,
            "500m이내병원수":1,
            "5km이내대형병원수":0,
            "500m이내공원수":2,
            "3km이내혐오시설수":0,
            "초등학교학업성취도":84.34,
            "중학교학업성취도":56.1,
            "용적률":184,
            "건폐율":16,
            "Y":37.861654,
            "X":126.780445,
            "rank":124.0,
            "area_info":"19평(63.57), 22평(75.76)",
            "last_sales":"2021-12-03,15500.0,19평(63.57)"
        },
        {
            "index":6,
            "아파트명":"동신라메르",
            "투자타입":"일반",
            "전용면적(m2)":"86.64",
            "전용면적(평)":"26평",
            "법정동주소":"경기도 파주시 광탄면 신산리 683",
            "도로명주소":"경기도 파주시 큰여울길 20-21",
            "세대수":0,
            "입주년차":40,
            "용적률점수":"--",
            "건폐율점수":"--",
            "세대당주차수":30,
            "난방방식":30,
            "공급면적":"--",
            "전용률":"--",
            "욕실수":100,
            "현관타입":100,
            "주거총점":35.5,
            "지역구공급총점":0.0,
            "역세권":0,
            "30분내 이동가능 거점":0,
            "1시간내 이동가능 거점":0,
            "교통총점":0.0,
            "백화점":0,
            "아울렛몰":0,
            "대형마트":80,
            "은행":0,
            "병원":30,
            "종합병원":0,
            "공원":0,
            "혐오시설":0,
            "인프라총점":15.0,
            "초등학군":84.17,
            "중학군":30.3,
            "학군총점":41.074,
            "인구수":51.2,
            "인구증감":30.12,
            "인구총점":44.876,
            "일자리":25.4,
            "소득수준":52.54,
            "일자리총점":33.542,
            "가치 총점":17.7611,
            "매매실거래년":20211006.0,
            "매매실거래가":18500.0,
            "전세실거래년":20181026.0,
            "전세실거래가":8000.0,
            "전세가율":51.61,
            "장기전세가율평균":70.05,
            "전세가율거품지수":18.44,
            "검색코드":17735,
            "세대수":164.0,
            "준공년월":"2005-12-30",
            "준공년차":18.0,
            "가까운역이름":"월롱",
            "가까운역거리":5307.31,
            "역세권여부":"비역세권",
            "30분이내주요거점역":0,
            "1시간이내주요거점역":0,
            "3km이내백화점수":0,
            "5km이내아울렛몰수":0,
            "1km이내대형먀트수":1,
            "500m이내은행수":1,
            "500m이내병원수":5,
            "5km이내대형병원수":0,
            "500m이내공원수":0,
            "3km이내혐오시설수":0,
            "초등학교학업성취도":84.17,
            "중학교학업성취도":50.5,
            "용적률":216,
            "건폐율":23,
            "Y":37.779943,
            "X":126.849377,
            "rank":125.0,
            "area_info":"26평(86.64), 32평(107.38), 32평(108.7)",
            "last_sales":"2021-10-06,18500.0,32평(108.7)"
        },
        {
            "index":425,
            "아파트명":"율곡3차",
            "투자타입":"일반",
            "전용면적(m2)":"56.03",
            "전용면적(평)":"16평",
            "법정동주소":"경기도 파주시 법원읍 법원리 674-2",
            "도로명주소":"경기도 파주시 자운서원로 36-39",
            "세대수":0,
            "입주년차":20,
            "용적률점수":"--",
            "건폐율점수":"--",
            "세대당주차수":0,
            "난방방식":30,
            "공급면적":"--",
            "전용률":"--",
            "욕실수":50,
            "현관타입":100,
            "주거총점":22.0,
            "지역구공급총점":0.0,
            "역세권":0,
            "30분내 이동가능 거점":0,
            "1시간내 이동가능 거점":0,
            "교통총점":0.0,
            "백화점":0,
            "아울렛몰":0,
            "대형마트":80,
            "은행":0,
            "병원":30,
            "종합병원":0,
            "공원":80,
            "혐오시설":0,
            "인프라총점":17.4,
            "초등학군":86.41,
            "중학군":43.56,
            "학군총점":52.13,
            "인구수":51.2,
            "인구증감":30.12,
            "인구총점":44.876,
            "일자리":25.4,
            "소득수준":52.54,
            "일자리총점":33.542,
            "가치 총점":17.4395,
            "매매실거래년":20211223.0,
            "매매실거래가":15000.0,
            "전세실거래년":20190102.0,
            "전세실거래가":3500.0,
            "전세가율":41.18,
            "장기전세가율평균":70.05,
            "전세가율거품지수":28.87,
            "검색코드":19413,
            "세대수":180.0,
            "준공년월":"2000-11-27",
            "준공년차":23.0,
            "가까운역이름":"문산",
            "가까운역거리":7364.38,
            "역세권여부":"비역세권",
            "30분이내주요거점역":0,
            "1시간이내주요거점역":0,
            "3km이내백화점수":0,
            "5km이내아울렛몰수":0,
            "1km이내대형먀트수":1,
            "500m이내은행수":0,
            "500m이내병원수":6,
            "5km이내대형병원수":0,
            "500m이내공원수":1,
            "3km이내혐오시설수":0,
            "초등학교학업성취도":86.41,
            "중학교학업성취도":72.6,
            "용적률":203,
            "건폐율":17,
            "Y":37.852289,
            "X":126.871874,
            "rank":126.0,
            "area_info":"16평(56.03), 21평(72.08), 25평(84.68), 29평(97.29)",
            "last_sales":"2021-12-23,15000.0,29평(97.29)"
        },
        {
            "index":637,
            "아파트명":"무궁화",
            "투자타입":"재건축",
            "전용면적(m2)":"58.7",
            "전용면적(평)":"17평",
            "법정동주소":"경기도 파주시 조리읍 봉일천리 157-1",
            "도로명주소":"경기도 파주시 공릉장터길 27",
            "세대수":0,
            "입주년차":"--",
            "용적률점수":0,
            "건폐율점수":0,
            "세대당주차수":"--",
            "난방방식":"--",
            "공급면적":50,
            "전용률":60,
            "욕실수":"--",
            "현관타입":"--",
            "주거총점":5.5,
            "지역구공급총점":0.0,
            "역세권":0,
            "30분내 이동가능 거점":0,
            "1시간내 이동가능 거점":0,
            "교통총점":0.0,
            "백화점":0,
            "아울렛몰":0,
            "대형마트":0,
            "은행":0,
            "병원":60,
            "종합병원":80,
            "공원":100,
            "혐오시설":0,
            "인프라총점":25.0,
            "초등학군":90.55,
            "중학군":48.58,
            "학군총점":56.974,
            "인구수":51.2,
            "인구증감":30.12,
            "인구총점":44.876,
            "일자리":25.4,
            "소득수준":52.54,
            "일자리총점":33.542,
            "가치 총점":17.1461,
            "매매실거래년":20211002.0,
            "매매실거래가":8500.0,
            "전세실거래년":20210517.0,
            "전세실거래가":6000.0,
            "전세가율":70.59,
            "장기전세가율평균":70.05,
            "전세가율거품지수":-0.54,
            "검색코드":16255,
            "세대수":130.0,
            "준공년월":"1988-10-01",
            "준공년차":35.0,
            "가까운역이름":"금릉",
            "가까운역거리":3680.04,
            "역세권여부":"비역세권",
            "30분이내주요거점역":0,
            "1시간이내주요거점역":0,
            "3km이내백화점수":0,
            "5km이내아울렛몰수":0,
            "1km이내대형먀트수":0,
            "500m이내은행수":1,
            "500m이내병원수":13,
            "5km이내대형병원수":1,
            "500m이내공원수":2,
            "3km이내혐오시설수":0,
            "초등학교학업성취도":90.55,
            "중학교학업성취도":79.9,
            "용적률":0,
            "건폐율":0,
            "Y":37.74304,
            "X":126.80587,
            "rank":127.0,
            "area_info":"17평(58.7), 18평(62.4), 23평(76.58)",
            "last_sales":"2021-10-02,8500.0,17평(58.7)"
        },
        {
            "index":422,
            "아파트명":"안산율곡2차",
            "투자타입":"일반",
            "전용면적(m2)":"60.32",
            "전용면적(평)":"18평",
            "법정동주소":"경기도 파주시 법원읍 가야리 30-2",
            "도로명주소":"경기도 파주시 자운서원로 36-29",
            "세대수":0,
            "입주년차":0,
            "용적률점수":"--",
            "건폐율점수":"--",
            "세대당주차수":0,
            "난방방식":30,
            "공급면적":"--",
            "전용률":"--",
            "욕실수":50,
            "현관타입":100,
            "주거총점":18.0,
            "지역구공급총점":0.0,
            "역세권":0,
            "30분내 이동가능 거점":0,
            "1시간내 이동가능 거점":0,
            "교통총점":0.0,
            "백화점":0,
            "아울렛몰":0,
            "대형마트":80,
            "은행":0,
            "병원":30,
            "종합병원":0,
            "공원":80,
            "혐오시설":0,
            "인프라총점":17.4,
            "초등학군":86.41,
            "중학군":43.56,
            "학군총점":52.13,
            "인구수":51.2,
            "인구증감":30.12,
            "인구총점":44.876,
            "일자리":25.4,
            "소득수준":52.54,
            "일자리총점":33.542,
            "가치 총점":16.6395,
            "매매실거래년":20220118.0,
            "매매실거래가":9000.0,
            "전세실거래년":20201007.0,
            "전세실거래가":4000.0,
            "전세가율":50.0,
            "장기전세가율평균":70.05,
            "전세가율거품지수":20.05,
            "검색코드":15170,
            "세대수":180.0,
            "준공년월":"1994-11-30",
            "준공년차":29.0,
            "가까운역이름":"문산",
            "가까운역거리":7346.0,
            "역세권여부":"비역세권",
            "30분이내주요거점역":0,
            "1시간이내주요거점역":0,
            "3km이내백화점수":0,
            "5km이내아울렛몰수":0,
            "1km이내대형먀트수":1,
            "500m이내은행수":0,
            "500m이내병원수":6,
            "5km이내대형병원수":0,
            "500m이내공원수":1,
            "3km이내혐오시설수":0,
            "초등학교학업성취도":86.41,
            "중학교학업성취도":72.6,
            "용적률":175,
            "건폐율":13,
            "Y":37.85266,
            "X":126.87168,
            "rank":128.0,
            "area_info":"18평(60.32), 21평(69.76), 23평(79.01)",
            "last_sales":"2022-01-18,9000.0,21평(69.76)"
        },
        {
            "index":683,
            "아파트명":"효자그린빌",
            "투자타입":"일반",
            "전용면적(m2)":"71.32",
            "전용면적(평)":"21평",
            "법정동주소":"경기도 파주시 탄현면 법흥리 1566",
            "도로명주소":"경기도 파주시 여치길 77",
            "세대수":0,
            "입주년차":0,
            "용적률점수":"--",
            "건폐율점수":"--",
            "세대당주차수":30,
            "난방방식":30,
            "공급면적":"--",
            "전용률":"--",
            "욕실수":50,
            "현관타입":100,
            "주거총점":22.5,
            "지역구공급총점":0.0,
            "역세권":0,
            "30분내 이동가능 거점":0,
            "1시간내 이동가능 거점":0,
            "교통총점":0.0,
            "백화점":0,
            "아울렛몰":80,
            "대형마트":0,
            "은행":0,
            "병원":10,
            "종합병원":0,
            "공원":100,
            "혐오시설":0,
            "인프라총점":12.0,
            "초등학군":85.89,
            "중학군":44.76,
            "학군총점":52.986,
            "인구수":51.2,
            "인구증감":30.12,
            "인구총점":44.876,
            "일자리":25.4,
            "소득수준":52.54,
            "일자리총점":33.542,
            "가치 총점":16.0479,
            "매매실거래년":"18000101",
            "매매실거래가":null,
            "전세실거래년":null,
            "전세실거래가":null,
            "전세가율":null,
            "장기전세가율평균":70.05,
            "전세가율거품지수":null,
            "검색코드":14405,
            "세대수":282.0,
            "준공년월":"1998-12-15",
            "준공년차":25.0,
            "가까운역이름":"금릉",
            "가까운역거리":5963.11,
            "역세권여부":"비역세권",
            "30분이내주요거점역":0,
            "1시간이내주요거점역":0,
            "3km이내백화점수":0,
            "5km이내아울렛몰수":1,
            "1km이내대형먀트수":0,
            "500m이내은행수":0,
            "500m이내병원수":3,
            "5km이내대형병원수":0,
            "500m이내공원수":5,
            "3km이내혐오시설수":0,
            "초등학교학업성취도":85.89,
            "중학교학업성취도":74.6,
            "용적률":79,
            "건폐율":34,
            "Y":37.77117,
            "X":126.70233,
            "rank":129.0,
            "area_info":"21평(71.32), 21평(71.02), 30평(99.23)",
            "last_sales":"1800-01-01,nan,21평(71.32)"
        },
        {
            "index":686,
            "아파트명":"동광모닝스카이",
            "투자타입":"일반",
            "전용면적(m2)":"112.58",
            "전용면적(평)":"34평",
            "법정동주소":"경기도 파주시 파주읍 연풍리 483",
            "도로명주소":"경기도 파주시 술이홀로 409-6",
            "세대수":0,
            "입주년차":60,
            "용적률점수":"--",
            "건폐율점수":"--",
            "세대당주차수":30,
            "난방방식":30,
            "공급면적":"--",
            "전용률":"--",
            "욕실수":100,
            "현관타입":100,
            "주거총점":39.5,
            "지역구공급총점":0.0,
            "역세권":0,
            "30분내 이동가능 거점":0,
            "1시간내 이동가능 거점":0,
            "교통총점":0.0,
            "백화점":0,
            "아울렛몰":0,
            "대형마트":0,
            "은행":0,
            "병원":0,
            "종합병원":0,
            "공원":80,
            "혐오시설":0,
            "인프라총점":2.4,
            "초등학군":89.32,
            "중학군":37.74,
            "학군총점":48.056,
            "인구수":51.2,
            "인구증감":30.12,
            "인구총점":44.876,
            "일자리":25.4,
            "소득수준":52.54,
            "일자리총점":33.542,
            "가치 총점":15.8284,
            "매매실거래년":20220117.0,
            "매매실거래가":22800.0,
            "전세실거래년":20120820.0,
            "전세실거래가":7000.0,
            "전세가율":30.7,
            "장기전세가율평균":70.05,
            "전세가율거품지수":39.35,
            "검색코드":100723,
            "세대수":227.0,
            "준공년월":"2009-11-30",
            "준공년차":14.0,
            "가까운역이름":"파주",
            "가까운역거리":3883.78,
            "역세권여부":"비역세권",
            "30분이내주요거점역":0,
            "1시간이내주요거점역":0,
            "3km이내백화점수":0,
            "5km이내아울렛몰수":0,
            "1km이내대형먀트수":0,
            "500m이내은행수":0,
            "500m이내병원수":0,
            "5km이내대형병원수":0,
            "500m이내공원수":1,
            "3km이내혐오시설수":0,
            "초등학교학업성취도":89.32,
            "중학교학업성취도":62.9,
            "용적률":195,
            "건폐율":17,
            "Y":37.83139,
            "X":126.832028,
            "rank":130.0,
            "area_info":"34평(112.58), 34평(113.26), 34평(113.3), 34평(113.95), 34평(114.3), 45평(148.77)",
            "last_sales":"2022-01-17,22800.0,34평(112.58)"
        },
        {
            "index":420,
            "아파트명":"동원",
            "투자타입":"재건축",
            "전용면적(m2)":"77.77",
            "전용면적(평)":"23평",
            "법정동주소":"경기도 파주시 법원읍 가야리 54-8",
            "도로명주소":"경기도 파주시 사임당로 781",
            "세대수":0,
            "입주년차":"--",
            "용적률점수":0,
            "건폐율점수":0,
            "세대당주차수":"--",
            "난방방식":"--",
            "공급면적":50,
            "전용률":40,
            "욕실수":"--",
            "현관타입":"--",
            "주거총점":4.5,
            "지역구공급총점":0.0,
            "역세권":0,
            "30분내 이동가능 거점":0,
            "1시간내 이동가능 거점":0,
            "교통총점":0.0,
            "백화점":0,
            "아울렛몰":0,
            "대형마트":80,
            "은행":0,
            "병원":10,
            "종합병원":0,
            "공원":100,
            "혐오시설":0,
            "인프라총점":16.0,
            "초등학군":86.41,
            "중학군":43.56,
            "학군총점":52.13,
            "인구수":51.2,
            "인구증감":30.12,
            "인구총점":44.876,
            "일자리":25.4,
            "소득수준":52.54,
            "일자리총점":33.542,
            "가치 총점":13.5195,
            "매매실거래년":20211128.0,
            "매매실거래가":6000.0,
            "전세실거래년":20190804.0,
            "전세실거래가":3000.0,
            "전세가율":60.0,
            "장기전세가율평균":70.05,
            "전세가율거품지수":10.05,
            "검색코드":104486,
            "세대수":110.0,
            "준공년월":"1991-11-01",
            "준공년차":32.0,
            "가까운역이름":"문산",
            "가까운역거리":6977.49,
            "역세권여부":"비역세권",
            "30분이내주요거점역":0,
            "1시간이내주요거점역":0,
            "3km이내백화점수":0,
            "5km이내아울렛몰수":0,
            "1km이내대형먀트수":1,
            "500m이내은행수":0,
            "500m이내병원수":2,
            "5km이내대형병원수":0,
            "500m이내공원수":4,
            "3km이내혐오시설수":0,
            "초등학교학업성취도":86.41,
            "중학교학업성취도":72.6,
            "용적률":0,
            "건폐율":0,
            "Y":37.850512,
            "X":126.867348,
            "rank":131.0,
            "area_info":"23평(77.77), 25평(85.8)",
            "last_sales":"2021-11-28,6000.0,25평(85.8)"
        },
        {
            "index":326,
            "아파트명":"문산세성",
            "투자타입":"일반",
            "전용면적(m2)":"77.47",
            "전용면적(평)":"23평",
            "법정동주소":"경기도 파주시 문산읍 당동리 170-2",
            "도로명주소":"경기도 파주시 당동1로 46",
            "세대수":0,
            "입주년차":0,
            "용적률점수":"--",
            "건폐율점수":"--",
            "세대당주차수":0,
            "난방방식":80,
            "공급면적":"--",
            "전용률":"--",
            "욕실수":50,
            "현관타입":100,
            "주거총점":23.0,
            "지역구공급총점":0.0,
            "역세권":0,
            "30분내 이동가능 거점":0,
            "1시간내 이동가능 거점":0,
            "교통총점":0.0,
            "백화점":0,
            "아울렛몰":0,
            "대형마트":0,
            "은행":0,
            "병원":0,
            "종합병원":0,
            "공원":100,
            "혐오시설":0,
            "인프라총점":3.0,
            "초등학군":84.34,
            "중학군":40.14,
            "학군총점":48.98,
            "인구수":51.2,
            "인구증감":30.12,
            "인구총점":44.876,
            "일자리":25.4,
            "소득수준":52.54,
            "일자리총점":33.542,
            "가치 총점":12.847,
            "매매실거래년":20211126.0,
            "매매실거래가":20900.0,
            "전세실거래년":20210918.0,
            "전세실거래가":11500.0,
            "전세가율":76.67,
            "장기전세가율평균":70.05,
            "전세가율거품지수":-6.62,
            "검색코드":15158,
            "세대수":204.0,
            "준공년월":"1995-12-07",
            "준공년차":28.0,
            "가까운역이름":"문산",
            "가까운역거리":1568.48,
            "역세권여부":"비역세권",
            "30분이내주요거점역":0,
            "1시간이내주요거점역":0,
            "3km이내백화점수":0,
            "5km이내아울렛몰수":0,
            "1km이내대형먀트수":0,
            "500m이내은행수":0,
            "500m이내병원수":1,
            "5km이내대형병원수":0,
            "500m이내공원수":3,
            "3km이내혐오시설수":0,
            "초등학교학업성취도":84.34,
            "중학교학업성취도":66.9,
            "용적률":210,
            "건폐율":23,
            "Y":37.86376,
            "X":126.77444,
            "rank":132.0,
            "area_info":"23평(77.47), 31평(103.83), 31평(104.31), 31평(104.41), 38평(125.87), 38평(128.72)",
            "last_sales":"2021-11-26,20900.0,38평(128.72)"
        }
    ]
}