{
    "schema":{
        "fields":[
            {
                "name":"index",
                "type":"integer"
            },
            {
                "name":"아파트명",
                "type":"string"
            },
            {
                "name":"투자타입",
                "type":"string"
            },
            {
                "name":"전용면적(m2)",
                "type":"string"
            },
            {
                "name":"전용면적(평)",
                "type":"string"
            },
            {
                "name":"법정동주소",
                "type":"string"
            },
            {
                "name":"도로명주소",
                "type":"string"
            },
            {
                "name":"세대수",
                "type":"integer"
            },
            {
                "name":"입주년차",
                "type":"string"
            },
            {
                "name":"용적률점수",
                "type":"string"
            },
            {
                "name":"건폐율점수",
                "type":"string"
            },
            {
                "name":"세대당주차수",
                "type":"string"
            },
            {
                "name":"난방방식",
                "type":"string"
            },
            {
                "name":"공급면적",
                "type":"string"
            },
            {
                "name":"전용률",
                "type":"string"
            },
            {
                "name":"욕실수",
                "type":"string"
            },
            {
                "name":"현관타입",
                "type":"string"
            },
            {
                "name":"주거총점",
                "type":"number"
            },
            {
                "name":"지역구공급총점",
                "type":"number"
            },
            {
                "name":"역세권",
                "type":"integer"
            },
            {
                "name":"30분내 이동가능 거점",
                "type":"integer"
            },
            {
                "name":"1시간내 이동가능 거점",
                "type":"integer"
            },
            {
                "name":"교통총점",
                "type":"number"
            },
            {
                "name":"백화점",
                "type":"integer"
            },
            {
                "name":"아울렛몰",
                "type":"integer"
            },
            {
                "name":"대형마트",
                "type":"integer"
            },
            {
                "name":"은행",
                "type":"integer"
            },
            {
                "name":"병원",
                "type":"integer"
            },
            {
                "name":"종합병원",
                "type":"integer"
            },
            {
                "name":"공원",
                "type":"integer"
            },
            {
                "name":"혐오시설",
                "type":"integer"
            },
            {
                "name":"인프라총점",
                "type":"number"
            },
            {
                "name":"초등학군",
                "type":"number"
            },
            {
                "name":"중학군",
                "type":"number"
            },
            {
                "name":"학군총점",
                "type":"number"
            },
            {
                "name":"인구수",
                "type":"number"
            },
            {
                "name":"인구증감",
                "type":"number"
            },
            {
                "name":"인구총점",
                "type":"number"
            },
            {
                "name":"일자리",
                "type":"number"
            },
            {
                "name":"소득수준",
                "type":"number"
            },
            {
                "name":"일자리총점",
                "type":"number"
            },
            {
                "name":"가치 총점",
                "type":"number"
            },
            {
                "name":"매매실거래년",
                "type":"string"
            },
            {
                "name":"매매실거래가",
                "type":"number"
            },
            {
                "name":"전세실거래년",
                "type":"number"
            },
            {
                "name":"전세실거래가",
                "type":"number"
            },
            {
                "name":"전세가율",
                "type":"number"
            },
            {
                "name":"장기전세가율평균",
                "type":"number"
            },
            {
                "name":"전세가율거품지수",
                "type":"number"
            },
            {
                "name":"검색코드",
                "type":"integer"
            },
            {
                "name":"세대수",
                "type":"number"
            },
            {
                "name":"준공년월",
                "type":"string"
            },
            {
                "name":"준공년차",
                "type":"number"
            },
            {
                "name":"가까운역이름",
                "type":"string"
            },
            {
                "name":"가까운역거리",
                "type":"number"
            },
            {
                "name":"역세권여부",
                "type":"string"
            },
            {
                "name":"30분이내주요거점역",
                "type":"integer"
            },
            {
                "name":"1시간이내주요거점역",
                "type":"integer"
            },
            {
                "name":"3km이내백화점수",
                "type":"integer"
            },
            {
                "name":"5km이내아울렛몰수",
                "type":"integer"
            },
            {
                "name":"1km이내대형먀트수",
                "type":"integer"
            },
            {
                "name":"500m이내은행수",
                "type":"integer"
            },
            {
                "name":"500m이내병원수",
                "type":"integer"
            },
            {
                "name":"5km이내대형병원수",
                "type":"integer"
            },
            {
                "name":"500m이내공원수",
                "type":"integer"
            },
            {
                "name":"3km이내혐오시설수",
                "type":"integer"
            },
            {
                "name":"초등학교학업성취도",
                "type":"number"
            },
            {
                "name":"중학교학업성취도",
                "type":"number"
            },
            {
                "name":"용적률",
                "type":"integer"
            },
            {
                "name":"건폐율",
                "type":"integer"
            },
            {
                "name":"Y",
                "type":"number"
            },
            {
                "name":"X",
                "type":"number"
            },
            {
                "name":"rank",
                "type":"number"
            },
            {
                "name":"area_info",
                "type":"string"
            },
            {
                "name":"last_sales",
                "type":"string"
            }
        ],
        "primaryKey":[
            "index"
        ],
        "pandas_version":"1.4.0"
    },
    "data":[
        {
            "index":252,
            "아파트명":"이천현대홈타운",
            "투자타입":"일반",
            "전용면적(m2)":"112.14",
            "전용면적(평)":"33평",
            "법정동주소":"경기도 이천시 증일동 82-7",
            "도로명주소":"경기도 이천시 구만리로 42",
            "세대수":50,
            "입주년차":40,
            "용적률점수":"--",
            "건폐율점수":"--",
            "세대당주차수":30,
            "난방방식":30,
            "공급면적":"--",
            "전용률":"--",
            "욕실수":100,
            "현관타입":100,
            "주거총점":53.0,
            "지역구공급총점":100.0,
            "역세권":80,
            "30분내 이동가능 거점":0,
            "1시간내 이동가능 거점":50,
            "교통총점":50.0,
            "백화점":0,
            "아울렛몰":80,
            "대형마트":0,
            "은행":0,
            "병원":0,
            "종합병원":80,
            "공원":0,
            "혐오시설":0,
            "인프라총점":24.0,
            "초등학군":87.87,
            "중학군":33.48,
            "학군총점":44.358,
            "인구수":24.42,
            "인구증감":13.66,
            "인구총점":21.192,
            "일자리":17.4,
            "소득수준":99.91,
            "일자리총점":42.153,
            "가치 총점":41.9537,
            "매매실거래년":20211205.0,
            "매매실거래가":49000.0,
            "전세실거래년":20211105.0,
            "전세실거래가":35000.0,
            "전세가율":71.43,
            "장기전세가율평균":73.31,
            "전세가율거품지수":1.88,
            "검색코드":17459,
            "세대수":523.0,
            "준공년월":"2005-08-19",
            "준공년차":18.0,
            "가까운역이름":"이천",
            "가까운역거리":229.77,
            "역세권여부":"역세권",
            "30분이내주요거점역":0,
            "1시간이내주요거점역":5,
            "3km이내백화점수":0,
            "5km이내아울렛몰수":1,
            "1km이내대형먀트수":0,
            "500m이내은행수":0,
            "500m이내병원수":0,
            "5km이내대형병원수":1,
            "500m이내공원수":0,
            "3km이내혐오시설수":0,
            "초등학교학업성취도":87.87,
            "중학교학업성취도":55.8,
            "용적률":211,
            "건폐율":18,
            "Y":37.266911,
            "X":127.440275,
            "rank":1.0,
            "area_info":"33평(112.14), 43평(143.62)",
            "last_sales":"2021-12-05,49000.0,33평(112.14)"
        },
        {
            "index":206,
            "아파트명":"엘리시움",
            "투자타입":"일반",
            "전용면적(m2)":"54.49",
            "전용면적(평)":"16평",
            "법정동주소":"경기도 이천시 신둔면 수광리 757",
            "도로명주소":"경기도 이천시 경충대로3234번길 65",
            "세대수":0,
            "입주년차":60,
            "용적률점수":"--",
            "건폐율점수":"--",
            "세대당주차수":0,
            "난방방식":30,
            "공급면적":"--",
            "전용률":"--",
            "욕실수":50,
            "현관타입":100,
            "주거총점":30.0,
            "지역구공급총점":100.0,
            "역세권":80,
            "30분내 이동가능 거점":0,
            "1시간내 이동가능 거점":50,
            "교통총점":50.0,
            "백화점":0,
            "아울렛몰":0,
            "대형마트":0,
            "은행":0,
            "병원":0,
            "종합병원":80,
            "공원":0,
            "혐오시설":0,
            "인프라총점":16.0,
            "초등학군":91.48,
            "중학군":44.4,
            "학군총점":53.816,
            "인구수":24.42,
            "인구증감":13.66,
            "인구총점":21.192,
            "일자리":17.4,
            "소득수준":99.91,
            "일자리총점":42.153,
            "가치 총점":36.3724,
            "매매실거래년":20211230.0,
            "매매실거래가":12500.0,
            "전세실거래년":20220113.0,
            "전세실거래가":12000.0,
            "전세가율":96.0,
            "장기전세가율평균":73.31,
            "전세가율거품지수":-22.69,
            "검색코드":103626,
            "세대수":252.0,
            "준공년월":"2009-06-19",
            "준공년차":14.0,
            "가까운역이름":"신둔도예촌",
            "가까운역거리":467.16,
            "역세권여부":"역세권",
            "30분이내주요거점역":0,
            "1시간이내주요거점역":5,
            "3km이내백화점수":0,
            "5km이내아울렛몰수":0,
            "1km이내대형먀트수":0,
            "500m이내은행수":0,
            "500m이내병원수":0,
            "5km이내대형병원수":1,
            "500m이내공원수":0,
            "3km이내혐오시설수":0,
            "초등학교학업성취도":91.48,
            "중학교학업성취도":74.0,
            "용적률":150,
            "건폐율":13,
            "Y":37.315633,
            "X":127.399851,
            "rank":2.0,
            "area_info":"16평(54.49), 23평(76.56)",
            "last_sales":"2021-12-30,12500.0,16평(54.49)"
        },
        {
            "index":118,
            "아파트명":"진우",
            "투자타입":"일반",
            "전용면적(m2)":"79.71",
            "전용면적(평)":"24평",
            "법정동주소":"경기도 이천시 부발읍 신하리 365",
            "도로명주소":"경기도 이천시 경충대로 2212",
            "세대수":50,
            "입주년차":20,
            "용적률점수":"--",
            "건폐율점수":"--",
            "세대당주차수":30,
            "난방방식":30,
            "공급면적":"--",
            "전용률":"--",
            "욕실수":50,
            "현관타입":100,
            "주거총점":44.0,
            "지역구공급총점":100.0,
            "역세권":50,
            "30분내 이동가능 거점":0,
            "1시간내 이동가능 거점":10,
            "교통총점":27.0,
            "백화점":0,
            "아울렛몰":0,
            "대형마트":80,
            "은행":0,
            "병원":30,
            "종합병원":80,
            "공원":0,
            "혐오시설":0,
            "인프라총점":31.0,
            "초등학군":90.12,
            "중학군":42.42,
            "학군총점":51.96,
            "인구수":24.42,
            "인구증감":13.66,
            "인구총점":21.192,
            "일자리":17.4,
            "소득수준":99.91,
            "일자리총점":42.153,
            "가치 총점":35.344,
            "매매실거래년":20220117.0,
            "매매실거래가":27800.0,
            "전세실거래년":20220117.0,
            "전세실거래가":23000.0,
            "전세가율":82.73,
            "장기전세가율평균":73.31,
            "전세가율거품지수":-9.42,
            "검색코드":10478,
            "세대수":438.0,
            "준공년월":"2000-08-03",
            "준공년차":23.0,
            "가까운역이름":"부발",
            "가까운역거리":815.56,
            "역세권여부":"준역세권",
            "30분이내주요거점역":0,
            "1시간이내주요거점역":1,
            "3km이내백화점수":0,
            "5km이내아울렛몰수":0,
            "1km이내대형먀트수":1,
            "500m이내은행수":0,
            "500m이내병원수":8,
            "5km이내대형병원수":1,
            "500m이내공원수":0,
            "3km이내혐오시설수":0,
            "초등학교학업성취도":90.12,
            "중학교학업성취도":70.7,
            "용적률":215,
            "건폐율":20,
            "Y":37.25986,
            "X":127.481071,
            "rank":3.0,
            "area_info":"24평(79.71)",
            "last_sales":"2022-01-17,27800.0,24평(79.71)"
        },
        {
            "index":93,
            "아파트명":"아미현대7차",
            "투자타입":"일반",
            "전용면적(m2)":"71.43",
            "전용면적(평)":"21평",
            "법정동주소":"경기도 이천시 부발읍 아미리 753",
            "도로명주소":"경기도 이천시 신아로92번길 74-25",
            "세대수":80,
            "입주년차":20,
            "용적률점수":"--",
            "건폐율점수":"--",
            "세대당주차수":0,
            "난방방식":30,
            "공급면적":"--",
            "전용률":"--",
            "욕실수":100,
            "현관타입":100,
            "주거총점":55.0,
            "지역구공급총점":100.0,
            "역세권":80,
            "30분내 이동가능 거점":0,
            "1시간내 이동가능 거점":30,
            "교통총점":46.0,
            "백화점":0,
            "아울렛몰":0,
            "대형마트":0,
            "은행":0,
            "병원":10,
            "종합병원":0,
            "공원":0,
            "혐오시설":0,
            "인프라총점":1.0,
            "초등학군":86.47,
            "중학군":42.42,
            "학군총점":51.23,
            "인구수":24.42,
            "인구증감":13.66,
            "인구총점":21.192,
            "일자리":17.4,
            "소득수준":99.91,
            "일자리총점":42.153,
            "가치 총점":35.0845,
            "매매실거래년":20211127.0,
            "매매실거래가":35000.0,
            "전세실거래년":20220107.0,
            "전세실거래가":16800.0,
            "전세가율":48.0,
            "장기전세가율평균":73.31,
            "전세가율거품지수":25.31,
            "검색코드":10581,
            "세대수":708.0,
            "준공년월":"1999-11-29",
            "준공년차":24.0,
            "가까운역이름":"부발",
            "가까운역거리":333.57,
            "역세권여부":"역세권",
            "30분이내주요거점역":0,
            "1시간이내주요거점역":3,
            "3km이내백화점수":0,
            "5km이내아울렛몰수":0,
            "1km이내대형먀트수":0,
            "500m이내은행수":0,
            "500m이내병원수":2,
            "5km이내대형병원수":0,
            "500m이내공원수":0,
            "3km이내혐오시설수":0,
            "초등학교학업성취도":86.47,
            "중학교학업성취도":70.7,
            "용적률":229,
            "건폐율":17,
            "Y":37.25725,
            "X":127.48954,
            "rank":4.0,
            "area_info":"21평(71.43), 21평(71.4), 30평(101.59), 48평(161.3)",
            "last_sales":"2021-11-27,35000.0,21평(71.43)"
        },
        {
            "index":127,
            "아파트명":"현대성우오스타2단지",
            "투자타입":"일반",
            "전용면적(m2)":"112.6",
            "전용면적(평)":"34평",
            "법정동주소":"경기도 이천시 부발읍 아미리 1245",
            "도로명주소":"경기도 이천시 경충대로2092번길 39-50",
            "세대수":50,
            "입주년차":60,
            "용적률점수":"--",
            "건폐율점수":"--",
            "세대당주차수":60,
            "난방방식":30,
            "공급면적":"--",
            "전용률":"--",
            "욕실수":100,
            "현관타입":100,
            "주거총점":61.5,
            "지역구공급총점":100.0,
            "역세권":50,
            "30분내 이동가능 거점":0,
            "1시간내 이동가능 거점":30,
            "교통총점":31.0,
            "백화점":0,
            "아울렛몰":0,
            "대형마트":0,
            "은행":0,
            "병원":30,
            "종합병원":0,
            "공원":0,
            "혐오시설":0,
            "인프라총점":3.0,
            "초등학군":86.47,
            "중학군":47.24,
            "학군총점":55.086,
            "인구수":24.42,
            "인구증감":13.66,
            "인구총점":21.192,
            "일자리":17.4,
            "소득수준":99.91,
            "일자리총점":42.153,
            "가치 총점":32.3129,
            "매매실거래년":20211112.0,
            "매매실거래가":80000.0,
            "전세실거래년":20211112.0,
            "전세실거래가":45000.0,
            "전세가율":100.0,
            "장기전세가율평균":73.31,
            "전세가율거품지수":-26.69,
            "검색코드":100599,
            "세대수":503.0,
            "준공년월":"2010-07-09",
            "준공년차":13.0,
            "가까운역이름":"부발",
            "가까운역거리":646.25,
            "역세권여부":"준역세권",
            "30분이내주요거점역":0,
            "1시간이내주요거점역":3,
            "3km이내백화점수":0,
            "5km이내아울렛몰수":0,
            "1km이내대형먀트수":0,
            "500m이내은행수":0,
            "500m이내병원수":6,
            "5km이내대형병원수":0,
            "500m이내공원수":0,
            "3km이내혐오시설수":0,
            "초등학교학업성취도":86.47,
            "중학교학업성취도":78.2,
            "용적률":249,
            "건폐율":20,
            "Y":37.254509,
            "X":127.491806,
            "rank":5.0,
            "area_info":"34평(112.6), 34평(113.42), 34평(113.25), 45평(150.63), 45평(150.96), 54평(181.11)",
            "last_sales":"2021-11-12,80000.0,54평(181.11)"
        },
        {
            "index":90,
            "아파트명":"신한",
            "투자타입":"일반",
            "전용면적(m2)":"74.69",
            "전용면적(평)":"22평",
            "법정동주소":"경기도 이천시 부발읍 신하리 362-3",
            "도로명주소":"경기도 이천시 경충대로 2216-33",
            "세대수":30,
            "입주년차":0,
            "용적률점수":"--",
            "건폐율점수":"--",
            "세대당주차수":0,
            "난방방식":30,
            "공급면적":"--",
            "전용률":"--",
            "욕실수":50,
            "현관타입":100,
            "주거총점":28.5,
            "지역구공급총점":100.0,
            "역세권":50,
            "30분내 이동가능 거점":0,
            "1시간내 이동가능 거점":10,
            "교통총점":27.0,
            "백화점":0,
            "아울렛몰":0,
            "대형마트":80,
            "은행":0,
            "병원":30,
            "종합병원":80,
            "공원":0,
            "혐오시설":0,
            "인프라총점":31.0,
            "초등학군":90.12,
            "중학군":42.42,
            "학군총점":51.96,
            "인구수":24.42,
            "인구증감":13.66,
            "인구총점":21.192,
            "일자리":17.4,
            "소득수준":99.91,
            "일자리총점":42.153,
            "가치 총점":32.244,
            "매매실거래년":20211214.0,
            "매매실거래가":29000.0,
            "전세실거래년":20211016.0,
            "전세실거래가":21000.0,
            "전세가율":107.69,
            "장기전세가율평균":73.31,
            "전세가율거품지수":-34.38,
            "검색코드":14110,
            "세대수":349.0,
            "준공년월":"1998-08-28",
            "준공년차":25.0,
            "가까운역이름":"부발",
            "가까운역거리":887.77,
            "역세권여부":"준역세권",
            "30분이내주요거점역":0,
            "1시간이내주요거점역":1,
            "3km이내백화점수":0,
            "5km이내아울렛몰수":0,
            "1km이내대형먀트수":1,
            "500m이내은행수":0,
            "500m이내병원수":8,
            "5km이내대형병원수":1,
            "500m이내공원수":0,
            "3km이내혐오시설수":0,
            "초등학교학업성취도":90.12,
            "중학교학업성취도":70.7,
            "용적률":246,
            "건폐율":19,
            "Y":37.260803,
            "X":127.480275,
            "rank":6.0,
            "area_info":"22평(74.69), 22평(74.43), 30평(101.14)",
            "last_sales":"2021-12-14,29000.0,30평(101.14)"
        },
        {
            "index":244,
            "아파트명":"라온팰리스",
            "투자타입":"일반",
            "전용면적(m2)":"87.86",
            "전용면적(평)":"26평",
            "법정동주소":"경기도 이천시 중리동 213",
            "도로명주소":"경기도 이천시 중리천로 76",
            "세대수":0,
            "입주년차":60,
            "용적률점수":"--",
            "건폐율점수":"--",
            "세대당주차수":60,
            "난방방식":30,
            "공급면적":"--",
            "전용률":"--",
            "욕실수":50,
            "현관타입":50,
            "주거총점":34.0,
            "지역구공급총점":100.0,
            "역세권":0,
            "30분내 이동가능 거점":0,
            "1시간내 이동가능 거점":10,
            "교통총점":2.0,
            "백화점":0,
            "아울렛몰":0,
            "대형마트":100,
            "은행":100,
            "병원":100,
            "종합병원":80,
            "공원":100,
            "혐오시설":0,
            "인프라총점":54.0,
            "초등학군":87.87,
            "중학군":40.2,
            "학군총점":49.734,
            "인구수":24.42,
            "인구증감":13.66,
            "인구총점":21.192,
            "일자리":17.4,
            "소득수준":99.91,
            "일자리총점":42.153,
            "가치 총점":31.1601,
            "매매실거래년":20211005.0,
            "매매실거래가":46500.0,
            "전세실거래년":null,
            "전세실거래가":null,
            "전세가율":null,
            "장기전세가율평균":73.31,
            "전세가율거품지수":null,
            "검색코드":27468,
            "세대수":194.0,
            "준공년월":"2009-10-21",
            "준공년차":14.0,
            "가까운역이름":"이천",
            "가까운역거리":1467.52,
            "역세권여부":"비역세권",
            "30분이내주요거점역":0,
            "1시간이내주요거점역":1,
            "3km이내백화점수":0,
            "5km이내아울렛몰수":0,
            "1km이내대형먀트수":3,
            "500m이내은행수":7,
            "500m이내병원수":89,
            "5km이내대형병원수":1,
            "500m이내공원수":6,
            "3km이내혐오시설수":0,
            "초등학교학업성취도":87.87,
            "중학교학업성취도":67.0,
            "용적률":809,
            "건폐율":77,
            "Y":37.278506,
            "X":127.445602,
            "rank":7.0,
            "area_info":"26평(87.86), 33평(110.69), 33평(111.2), 41평(137.25), 43평(144.09)",
            "last_sales":"2021-10-05,46500.0,43평(144.09)"
        },
        {
            "index":216,
            "아파트명":"이천롯데캐슬골드스카이",
            "투자타입":"일반",
            "전용면적(m2)":"120.89",
            "전용면적(평)":"36평",
            "법정동주소":"경기도 이천시 안흥동 474",
            "도로명주소":"경기도 이천시 구만리로 191",
            "세대수":80,
            "입주년차":80,
            "용적률점수":"--",
            "건폐율점수":"--",
            "세대당주차수":30,
            "난방방식":30,
            "공급면적":"--",
            "전용률":"--",
            "욕실수":100,
            "현관타입":100,
            "주거총점":71.5,
            "지역구공급총점":100.0,
            "역세권":0,
            "30분내 이동가능 거점":0,
            "1시간내 이동가능 거점":10,
            "교통총점":2.0,
            "백화점":0,
            "아울렛몰":0,
            "대형마트":80,
            "은행":0,
            "병원":10,
            "종합병원":80,
            "공원":80,
            "혐오시설":0,
            "인프라총점":31.4,
            "초등학군":87.18,
            "중학군":33.48,
            "학군총점":44.22,
            "인구수":24.42,
            "인구증감":13.66,
            "인구총점":21.192,
            "일자리":17.4,
            "소득수준":99.91,
            "일자리총점":42.153,
            "가치 총점":31.053,
            "매매실거래년":20211229.0,
            "매매실거래가":67300.0,
            "전세실거래년":20211127.0,
            "전세실거래가":33500.0,
            "전세가율":49.78,
            "장기전세가율평균":73.31,
            "전세가율거품지수":23.53,
            "검색코드":110158,
            "세대수":736.0,
            "준공년월":"2018-12-28",
            "준공년차":5.0,
            "가까운역이름":"이천",
            "가까운역거리":1484.23,
            "역세권여부":"비역세권",
            "30분이내주요거점역":0,
            "1시간이내주요거점역":1,
            "3km이내백화점수":0,
            "5km이내아울렛몰수":0,
            "1km이내대형먀트수":1,
            "500m이내은행수":0,
            "500m이내병원수":4,
            "5km이내대형병원수":1,
            "500m이내공원수":1,
            "3km이내혐오시설수":0,
            "초등학교학업성취도":87.18,
            "중학교학업성취도":55.8,
            "용적률":791,
            "건폐율":79,
            "Y":37.275052,
            "X":127.454077,
            "rank":8.0,
            "area_info":"36평(120.89), 36평(120.62)",
            "last_sales":"2021-12-29,67300.0,36평(120.89)"
        },
        {
            "index":119,
            "아파트명":"청구",
            "투자타입":"일반",
            "전용면적(m2)":"77.43",
            "전용면적(평)":"23평",
            "법정동주소":"경기도 이천시 부발읍 신하리 559-3",
            "도로명주소":"경기도 이천시 경충대로 2177",
            "세대수":30,
            "입주년차":20,
            "용적률점수":"--",
            "건폐율점수":"--",
            "세대당주차수":0,
            "난방방식":30,
            "공급면적":"--",
            "전용률":"--",
            "욕실수":100,
            "현관타입":100,
            "주거총점":37.5,
            "지역구공급총점":100.0,
            "역세권":50,
            "30분내 이동가능 거점":0,
            "1시간내 이동가능 거점":30,
            "교통총점":31.0,
            "백화점":0,
            "아울렛몰":0,
            "대형마트":80,
            "은행":0,
            "병원":30,
            "종합병원":0,
            "공원":0,
            "혐오시설":0,
            "인프라총점":15.0,
            "초등학군":90.12,
            "중학군":42.42,
            "학군총점":51.96,
            "인구수":24.42,
            "인구증감":13.66,
            "인구총점":21.192,
            "일자리":17.4,
            "소득수준":99.91,
            "일자리총점":42.153,
            "가치 총점":30.644,
            "매매실거래년":20211218.0,
            "매매실거래가":24000.0,
            "전세실거래년":20211202.0,
            "전세실거래가":17000.0,
            "전세가율":70.83,
            "장기전세가율평균":73.31,
            "전세가율거품지수":2.48,
            "검색코드":13544,
            "세대수":304.0,
            "준공년월":"1999-12-18",
            "준공년차":24.0,
            "가까운역이름":"부발",
            "가까운역거리":700.9,
            "역세권여부":"준역세권",
            "30분이내주요거점역":0,
            "1시간이내주요거점역":3,
            "3km이내백화점수":0,
            "5km이내아울렛몰수":0,
            "1km이내대형먀트수":1,
            "500m이내은행수":0,
            "500m이내병원수":5,
            "5km이내대형병원수":0,
            "500m이내공원수":0,
            "3km이내혐오시설수":0,
            "초등학교학업성취도":90.12,
            "중학교학업성취도":70.7,
            "용적률":206,
            "건폐율":17,
            "Y":37.25684,
            "X":127.48357,
            "rank":9.0,
            "area_info":"23평(77.43), 33평(110.49), 48평(161.71)",
            "last_sales":"2021-12-18,24000.0,23평(77.43)"
        },
        {
            "index":282,
            "아파트명":"이천설봉KCC스위첸",
            "투자타입":"일반",
            "전용면적(m2)":"84.47",
            "전용면적(평)":"25평",
            "법정동주소":"경기도 이천시 증포동 485",
            "도로명주소":"경기도 이천시 이섭대천로 1325",
            "세대수":50,
            "입주년차":80,
            "용적률점수":"--",
            "건폐율점수":"--",
            "세대당주차수":30,
            "난방방식":30,
            "공급면적":"--",
            "전용률":"--",
            "욕실수":100,
            "현관타입":100,
            "주거총점":61.0,
            "지역구공급총점":100.0,
            "역세권":0,
            "30분내 이동가능 거점":0,
            "1시간내 이동가능 거점":10,
            "교통총점":2.0,
            "백화점":0,
            "아울렛몰":0,
            "대형마트":80,
            "은행":0,
            "병원":10,
            "종합병원":80,
            "공원":100,
            "혐오시설":0,
            "인프라총점":32.0,
            "초등학군":92.0,
            "중학군":40.2,
            "학군총점":50.56,
            "인구수":24.42,
            "인구증감":13.66,
            "인구총점":21.192,
            "일자리":17.4,
            "소득수준":99.91,
            "일자리총점":42.153,
            "가치 총점":30.084,
            "매매실거래년":20211030.0,
            "매매실거래가":58000.0,
            "전세실거래년":20211130.0,
            "전세실거래가":26250.0,
            "전세가율":73.53,
            "장기전세가율평균":73.31,
            "전세가율거품지수":-0.22,
            "검색코드":108824,
            "세대수":562.0,
            "준공년월":"2016-08-23",
            "준공년차":7.0,
            "가까운역이름":"이천",
            "가까운역거리":2696.62,
            "역세권여부":"비역세권",
            "30분이내주요거점역":0,
            "1시간이내주요거점역":1,
            "3km이내백화점수":0,
            "5km이내아울렛몰수":0,
            "1km이내대형먀트수":1,
            "500m이내은행수":0,
            "500m이내병원수":3,
            "5km이내대형병원수":1,
            "500m이내공원수":4,
            "3km이내혐오시설수":0,
            "초등학교학업성취도":92.0,
            "중학교학업성취도":67.0,
            "용적률":192,
            "건폐율":17,
            "Y":37.288893,
            "X":127.450651,
            "rank":10.0,
            "area_info":"25평(84.47), 25평(85.01), 32평(107.88), 33평(109.86)",
            "last_sales":"2021-10-30,58000.0,33평(109.86)"
        },
        {
            "index":169,
            "아파트명":"이천라온프라이빗",
            "투자타입":"일반",
            "전용면적(m2)":"100.2",
            "전용면적(평)":"30평",
            "법정동주소":"경기도 이천시 송정동 450",
            "도로명주소":"경기도 이천시 증신로325번길 39",
            "세대수":80,
            "입주년차":100,
            "용적률점수":"--",
            "건폐율점수":"--",
            "세대당주차수":60,
            "난방방식":30,
            "공급면적":"--",
            "전용률":"--",
            "욕실수":100,
            "현관타입":100,
            "주거총점":80.0,
            "지역구공급총점":100.0,
            "역세권":0,
            "30분내 이동가능 거점":0,
            "1시간내 이동가능 거점":0,
            "교통총점":0.0,
            "백화점":0,
            "아울렛몰":0,
            "대형마트":0,
            "은행":0,
            "병원":10,
            "종합병원":80,
            "공원":80,
            "혐오시설":0,
            "인프라총점":19.4,
            "초등학군":90.98,
            "중학군":44.4,
            "학군총점":53.716,
            "인구수":24.42,
            "인구증감":13.66,
            "인구총점":21.192,
            "일자리":17.4,
            "소득수준":99.91,
            "일자리총점":42.153,
            "가치 총점":29.8774,
            "매매실거래년":20210801.0,
            "매매실거래가":37190.0,
            "전세실거래년":null,
            "전세실거래가":null,
            "전세가율":null,
            "장기전세가율평균":73.31,
            "전세가율거품지수":null,
            "검색코드":124881,
            "세대수":790.0,
            "준공년월":"2021-07-01",
            "준공년차":2.0,
            "가까운역이름":"신둔도예촌",
            "가까운역거리":3425.21,
            "역세권여부":"비역세권",
            "30분이내주요거점역":0,
            "1시간이내주요거점역":0,
            "3km이내백화점수":0,
            "5km이내아울렛몰수":0,
            "1km이내대형먀트수":0,
            "500m이내은행수":0,
            "500m이내병원수":4,
            "5km이내대형병원수":1,
            "500m이내공원수":1,
            "3km이내혐오시설수":0,
            "초등학교학업성취도":90.98,
            "중학교학업성취도":74.0,
            "용적률":0,
            "건폐율":0,
            "Y":37.298791,
            "X":127.435825,
            "rank":11.0,
            "area_info":"30평(100.2), 33평(110.64), 33평(110.61), 33평(111.49), 34평(113.73), 34평(115.15), 35평(116.61), 35평(118.08)",
            "last_sales":"2021-08-01,37190.0,30평(100.2)"
        },
        {
            "index":286,
            "아파트명":"이천센트럴푸르지오",
            "투자타입":"일반",
            "전용면적(m2)":"80.7",
            "전용면적(평)":"24평",
            "법정동주소":"경기도 이천시 증포동 486",
            "도로명주소":"경기도 이천시 갈산로 60",
            "세대수":50,
            "입주년차":80,
            "용적률점수":"--",
            "건폐율점수":"--",
            "세대당주차수":30,
            "난방방식":30,
            "공급면적":"--",
            "전용률":"--",
            "욕실수":100,
            "현관타입":100,
            "주거총점":61.0,
            "지역구공급총점":100.0,
            "역세권":0,
            "30분내 이동가능 거점":0,
            "1시간내 이동가능 거점":0,
            "교통총점":0.0,
            "백화점":0,
            "아울렛몰":0,
            "대형마트":80,
            "은행":0,
            "병원":0,
            "종합병원":80,
            "공원":80,
            "혐오시설":0,
            "인프라총점":30.4,
            "초등학군":88.68,
            "중학군":45.96,
            "학군총점":54.504,
            "인구수":24.42,
            "인구증감":13.66,
            "인구총점":21.192,
            "일자리":17.4,
            "소득수준":99.91,
            "일자리총점":42.153,
            "가치 총점":29.4956,
            "매매실거래년":20211226.0,
            "매매실거래가":44700.0,
            "전세실거래년":20210926.0,
            "전세실거래가":34000.0,
            "전세가율":76.75,
            "장기전세가율평균":73.31,
            "전세가율거품지수":-3.44,
            "검색코드":109527,
            "세대수":554.0,
            "준공년월":"2016-11-24",
            "준공년차":7.0,
            "가까운역이름":"이천",
            "가까운역거리":2925.58,
            "역세권여부":"비역세권",
            "30분이내주요거점역":0,
            "1시간이내주요거점역":0,
            "3km이내백화점수":0,
            "5km이내아울렛몰수":0,
            "1km이내대형먀트수":1,
            "500m이내은행수":0,
            "500m이내병원수":1,
            "5km이내대형병원수":1,
            "500m이내공원수":1,
            "3km이내혐오시설수":0,
            "초등학교학업성취도":88.68,
            "중학교학업성취도":76.6,
            "용적률":199,
            "건폐율":16,
            "Y":37.288102,
            "X":127.459351,
            "rank":12.0,
            "area_info":"24평(80.7), 24평(80.64), 24평(81.35), 30평(100.52), 30평(100.71), 34평(113.5), 34평(113.39)",
            "last_sales":"2021-12-26,44700.0,24평(81.35)"
        },
        {
            "index":275,
            "아파트명":"설봉푸르지오2차",
            "투자타입":"일반",
            "전용면적(m2)":"111.51",
            "전용면적(평)":"33평",
            "법정동주소":"경기도 이천시 증포동 480",
            "도로명주소":"경기도 이천시 애련정로 180",
            "세대수":30,
            "입주년차":60,
            "용적률점수":"--",
            "건폐율점수":"--",
            "세대당주차수":60,
            "난방방식":30,
            "공급면적":"--",
            "전용률":"--",
            "욕실수":100,
            "현관타입":100,
            "주거총점":54.5,
            "지역구공급총점":100.0,
            "역세권":0,
            "30분내 이동가능 거점":0,
            "1시간내 이동가능 거점":0,
            "교통총점":0.0,
            "백화점":0,
            "아울렛몰":0,
            "대형마트":100,
            "은행":0,
            "병원":10,
            "종합병원":80,
            "공원":100,
            "혐오시설":0,
            "인프라총점":35.0,
            "초등학군":92.0,
            "중학군":40.2,
            "학군총점":50.56,
            "인구수":24.42,
            "인구증감":13.66,
            "인구총점":21.192,
            "일자리":17.4,
            "소득수준":99.91,
            "일자리총점":42.153,
            "가치 총점":28.984,
            "매매실거래년":20211218.0,
            "매매실거래가":50500.0,
            "전세실거래년":20210930.0,
            "전세실거래가":40000.0,
            "전세가율":79.21,
            "장기전세가율평균":73.31,
            "전세가율거품지수":-5.9,
            "검색코드":101727,
            "세대수":347.0,
            "준공년월":"2011-11-25",
            "준공년차":12.0,
            "가까운역이름":"이천",
            "가까운역거리":2431.77,
            "역세권여부":"비역세권",
            "30분이내주요거점역":0,
            "1시간이내주요거점역":0,
            "3km이내백화점수":0,
            "5km이내아울렛몰수":0,
            "1km이내대형먀트수":2,
            "500m이내은행수":0,
            "500m이내병원수":3,
            "5km이내대형병원수":1,
            "500m이내공원수":6,
            "3km이내혐오시설수":0,
            "초등학교학업성취도":92.0,
            "중학교학업성취도":67.0,
            "용적률":179,
            "건폐율":15,
            "Y":37.285731,
            "X":127.452936,
            "rank":13.0,
            "area_info":"33평(111.51), 47평(155.67), 53평(175.45)",
            "last_sales":"2021-12-18,50500.0,33평(111.51)"
        },
        {
            "index":315,
            "아파트명":"증포한솔솔파크1차",
            "투자타입":"일반",
            "전용면적(m2)":"109.3",
            "전용면적(평)":"33평",
            "법정동주소":"경기도 이천시 증포동 475",
            "도로명주소":"경기도 이천시 이섭대천로1419번길 35",
            "세대수":50,
            "입주년차":40,
            "용적률점수":"--",
            "건폐율점수":"--",
            "세대당주차수":30,
            "난방방식":30,
            "공급면적":"--",
            "전용률":"--",
            "욕실수":100,
            "현관타입":100,
            "주거총점":53.0,
            "지역구공급총점":100.0,
            "역세권":0,
            "30분내 이동가능 거점":0,
            "1시간내 이동가능 거점":0,
            "교통총점":0.0,
            "백화점":0,
            "아울렛몰":0,
            "대형마트":80,
            "은행":0,
            "병원":30,
            "종합병원":80,
            "공원":100,
            "혐오시설":0,
            "인프라총점":34.0,
            "초등학군":87.92,
            "중학군":45.96,
            "학군총점":54.352,
            "인구수":24.42,
            "인구증감":13.66,
            "인구총점":21.192,
            "일자리":17.4,
            "소득수준":99.91,
            "일자리총점":42.153,
            "가치 총점":28.9528,
            "매매실거래년":20211125.0,
            "매매실거래가":39000.0,
            "전세실거래년":20191219.0,
            "전세실거래가":13000.0,
            "전세가율":40.0,
            "장기전세가율평균":73.31,
            "전세가율거품지수":33.31,
            "검색코드":24767,
            "세대수":418.0,
            "준공년월":"2006-11-30",
            "준공년차":17.0,
            "가까운역이름":"이천",
            "가까운역거리":3577.45,
            "역세권여부":"비역세권",
            "30분이내주요거점역":0,
            "1시간이내주요거점역":0,
            "3km이내백화점수":0,
            "5km이내아울렛몰수":0,
            "1km이내대형먀트수":1,
            "500m이내은행수":0,
            "500m이내병원수":5,
            "5km이내대형병원수":1,
            "500m이내공원수":2,
            "3km이내혐오시설수":0,
            "초등학교학업성취도":87.92,
            "중학교학업성취도":76.6,
            "용적률":173,
            "건폐율":15,
            "Y":37.296121,
            "X":127.45497,
            "rank":14.0,
            "area_info":"33평(109.3), 33평(109.14), 33평(111.8), 42평(141.84)",
            "last_sales":"2021-11-25,39000.0,33평(111.8)"
        },
        {
            "index":124,
            "아파트명":"현대성우오스타1단지",
            "투자타입":"일반",
            "전용면적(m2)":"113.44",
            "전용면적(평)":"34평",
            "법정동주소":"경기도 이천시 부발읍 아미리 1244",
            "도로명주소":"경기도 이천시 경충대로2092번길 39-52",
            "세대수":0,
            "입주년차":60,
            "용적률점수":"--",
            "건폐율점수":"--",
            "세대당주차수":60,
            "난방방식":30,
            "공급면적":"--",
            "전용률":"--",
            "욕실수":100,
            "현관타입":100,
            "주거총점":44.0,
            "지역구공급총점":100.0,
            "역세권":50,
            "30분내 이동가능 거점":0,
            "1시간내 이동가능 거점":30,
            "교통총점":31.0,
            "백화점":0,
            "아울렛몰":0,
            "대형마트":0,
            "은행":0,
            "병원":30,
            "종합병원":0,
            "공원":0,
            "혐오시설":0,
            "인프라총점":3.0,
            "초등학군":86.47,
            "중학군":47.24,
            "학군총점":55.086,
            "인구수":24.42,
            "인구증감":13.66,
            "인구총점":21.192,
            "일자리":17.4,
            "소득수준":99.91,
            "일자리총점":42.153,
            "가치 총점":28.8129,
            "매매실거래년":20211124.0,
            "매매실거래가":56700.0,
            "전세실거래년":20211216.0,
            "전세실거래가":37000.0,
            "전세가율":68.77,
            "장기전세가율평균":73.31,
            "전세가율거품지수":4.54,
            "검색코드":100598,
            "세대수":237.0,
            "준공년월":"2010-07-09",
            "준공년차":13.0,
            "가까운역이름":"부발",
            "가까운역거리":525.55,
            "역세권여부":"준역세권",
            "30분이내주요거점역":0,
            "1시간이내주요거점역":3,
            "3km이내백화점수":0,
            "5km이내아울렛몰수":0,
            "1km이내대형먀트수":0,
            "500m이내은행수":0,
            "500m이내병원수":6,
            "5km이내대형병원수":0,
            "500m이내공원수":0,
            "3km이내혐오시설수":0,
            "초등학교학업성취도":86.47,
            "중학교학업성취도":78.2,
            "용적률":249,
            "건폐율":21,
            "Y":37.255487,
            "X":127.490841,
            "rank":15.0,
            "area_info":"34평(113.44), 34평(114.27), 34평(114.08)",
            "last_sales":"2021-11-24,56700.0,34평(114.27)"
        },
        {
            "index":299,
            "아파트명":"이천증포새도시한양수자인(3블록)",
            "투자타입":"일반",
            "전용면적(m2)":"95.45",
            "전용면적(평)":"28평",
            "법정동주소":"경기도 이천시 증포동 489",
            "도로명주소":"경기도 이천시 아리역로38번길 33",
            "세대수":30,
            "입주년차":80,
            "용적률점수":"--",
            "건폐율점수":"--",
            "세대당주차수":30,
            "난방방식":30,
            "공급면적":"--",
            "전용률":"--",
            "욕실수":100,
            "현관타입":100,
            "주거총점":54.0,
            "지역구공급총점":100.0,
            "역세권":0,
            "30분내 이동가능 거점":0,
            "1시간내 이동가능 거점":0,
            "교통총점":0.0,
            "백화점":0,
            "아울렛몰":0,
            "대형마트":100,
            "은행":0,
            "병원":0,
            "종합병원":80,
            "공원":100,
            "혐오시설":0,
            "인프라총점":34.0,
            "초등학군":88.94,
            "중학군":40.2,
            "학군총점":49.948,
            "인구수":24.42,
            "인구증감":13.66,
            "인구총점":21.192,
            "일자리":17.4,
            "소득수준":99.91,
            "일자리총점":42.153,
            "가치 총점":28.4922,
            "매매실거래년":20211127.0,
            "매매실거래가":48000.0,
            "전세실거래년":20211113.0,
            "전세실거래가":35000.0,
            "전세가율":86.42,
            "장기전세가율평균":73.31,
            "전세가율거품지수":-13.11,
            "검색코드":110367,
            "세대수":354.0,
            "준공년월":"2017-09-07",
            "준공년차":6.0,
            "가까운역이름":"이천",
            "가까운역거리":2684.6,
            "역세권여부":"비역세권",
            "30분이내주요거점역":0,
            "1시간이내주요거점역":0,
            "3km이내백화점수":0,
            "5km이내아울렛몰수":0,
            "1km이내대형먀트수":2,
            "500m이내은행수":0,
            "500m이내병원수":0,
            "5km이내대형병원수":1,
            "500m이내공원수":4,
            "3km이내혐오시설수":0,
            "초등학교학업성취도":88.94,
            "중학교학업성취도":67.0,
            "용적률":200,
            "건폐율":19,
            "Y":37.289553,
            "X":127.445845,
            "rank":16.0,
            "area_info":"28평(95.45), 33평(109.63), 33평(109.5), 33평(109.4)",
            "last_sales":"2021-11-27,48000.0,33평(109.5)"
        },
        {
            "index":223,
            "아파트명":"이천코아루휴티스1단지",
            "투자타입":"일반",
            "전용면적(m2)":"112.47",
            "전용면적(평)":"34평",
            "법정동주소":"경기도 이천시 안흥동 267-5",
            "도로명주소":"경기도 이천시 애련정로 67-23",
            "세대수":0,
            "입주년차":100,
            "용적률점수":"--",
            "건폐율점수":"--",
            "세대당주차수":30,
            "난방방식":30,
            "공급면적":"--",
            "전용률":"--",
            "욕실수":100,
            "현관타입":100,
            "주거총점":47.5,
            "지역구공급총점":100.0,
            "역세권":0,
            "30분내 이동가능 거점":0,
            "1시간내 이동가능 거점":10,
            "교통총점":2.0,
            "백화점":0,
            "아울렛몰":0,
            "대형마트":100,
            "은행":0,
            "병원":30,
            "종합병원":80,
            "공원":100,
            "혐오시설":0,
            "인프라총점":37.0,
            "초등학군":87.18,
            "중학군":33.48,
            "학군총점":44.22,
            "인구수":24.42,
            "인구증감":13.66,
            "인구총점":21.192,
            "일자리":17.4,
            "소득수준":99.91,
            "일자리총점":42.153,
            "가치 총점":27.933,
            "매매실거래년":20210504.0,
            "매매실거래가":43590.0,
            "전세실거래년":null,
            "전세실거래가":null,
            "전세가율":null,
            "장기전세가율평균":73.31,
            "전세가율거품지수":null,
            "검색코드":119519,
            "세대수":288.0,
            "준공년월":"2021-04-01",
            "준공년차":2.0,
            "가까운역이름":"이천",
            "가까운역거리":1500.61,
            "역세권여부":"비역세권",
            "30분이내주요거점역":0,
            "1시간이내주요거점역":1,
            "3km이내백화점수":0,
            "5km이내아울렛몰수":0,
            "1km이내대형먀트수":3,
            "500m이내은행수":1,
            "500m이내병원수":8,
            "5km이내대형병원수":1,
            "500m이내공원수":3,
            "3km이내혐오시설수":0,
            "초등학교학업성취도":87.18,
            "중학교학업성취도":55.8,
            "용적률":1122,
            "건폐율":74,
            "Y":37.276317,
            "X":127.452532,
            "rank":17.0,
            "area_info":"34평(112.47), 34평(114.17)",
            "last_sales":"2021-05-04,43590.0,34평(112.47)"
        },
        {
            "index":101,
            "아파트명":"이천신일해피트리트리빌1단지",
            "투자타입":"일반",
            "전용면적(m2)":"112.4",
            "전용면적(평)":"34평",
            "법정동주소":"경기도 이천시 부발읍 아미리 730",
            "도로명주소":"경기도 이천시 경충대로2092번길 39-33",
            "세대수":0,
            "입주년차":80,
            "용적률점수":"--",
            "건폐율점수":"--",
            "세대당주차수":0,
            "난방방식":30,
            "공급면적":"--",
            "전용률":"--",
            "욕실수":100,
            "현관타입":100,
            "주거총점":39.0,
            "지역구공급총점":100.0,
            "역세권":50,
            "30분내 이동가능 거점":0,
            "1시간내 이동가능 거점":30,
            "교통총점":31.0,
            "백화점":0,
            "아울렛몰":0,
            "대형마트":0,
            "은행":0,
            "병원":30,
            "종합병원":0,
            "공원":0,
            "혐오시설":0,
            "인프라총점":3.0,
            "초등학군":86.47,
            "중학군":47.24,
            "학군총점":55.086,
            "인구수":24.42,
            "인구증감":13.66,
            "인구총점":21.192,
            "일자리":17.4,
            "소득수준":99.91,
            "일자리총점":42.153,
            "가치 총점":27.8129,
            "매매실거래년":20211018.0,
            "매매실거래가":49000.0,
            "전세실거래년":20211021.0,
            "전세실거래가":40000.0,
            "전세가율":81.63,
            "장기전세가율평균":73.31,
            "전세가율거품지수":-8.32,
            "검색코드":106934,
            "세대수":299.0,
            "준공년월":"2014-12-30",
            "준공년차":9.0,
            "가까운역이름":"부발",
            "가까운역거리":698.5,
            "역세권여부":"준역세권",
            "30분이내주요거점역":0,
            "1시간이내주요거점역":3,
            "3km이내백화점수":0,
            "5km이내아울렛몰수":0,
            "1km이내대형먀트수":0,
            "500m이내은행수":0,
            "500m이내병원수":6,
            "5km이내대형병원수":0,
            "500m이내공원수":0,
            "3km이내혐오시설수":0,
            "초등학교학업성취도":86.47,
            "중학교학업성취도":78.2,
            "용적률":514,
            "건폐율":33,
            "Y":37.253919,
            "X":127.490694,
            "rank":18.0,
            "area_info":"34평(112.4), 34평(113.46), 34평(114.14), 34평(114.04), 34평(114.1)",
            "last_sales":"2021-10-18,49000.0,34평(112.4)"
        },
        {
            "index":106,
            "아파트명":"이천신일해피트리트리빌2단지",
            "투자타입":"일반",
            "전용면적(m2)":"112.21",
            "전용면적(평)":"33평",
            "법정동주소":"경기도 이천시 부발읍 아미리 729",
            "도로명주소":"경기도 이천시 경충대로2092번길 39-31",
            "세대수":0,
            "입주년차":80,
            "용적률점수":"--",
            "건폐율점수":"--",
            "세대당주차수":0,
            "난방방식":30,
            "공급면적":"--",
            "전용률":"--",
            "욕실수":100,
            "현관타입":100,
            "주거총점":39.0,
            "지역구공급총점":100.0,
            "역세권":50,
            "30분내 이동가능 거점":0,
            "1시간내 이동가능 거점":30,
            "교통총점":31.0,
            "백화점":0,
            "아울렛몰":0,
            "대형마트":0,
            "은행":0,
            "병원":30,
            "종합병원":0,
            "공원":0,
            "혐오시설":0,
            "인프라총점":3.0,
            "초등학군":86.47,
            "중학군":47.24,
            "학군총점":55.086,
            "인구수":24.42,
            "인구증감":13.66,
            "인구총점":21.192,
            "일자리":17.4,
            "소득수준":99.91,
            "일자리총점":42.153,
            "가치 총점":27.8129,
            "매매실거래년":20211125.0,
            "매매실거래가":45400.0,
            "전세실거래년":20220112.0,
            "전세실거래가":30450.0,
            "전세가율":83.42,
            "장기전세가율평균":73.31,
            "전세가율거품지수":-10.11,
            "검색코드":106935,
            "세대수":155.0,
            "준공년월":"2014-12-30",
            "준공년차":9.0,
            "가까운역이름":"부발",
            "가까운역거리":736.1,
            "역세권여부":"준역세권",
            "30분이내주요거점역":0,
            "1시간이내주요거점역":3,
            "3km이내백화점수":0,
            "5km이내아울렛몰수":0,
            "1km이내대형먀트수":0,
            "500m이내은행수":0,
            "500m이내병원수":6,
            "5km이내대형병원수":0,
            "500m이내공원수":0,
            "3km이내혐오시설수":0,
            "초등학교학업성취도":86.47,
            "중학교학업성취도":78.2,
            "용적률":454,
            "건폐율":35,
            "Y":37.253576,
            "X":127.490561,
            "rank":18.0,
            "area_info":"33평(112.21), 34평(112.41), 34평(113.95)",
            "last_sales":"2021-11-25,45400.0,34평(113.95)"
        },
        {
            "index":3,
            "아파트명":"갈산현진에버빌",
            "투자타입":"일반",
            "전용면적(m2)":"116.19",
            "전용면적(평)":"35평",
            "법정동주소":"경기도 이천시 갈산동 782",
            "도로명주소":"경기도 이천시 안흥로 60",
            "세대수":50,
            "입주년차":40,
            "용적률점수":"--",
            "건폐율점수":"--",
            "세대당주차수":60,
            "난방방식":30,
            "공급면적":"--",
            "전용률":"--",
            "욕실수":100,
            "현관타입":100,
            "주거총점":57.5,
            "지역구공급총점":100.0,
            "역세권":0,
            "30분내 이동가능 거점":0,
            "1시간내 이동가능 거점":0,
            "교통총점":0.0,
            "백화점":0,
            "아울렛몰":0,
            "대형마트":80,
            "은행":0,
            "병원":10,
            "종합병원":80,
            "공원":100,
            "혐오시설":0,
            "인프라총점":32.0,
            "초등학군":87.18,
            "중학군":33.48,
            "학군총점":44.22,
            "인구수":24.42,
            "인구증감":13.66,
            "인구총점":21.192,
            "일자리":17.4,
            "소득수준":99.91,
            "일자리총점":42.153,
            "가치 총점":27.733,
            "매매실거래년":20211022.0,
            "매매실거래가":66000.0,
            "전세실거래년":null,
            "전세실거래가":null,
            "전세가율":null,
            "장기전세가율평균":73.31,
            "전세가율거품지수":null,
            "검색코드":27266,
            "세대수":405.0,
            "준공년월":"2008-11-07",
            "준공년차":15.0,
            "가까운역이름":"이천",
            "가까운역거리":2287.96,
            "역세권여부":"비역세권",
            "30분이내주요거점역":0,
            "1시간이내주요거점역":0,
            "3km이내백화점수":0,
            "5km이내아울렛몰수":0,
            "1km이내대형먀트수":1,
            "500m이내은행수":0,
            "500m이내병원수":3,
            "5km이내대형병원수":1,
            "500m이내공원수":4,
            "3km이내혐오시설수":0,
            "초등학교학업성취도":87.18,
            "중학교학업성취도":55.8,
            "용적률":216,
            "건폐율":20,
            "Y":37.28278,
            "X":127.45645,
            "rank":19.0,
            "area_info":"35평(116.19), 35평(117.69), 35평(117.51), 39평(130.88), 39평(131.08), 45평(149.31), 56평(188.21)",
            "last_sales":"2021-10-22,66000.0,56평(188.21)"
        },
        {
            "index":346,
            "아파트명":"청자",
            "투자타입":"재건축",
            "전용면적(m2)":"64.02",
            "전용면적(평)":"19평",
            "법정동주소":"경기도 이천시 창전동 417-2",
            "도로명주소":"경기도 이천시 향교로31번길 3",
            "세대수":0,
            "입주년차":"--",
            "용적률점수":100,
            "건폐율점수":0,
            "세대당주차수":"--",
            "난방방식":"--",
            "공급면적":50,
            "전용률":80,
            "욕실수":"--",
            "현관타입":"--",
            "주거총점":46.5,
            "지역구공급총점":100.0,
            "역세권":0,
            "30분내 이동가능 거점":0,
            "1시간내 이동가능 거점":0,
            "교통총점":0.0,
            "백화점":0,
            "아울렛몰":0,
            "대형마트":100,
            "은행":0,
            "병원":30,
            "종합병원":80,
            "공원":100,
            "혐오시설":0,
            "인프라총점":37.0,
            "초등학군":88.94,
            "중학군":35.28,
            "학군총점":46.012,
            "인구수":24.42,
            "인구증감":13.66,
            "인구총점":21.192,
            "일자리":17.4,
            "소득수준":99.91,
            "일자리총점":42.153,
            "가치 총점":27.3018,
            "매매실거래년":20201223.0,
            "매매실거래가":8700.0,
            "전세실거래년":20190516.0,
            "전세실거래가":5700.0,
            "전세가율":64.04,
            "장기전세가율평균":73.31,
            "전세가율거품지수":9.27,
            "검색코드":15135,
            "세대수":100.0,
            "준공년월":"1986-07-03",
            "준공년차":37.0,
            "가까운역이름":"이천",
            "가까운역거리":2211.65,
            "역세권여부":"비역세권",
            "30분이내주요거점역":0,
            "1시간이내주요거점역":0,
            "3km이내백화점수":0,
            "5km이내아울렛몰수":0,
            "1km이내대형먀트수":2,
            "500m이내은행수":0,
            "500m이내병원수":6,
            "5km이내대형병원수":1,
            "500m이내공원수":5,
            "3km이내혐오시설수":0,
            "초등학교학업성취도":88.94,
            "중학교학업성취도":58.8,
            "용적률":91,
            "건폐율":0,
            "Y":37.28542,
            "X":127.44051,
            "rank":20.0,
            "area_info":"19평(64.02), 20평(66.4), 23평(78.48)",
            "last_sales":"2020-12-23,8700.0,23평(78.48)"
        },
        {
            "index":327,
            "아파트명":"대호2차",
            "투자타입":"일반",
            "전용면적(m2)":"86.81",
            "전용면적(평)":"26평",
            "법정동주소":"경기도 이천시 창전동 456",
            "도로명주소":"경기도 이천시 영창로227번길 28",
            "세대수":0,
            "입주년차":0,
            "용적률점수":"--",
            "건폐율점수":"--",
            "세대당주차수":0,
            "난방방식":30,
            "공급면적":"--",
            "전용률":"--",
            "욕실수":100,
            "현관타입":50,
            "주거총점":18.0,
            "지역구공급총점":100.0,
            "역세권":0,
            "30분내 이동가능 거점":0,
            "1시간내 이동가능 거점":10,
            "교통총점":2.0,
            "백화점":0,
            "아울렛몰":0,
            "대형마트":100,
            "은행":70,
            "병원":100,
            "종합병원":80,
            "공원":100,
            "혐오시설":0,
            "인프라총점":51.0,
            "초등학군":92.0,
            "중학군":40.2,
            "학군총점":50.56,
            "인구수":24.42,
            "인구증감":13.66,
            "인구총점":21.192,
            "일자리":17.4,
            "소득수준":99.91,
            "일자리총점":42.153,
            "가치 총점":27.184,
            "매매실거래년":20210929.0,
            "매매실거래가":17000.0,
            "전세실거래년":null,
            "전세실거래가":null,
            "전세가율":null,
            "장기전세가율평균":73.31,
            "전세가율거품지수":null,
            "검색코드":15127,
            "세대수":150.0,
            "준공년월":"1993-03-04",
            "준공년차":30.0,
            "가까운역이름":"이천",
            "가까운역거리":1906.32,
            "역세권여부":"비역세권",
            "30분이내주요거점역":0,
            "1시간이내주요거점역":1,
            "3km이내백화점수":0,
            "5km이내아울렛몰수":0,
            "1km이내대형먀트수":3,
            "500m이내은행수":4,
            "500m이내병원수":71,
            "5km이내대형병원수":1,
            "500m이내공원수":8,
            "3km이내혐오시설수":0,
            "초등학교학업성취도":92.0,
            "중학교학업성취도":67.0,
            "용적률":359,
            "건폐율":29,
            "Y":37.28204,
            "X":127.44828,
            "rank":21.0,
            "area_info":"26평(86.81), 27평(91.07), 28평(92.73), 28평(93.22), 36평(122.14), 37평(125.26), 37평(125.33), 38평(127.42), 38평(127.34), 41평(137.6), 42평(139.82), 44평(145.92), 44평(145.78), 44평(145.8)",
            "last_sales":"2021-09-29,17000.0,44평(145.92)"
        },
        {
            "index":42,
            "아파트명":"이천벽산블루밍",
            "투자타입":"일반",
            "전용면적(m2)":"109.75",
            "전용면적(평)":"33평",
            "법정동주소":"경기도 이천시 관고동 514",
            "도로명주소":"경기도 이천시 영창로 108",
            "세대수":0,
            "입주년차":60,
            "용적률점수":"--",
            "건폐율점수":"--",
            "세대당주차수":60,
            "난방방식":30,
            "공급면적":"--",
            "전용률":"--",
            "욕실수":100,
            "현관타입":100,
            "주거총점":44.0,
            "지역구공급총점":100.0,
            "역세권":0,
            "30분내 이동가능 거점":0,
            "1시간내 이동가능 거점":10,
            "교통총점":2.0,
            "백화점":0,
            "아울렛몰":0,
            "대형마트":100,
            "은행":0,
            "병원":10,
            "종합병원":80,
            "공원":100,
            "혐오시설":0,
            "인프라총점":35.0,
            "초등학군":88.94,
            "중학군":35.28,
            "학군총점":46.012,
            "인구수":24.42,
            "인구증감":13.66,
            "인구총점":21.192,
            "일자리":17.4,
            "소득수준":99.91,
            "일자리총점":42.153,
            "가치 총점":26.9018,
            "매매실거래년":20211215.0,
            "매매실거래가":43000.0,
            "전세실거래년":20211123.0,
            "전세실거래가":25000.0,
            "전세가율":58.14,
            "장기전세가율평균":73.31,
            "전세가율거품지수":15.17,
            "검색코드":102266,
            "세대수":227.0,
            "준공년월":"2010-04-28",
            "준공년차":13.0,
            "가까운역이름":"이천",
            "가까운역거리":2035.87,
            "역세권여부":"비역세권",
            "30분이내주요거점역":0,
            "1시간이내주요거점역":1,
            "3km이내백화점수":0,
            "5km이내아울렛몰수":0,
            "1km이내대형먀트수":2,
            "500m이내은행수":0,
            "500m이내병원수":4,
            "5km이내대형병원수":1,
            "500m이내공원수":6,
            "3km이내혐오시설수":0,
            "초등학교학업성취도":88.94,
            "중학교학업성취도":58.8,
            "용적률":207,
            "건폐율":16,
            "Y":37.28298,
            "X":127.435104,
            "rank":22.0,
            "area_info":"33평(109.75), 44평(145.63)",
            "last_sales":"2021-12-15,43000.0,33평(109.75)"
        },
        {
            "index":10,
            "아파트명":"갈산화성파크드림",
            "투자타입":"일반",
            "전용면적(m2)":"109.17",
            "전용면적(평)":"33평",
            "법정동주소":"경기도 이천시 갈산동 789",
            "도로명주소":"경기도 이천시 안흥로 67",
            "세대수":0,
            "입주년차":60,
            "용적률점수":"--",
            "건폐율점수":"--",
            "세대당주차수":60,
            "난방방식":30,
            "공급면적":"--",
            "전용률":"--",
            "욕실수":100,
            "현관타입":100,
            "주거총점":44.0,
            "지역구공급총점":100.0,
            "역세권":0,
            "30분내 이동가능 거점":0,
            "1시간내 이동가능 거점":0,
            "교통총점":0.0,
            "백화점":0,
            "아울렛몰":0,
            "대형마트":100,
            "은행":0,
            "병원":10,
            "종합병원":80,
            "공원":100,
            "혐오시설":0,
            "인프라총점":35.0,
            "초등학군":92.0,
            "중학군":40.2,
            "학군총점":50.56,
            "인구수":24.42,
            "인구증감":13.66,
            "인구총점":21.192,
            "일자리":17.4,
            "소득수준":99.91,
            "일자리총점":42.153,
            "가치 총점":26.884,
            "매매실거래년":20210813.0,
            "매매실거래가":60000.0,
            "전세실거래년":null,
            "전세실거래가":null,
            "전세가율":null,
            "장기전세가율평균":73.31,
            "전세가율거품지수":null,
            "검색코드":105478,
            "세대수":168.0,
            "준공년월":"2013-06-05",
            "준공년차":10.0,
            "가까운역이름":"이천",
            "가까운역거리":2303.06,
            "역세권여부":"비역세권",
            "30분이내주요거점역":0,
            "1시간이내주요거점역":0,
            "3km이내백화점수":0,
            "5km이내아울렛몰수":0,
            "1km이내대형먀트수":2,
            "500m이내은행수":0,
            "500m이내병원수":3,
            "5km이내대형병원수":1,
            "500m이내공원수":6,
            "3km이내혐오시설수":0,
            "초등학교학업성취도":92.0,
            "중학교학업성취도":67.0,
            "용적률":240,
            "건폐율":30,
            "Y":37.283908,
            "X":127.454381,
            "rank":23.0,
            "area_info":"33평(109.17), 33평(112.14), 34평(112.54), 34평(114.82), 39평(131.53), 42평(141.5), 45평(151.04)",
            "last_sales":"2021-08-13,60000.0,45평(151.04)"
        },
        {
            "index":278,
            "아파트명":"신한",
            "투자타입":"일반",
            "전용면적(m2)":"80.43",
            "전용면적(평)":"24평",
            "법정동주소":"경기도 이천시 증포동 94-3",
            "도로명주소":"경기도 이천시 갈산로 42",
            "세대수":80,
            "입주년차":0,
            "용적률점수":"--",
            "건폐율점수":"--",
            "세대당주차수":0,
            "난방방식":30,
            "공급면적":"--",
            "전용률":"--",
            "욕실수":50,
            "현관타입":100,
            "주거총점":46.0,
            "지역구공급총점":100.0,
            "역세권":0,
            "30분내 이동가능 거점":0,
            "1시간내 이동가능 거점":0,
            "교통총점":0.0,
            "백화점":0,
            "아울렛몰":0,
            "대형마트":80,
            "은행":0,
            "병원":10,
            "종합병원":80,
            "공원":80,
            "혐오시설":0,
            "인프라총점":31.4,
            "초등학군":88.68,
            "중학군":45.96,
            "학군총점":54.504,
            "인구수":24.42,
            "인구증감":13.66,
            "인구총점":21.192,
            "일자리":17.4,
            "소득수준":99.91,
            "일자리총점":42.153,
            "가치 총점":26.7956,
            "매매실거래년":20220108.0,
            "매매실거래가":33500.0,
            "전세실거래년":20220115.0,
            "전세실거래가":20000.0,
            "전세가율":101.01,
            "장기전세가율평균":73.31,
            "전세가율거품지수":-27.7,
            "검색코드":10230,
            "세대수":728.0,
            "준공년월":"1997-12-22",
            "준공년차":26.0,
            "가까운역이름":"이천",
            "가까운역거리":2824.72,
            "역세권여부":"비역세권",
            "30분이내주요거점역":0,
            "1시간이내주요거점역":0,
            "3km이내백화점수":0,
            "5km이내아울렛몰수":0,
            "1km이내대형먀트수":1,
            "500m이내은행수":0,
            "500m이내병원수":4,
            "5km이내대형병원수":1,
            "500m이내공원수":1,
            "3km이내혐오시설수":0,
            "초등학교학업성취도":88.68,
            "중학교학업성취도":76.6,
            "용적률":241,
            "건폐율":19,
            "Y":37.28795,
            "X":127.457386,
            "rank":24.0,
            "area_info":"24평(80.43), 28평(95.76), 33평(109.11), 44평(147.06)",
            "last_sales":"2022-01-08,33500.0,33평(109.11)"
        },
        {
            "index":319,
            "아파트명":"증포한솔솔파크3차",
            "투자타입":"일반",
            "전용면적(m2)":"109.42",
            "전용면적(평)":"33평",
            "법정동주소":"경기도 이천시 증포동 479",
            "도로명주소":"경기도 이천시 이섭대천로 1451",
            "세대수":0,
            "입주년차":60,
            "용적률점수":"--",
            "건폐율점수":"--",
            "세대당주차수":60,
            "난방방식":30,
            "공급면적":"--",
            "전용률":"--",
            "욕실수":100,
            "현관타입":100,
            "주거총점":44.0,
            "지역구공급총점":100.0,
            "역세권":0,
            "30분내 이동가능 거점":0,
            "1시간내 이동가능 거점":0,
            "교통총점":0.0,
            "백화점":0,
            "아울렛몰":0,
            "대형마트":80,
            "은행":0,
            "병원":10,
            "종합병원":80,
            "공원":100,
            "혐오시설":0,
            "인프라총점":32.0,
            "초등학군":87.92,
            "중학군":45.96,
            "학군총점":54.352,
            "인구수":24.42,
            "인구증감":13.66,
            "인구총점":21.192,
            "일자리":17.4,
            "소득수준":99.91,
            "일자리총점":42.153,
            "가치 총점":26.5528,
            "매매실거래년":20211129.0,
            "매매실거래가":38400.0,
            "전세실거래년":20191222.0,
            "전세실거래가":24000.0,
            "전세가율":62.5,
            "장기전세가율평균":73.31,
            "전세가율거품지수":10.81,
            "검색코드":100376,
            "세대수":234.0,
            "준공년월":"2010-01-14",
            "준공년차":13.0,
            "가까운역이름":"이천",
            "가까운역거리":3743.67,
            "역세권여부":"비역세권",
            "30분이내주요거점역":0,
            "1시간이내주요거점역":0,
            "3km이내백화점수":0,
            "5km이내아울렛몰수":0,
            "1km이내대형먀트수":1,
            "500m이내은행수":0,
            "500m이내병원수":4,
            "5km이내대형병원수":1,
            "500m이내공원수":2,
            "3km이내혐오시설수":0,
            "초등학교학업성취도":87.92,
            "중학교학업성취도":76.6,
            "용적률":178,
            "건폐율":17,
            "Y":37.297193,
            "X":127.456812,
            "rank":25.0,
            "area_info":"33평(109.42), 46평(154.39)",
            "last_sales":"2021-11-29,38400.0,33평(109.42)"
        },
        {
            "index":212,
            "아파트명":"브라운스톤이천",
            "투자타입":"일반",
            "전용면적(m2)":"115.41",
            "전용면적(평)":"34평",
            "법정동주소":"경기도 이천시 안흥동 307-7",
            "도로명주소":"경기도 이천시 애련정로 57",
            "세대수":0,
            "입주년차":80,
            "용적률점수":"--",
            "건폐율점수":"--",
            "세대당주차수":30,
            "난방방식":30,
            "공급면적":"--",
            "전용률":"--",
            "욕실수":100,
            "현관타입":100,
            "주거총점":43.5,
            "지역구공급총점":100.0,
            "역세권":0,
            "30분내 이동가능 거점":0,
            "1시간내 이동가능 거점":10,
            "교통총점":2.0,
            "백화점":0,
            "아울렛몰":0,
            "대형마트":100,
            "은행":0,
            "병원":10,
            "종합병원":80,
            "공원":100,
            "혐오시설":0,
            "인프라총점":35.0,
            "초등학군":87.18,
            "중학군":33.48,
            "학군총점":44.22,
            "인구수":24.42,
            "인구증감":13.66,
            "인구총점":21.192,
            "일자리":17.4,
            "소득수준":99.91,
            "일자리총점":42.153,
            "가치 총점":26.533,
            "매매실거래년":20211029.0,
            "매매실거래가":46000.0,
            "전세실거래년":20211106.0,
            "전세실거래가":36000.0,
            "전세가율":76.6,
            "장기전세가율평균":73.31,
            "전세가율거품지수":-3.29,
            "검색코드":105470,
            "세대수":214.0,
            "준공년월":"2014-10-10",
            "준공년차":9.0,
            "가까운역이름":"이천",
            "가까운역거리":1658.95,
            "역세권여부":"비역세권",
            "30분이내주요거점역":0,
            "1시간이내주요거점역":1,
            "3km이내백화점수":0,
            "5km이내아울렛몰수":0,
            "1km이내대형먀트수":3,
            "500m이내은행수":0,
            "500m이내병원수":2,
            "5km이내대형병원수":1,
            "500m이내공원수":3,
            "3km이내혐오시설수":0,
            "초등학교학업성취도":87.18,
            "중학교학업성취도":55.8,
            "용적률":299,
            "건폐율":38,
            "Y":37.277381,
            "X":127.453729,
            "rank":26.0,
            "area_info":"34평(115.41), 35평(115.84), 34평(115.35), 35평(117.08)",
            "last_sales":"2021-10-29,46000.0,34평(115.35)"
        },
        {
            "index":66,
            "아파트명":"호반베르디움비4더퍼스트",
            "투자타입":"일반",
            "전용면적(m2)":"110.88",
            "전용면적(평)":"33평",
            "법정동주소":"경기도 이천시 마장면 오천리 413",
            "도로명주소":"경기도 이천시 중앙로 35",
            "세대수":50,
            "입주년차":100,
            "용적률점수":"--",
            "건폐율점수":"--",
            "세대당주차수":30,
            "난방방식":30,
            "공급면적":"--",
            "전용률":"--",
            "욕실수":100,
            "현관타입":100,
            "주거총점":65.0,
            "지역구공급총점":100.0,
            "역세권":0,
            "30분내 이동가능 거점":0,
            "1시간내 이동가능 거점":0,
            "교통총점":0.0,
            "백화점":0,
            "아울렛몰":80,
            "대형마트":80,
            "은행":0,
            "병원":10,
            "종합병원":0,
            "공원":0,
            "혐오시설":0,
            "인프라총점":21.0,
            "초등학군":97.31,
            "중학군":35.7,
            "학군총점":48.022,
            "인구수":24.42,
            "인구증감":13.66,
            "인구총점":21.192,
            "일자리":17.4,
            "소득수준":99.91,
            "일자리총점":42.153,
            "가치 총점":26.5033,
            "매매실거래년":20211110.0,
            "매매실거래가":30000.0,
            "전세실거래년":20220108.0,
            "전세실거래가":39000.0,
            "전세가율":130.0,
            "장기전세가율평균":73.31,
            "전세가율거품지수":-56.69,
            "검색코드":119619,
            "세대수":533.0,
            "준공년월":"2019-11-01",
            "준공년차":4.0,
            "가까운역이름":"이천",
            "가까운역거리":7594.16,
            "역세권여부":"비역세권",
            "30분이내주요거점역":0,
            "1시간이내주요거점역":0,
            "3km이내백화점수":0,
            "5km이내아울렛몰수":1,
            "1km이내대형먀트수":1,
            "500m이내은행수":0,
            "500m이내병원수":4,
            "5km이내대형병원수":0,
            "500m이내공원수":0,
            "3km이내혐오시설수":0,
            "초등학교학업성취도":97.31,
            "중학교학업성취도":59.5,
            "용적률":178,
            "건폐율":18,
            "Y":37.253361,
            "X":127.357835,
            "rank":27.0,
            "area_info":"33평(110.88), 33평(110.75)",
            "last_sales":"2021-11-10,30000.0,33평(110.88)"
        },
        {
            "index":65,
            "아파트명":"호반베르디움더퍼스트(B3블럭)",
            "투자타입":"일반",
            "전용면적(m2)":"108.77",
            "전용면적(평)":"32평",
            "법정동주소":"경기도 이천시 마장면 오천리 422",
            "도로명주소":"경기도 이천시 중앙로 36",
            "세대수":50,
            "입주년차":100,
            "용적률점수":"--",
            "건폐율점수":"--",
            "세대당주차수":30,
            "난방방식":30,
            "공급면적":"--",
            "전용률":"--",
            "욕실수":100,
            "현관타입":100,
            "주거총점":65.0,
            "지역구공급총점":100.0,
            "역세권":0,
            "30분내 이동가능 거점":0,
            "1시간내 이동가능 거점":0,
            "교통총점":0.0,
            "백화점":0,
            "아울렛몰":80,
            "대형마트":80,
            "은행":0,
            "병원":10,
            "종합병원":0,
            "공원":0,
            "혐오시설":0,
            "인프라총점":21.0,
            "초등학군":97.31,
            "중학군":35.7,
            "학군총점":48.022,
            "인구수":24.42,
            "인구증감":13.66,
            "인구총점":21.192,
            "일자리":17.4,
            "소득수준":99.91,
            "일자리총점":42.153,
            "가치 총점":26.5033,
            "매매실거래년":20211207.0,
            "매매실거래가":50000.0,
            "전세실거래년":20220117.0,
            "전세실거래가":17850.0,
            "전세가율":35.7,
            "장기전세가율평균":73.31,
            "전세가율거품지수":37.61,
            "검색코드":118873,
            "세대수":442.0,
            "준공년월":"2019-08-01",
            "준공년차":4.0,
            "가까운역이름":"이천",
            "가까운역거리":7765.63,
            "역세권여부":"비역세권",
            "30분이내주요거점역":0,
            "1시간이내주요거점역":0,
            "3km이내백화점수":0,
            "5km이내아울렛몰수":1,
            "1km이내대형먀트수":1,
            "500m이내은행수":0,
            "500m이내병원수":4,
            "5km이내대형병원수":0,
            "500m이내공원수":0,
            "3km이내혐오시설수":0,
            "초등학교학업성취도":97.31,
            "중학교학업성취도":59.5,
            "용적률":179,
            "건폐율":19,
            "Y":37.252664,
            "X":127.356027,
            "rank":27.0,
            "area_info":"32평(108.77)",
            "last_sales":"2021-12-07,50000.0,32평(108.77)"
        },
        {
            "index":307,
            "아파트명":"증포대우2차",
            "투자타입":"일반",
            "전용면적(m2)":"74.98",
            "전용면적(평)":"22평",
            "법정동주소":"경기도 이천시 증포동 244-3",
            "도로명주소":"경기도 이천시 이섭대천로1407번길 38",
            "세대수":50,
            "입주년차":0,
            "용적률점수":"--",
            "건폐율점수":"--",
            "세대당주차수":30,
            "난방방식":30,
            "공급면적":"--",
            "전용률":"--",
            "욕실수":50,
            "현관타입":100,
            "주거총점":40.0,
            "지역구공급총점":100.0,
            "역세권":0,
            "30분내 이동가능 거점":0,
            "1시간내 이동가능 거점":0,
            "교통총점":0.0,
            "백화점":0,
            "아울렛몰":0,
            "대형마트":80,
            "은행":0,
            "병원":30,
            "종합병원":80,
            "공원":100,
            "혐오시설":0,
            "인프라총점":34.0,
            "초등학군":87.92,
            "중학군":45.96,
            "학군총점":54.352,
            "인구수":24.42,
            "인구증감":13.66,
            "인구총점":21.192,
            "일자리":17.4,
            "소득수준":99.91,
            "일자리총점":42.153,
            "가치 총점":26.3528,
            "매매실거래년":20211226.0,
            "매매실거래가":35000.0,
            "전세실거래년":20210521.0,
            "전세실거래가":13000.0,
            "전세가율":76.47,
            "장기전세가율평균":73.31,
            "전세가율거품지수":-3.16,
            "검색코드":9502,
            "세대수":539.0,
            "준공년월":"1998-07-16",
            "준공년차":25.0,
            "가까운역이름":"이천",
            "가까운역거리":3454.4,
            "역세권여부":"비역세권",
            "30분이내주요거점역":0,
            "1시간이내주요거점역":0,
            "3km이내백화점수":0,
            "5km이내아울렛몰수":0,
            "1km이내대형먀트수":1,
            "500m이내은행수":0,
            "500m이내병원수":7,
            "5km이내대형병원수":1,
            "500m이내공원수":2,
            "3km이내혐오시설수":0,
            "초등학교학업성취도":87.92,
            "중학교학업성취도":76.6,
            "용적률":231,
            "건폐율":20,
            "Y":37.295295,
            "X":127.453645,
            "rank":28.0,
            "area_info":"22평(74.98), 22평(75.0), 30평(99.99), 35평(116.52), 45평(150.29), 51평(170.91)",
            "last_sales":"2021-12-26,35000.0,51평(170.91)"
        },
        {
            "index":341,
            "아파트명":"미도",
            "투자타입":"일반",
            "전용면적(m2)":"79.67",
            "전용면적(평)":"24평",
            "법정동주소":"경기도 이천시 창전동 137",
            "도로명주소":"경기도 이천시 서희로82번길 30-7",
            "세대수":0,
            "입주년차":0,
            "용적률점수":"--",
            "건폐율점수":"--",
            "세대당주차수":0,
            "난방방식":30,
            "공급면적":"--",
            "전용률":"--",
            "욕실수":50,
            "현관타입":50,
            "주거총점":13.0,
            "지역구공급총점":100.0,
            "역세권":0,
            "30분내 이동가능 거점":0,
            "1시간내 이동가능 거점":10,
            "교통총점":2.0,
            "백화점":0,
            "아울렛몰":0,
            "대형마트":100,
            "은행":70,
            "병원":100,
            "종합병원":80,
            "공원":100,
            "혐오시설":0,
            "인프라총점":51.0,
            "초등학군":88.94,
            "중학군":40.2,
            "학군총점":49.948,
            "인구수":24.42,
            "인구증감":13.66,
            "인구총점":21.192,
            "일자리":17.4,
            "소득수준":99.91,
            "일자리총점":42.153,
            "가치 총점":26.0922,
            "매매실거래년":20210723.0,
            "매매실거래가":16200.0,
            "전세실거래년":20210629.0,
            "전세실거래가":14500.0,
            "전세가율":89.51,
            "장기전세가율평균":73.31,
            "전세가율거품지수":-16.2,
            "검색코드":15129,
            "세대수":110.0,
            "준공년월":"1994-09-08",
            "준공년차":29.0,
            "가까운역이름":"이천",
            "가까운역거리":1877.4,
            "역세권여부":"비역세권",
            "30분이내주요거점역":0,
            "1시간이내주요거점역":1,
            "3km이내백화점수":0,
            "5km이내아울렛몰수":0,
            "1km이내대형먀트수":2,
            "500m이내은행수":4,
            "500m이내병원수":77,
            "5km이내대형병원수":1,
            "500m이내공원수":8,
            "3km이내혐오시설수":0,
            "초등학교학업성취도":88.94,
            "중학교학업성취도":67.0,
            "용적률":375,
            "건폐율":33,
            "Y":37.2823,
            "X":127.4452,
            "rank":29.0,
            "area_info":"24평(79.67), 34평(112.99), 34평(113.99), 43평(142.72)",
            "last_sales":"2021-07-23,16200.0,24평(79.67)"
        },
        {
            "index":17,
            "아파트명":"설봉푸르지오1차",
            "투자타입":"일반",
            "전용면적(m2)":"109.7",
            "전용면적(평)":"33평",
            "법정동주소":"경기도 이천시 갈산동 783",
            "도로명주소":"경기도 이천시 향교로 159",
            "세대수":0,
            "입주년차":40,
            "용적률점수":"--",
            "건폐율점수":"--",
            "세대당주차수":60,
            "난방방식":30,
            "공급면적":"--",
            "전용률":"--",
            "욕실수":100,
            "현관타입":100,
            "주거총점":40.0,
            "지역구공급총점":100.0,
            "역세권":0,
            "30분내 이동가능 거점":0,
            "1시간내 이동가능 거점":0,
            "교통총점":0.0,
            "백화점":0,
            "아울렛몰":0,
            "대형마트":100,
            "은행":0,
            "병원":10,
            "종합병원":80,
            "공원":100,
            "혐오시설":0,
            "인프라총점":35.0,
            "초등학군":92.0,
            "중학군":40.2,
            "학군총점":50.56,
            "인구수":24.42,
            "인구증감":13.66,
            "인구총점":21.192,
            "일자리":17.4,
            "소득수준":99.91,
            "일자리총점":42.153,
            "가치 총점":26.084,
            "매매실거래년":20211009.0,
            "매매실거래가":70000.0,
            "전세실거래년":20211006.0,
            "전세실거래가":42000.0,
            "전세가율":79.25,
            "장기전세가율평균":73.31,
            "전세가율거품지수":-5.94,
            "검색코드":26953,
            "세대수":230.0,
            "준공년월":"2008-12-26",
            "준공년차":15.0,
            "가까운역이름":"이천",
            "가까운역거리":2364.35,
            "역세권여부":"비역세권",
            "30분이내주요거점역":0,
            "1시간이내주요거점역":0,
            "3km이내백화점수":0,
            "5km이내아울렛몰수":0,
            "1km이내대형먀트수":2,
            "500m이내은행수":0,
            "500m이내병원수":2,
            "5km이내대형병원수":1,
            "500m이내공원수":8,
            "3km이내혐오시설수":0,
            "초등학교학업성취도":92.0,
            "중학교학업성취도":67.0,
            "용적률":230,
            "건폐율":25,
            "Y":37.284744,
            "X":127.453834,
            "rank":30.0,
            "area_info":"33평(109.7), 46평(152.2), 52평(174.04)",
            "last_sales":"2021-10-09,70000.0,46평(152.2)"
        },
        {
            "index":185,
            "아파트명":"현진에버빌1차",
            "투자타입":"일반",
            "전용면적(m2)":"81.52",
            "전용면적(평)":"24평",
            "법정동주소":"경기도 이천시 송정동 445",
            "도로명주소":"경기도 이천시 아리역로 37",
            "세대수":30,
            "입주년차":40,
            "용적률점수":"--",
            "건폐율점수":"--",
            "세대당주차수":0,
            "난방방식":30,
            "공급면적":"--",
            "전용률":"--",
            "욕실수":100,
            "현관타입":100,
            "주거총점":41.5,
            "지역구공급총점":100.0,
            "역세권":0,
            "30분내 이동가능 거점":0,
            "1시간내 이동가능 거점":0,
            "교통총점":0.0,
            "백화점":0,
            "아울렛몰":0,
            "대형마트":100,
            "은행":0,
            "병원":0,
            "종합병원":80,
            "공원":100,
            "혐오시설":0,
            "인프라총점":34.0,
            "초등학군":88.94,
            "중학군":40.2,
            "학군총점":49.948,
            "인구수":24.42,
            "인구증감":13.66,
            "인구총점":21.192,
            "일자리":17.4,
            "소득수준":99.91,
            "일자리총점":42.153,
            "가치 총점":25.9922,
            "매매실거래년":20211119.0,
            "매매실거래가":27950.0,
            "전세실거래년":20211009.0,
            "전세실거래가":15000.0,
            "전세가율":73.53,
            "장기전세가율평균":73.31,
            "전세가율거품지수":-0.22,
            "검색코드":19125,
            "세대수":326.0,
            "준공년월":"2005-10-28",
            "준공년차":18.0,
            "가까운역이름":"이천",
            "가까운역거리":2541.34,
            "역세권여부":"비역세권",
            "30분이내주요거점역":0,
            "1시간이내주요거점역":0,
            "3km이내백화점수":0,
            "5km이내아울렛몰수":0,
            "1km이내대형먀트수":2,
            "500m이내은행수":0,
            "500m이내병원수":0,
            "5km이내대형병원수":1,
            "500m이내공원수":5,
            "3km이내혐오시설수":0,
            "초등학교학업성취도":88.94,
            "중학교학업성취도":67.0,
            "용적률":254,
            "건폐율":24,
            "Y":37.288342,
            "X":127.444831,
            "rank":31.0,
            "area_info":"24평(81.52), 30평(99.46), 33평(109.62)",
            "last_sales":"2021-11-19,27950.0,30평(99.46)"
        },
        {
            "index":82,
            "아파트명":"삼익",
            "투자타입":"일반",
            "전용면적(m2)":"77.36",
            "전용면적(평)":"23평",
            "법정동주소":"경기도 이천시 부발읍 신하리 481-1",
            "도로명주소":"경기도 이천시 경충대로 2241",
            "세대수":50,
            "입주년차":20,
            "용적률점수":"--",
            "건폐율점수":"--",
            "세대당주차수":0,
            "난방방식":30,
            "공급면적":"--",
            "전용률":"--",
            "욕실수":50,
            "현관타입":100,
            "주거총점":39.5,
            "지역구공급총점":100.0,
            "역세권":0,
            "30분내 이동가능 거점":0,
            "1시간내 이동가능 거점":10,
            "교통총점":2.0,
            "백화점":0,
            "아울렛몰":0,
            "대형마트":80,
            "은행":0,
            "병원":30,
            "종합병원":80,
            "공원":0,
            "혐오시설":0,
            "인프라총점":31.0,
            "초등학군":90.12,
            "중학군":42.42,
            "학군총점":51.96,
            "인구수":24.42,
            "인구증감":13.66,
            "인구총점":21.192,
            "일자리":17.4,
            "소득수준":99.91,
            "일자리총점":42.153,
            "가치 총점":25.694,
            "매매실거래년":20211120.0,
            "매매실거래가":33000.0,
            "전세실거래년":20220113.0,
            "전세실거래가":20000.0,
            "전세가율":88.89,
            "장기전세가율평균":73.31,
            "전세가율거품지수":-15.58,
            "검색코드":10490,
            "세대수":493.0,
            "준공년월":"2000-04-08",
            "준공년차":23.0,
            "가까운역이름":"부발",
            "가까운역거리":1116.17,
            "역세권여부":"비역세권",
            "30분이내주요거점역":0,
            "1시간이내주요거점역":1,
            "3km이내백화점수":0,
            "5km이내아울렛몰수":0,
            "1km이내대형먀트수":1,
            "500m이내은행수":0,
            "500m이내병원수":7,
            "5km이내대형병원수":1,
            "500m이내공원수":0,
            "3km이내혐오시설수":0,
            "초등학교학업성취도":90.12,
            "중학교학업성취도":70.7,
            "용적률":249,
            "건폐율":19,
            "Y":37.259197,
            "X":127.477727,
            "rank":32.0,
            "area_info":"23평(77.36), 28평(93.85), 31평(104.83), 31평(104.4)",
            "last_sales":"2021-11-20,33000.0,31평(104.83)"
        },
        {
            "index":303,
            "아파트명":"이천증포새도시한양수자인(5블록)",
            "투자타입":"일반",
            "전용면적(m2)":"95.03",
            "전용면적(평)":"28평",
            "법정동주소":"경기도 이천시 증포동 491",
            "도로명주소":"경기도 이천시 아리역로38번길 50",
            "세대수":50,
            "입주년차":80,
            "용적률점수":"--",
            "건폐율점수":"--",
            "세대당주차수":30,
            "난방방식":30,
            "공급면적":"--",
            "전용률":"--",
            "욕실수":100,
            "현관타입":100,
            "주거총점":61.0,
            "지역구공급총점":100.0,
            "역세권":0,
            "30분내 이동가능 거점":0,
            "1시간내 이동가능 거점":0,
            "교통총점":0.0,
            "백화점":0,
            "아울렛몰":0,
            "대형마트":0,
            "은행":0,
            "병원":0,
            "종합병원":80,
            "공원":100,
            "혐오시설":0,
            "인프라총점":19.0,
            "초등학군":92.0,
            "중학군":40.2,
            "학군총점":50.56,
            "인구수":24.42,
            "인구증감":13.66,
            "인구총점":21.192,
            "일자리":17.4,
            "소득수준":99.91,
            "일자리총점":42.153,
            "가치 총점":25.484,
            "매매실거래년":20211124.0,
            "매매실거래가":44000.0,
            "전세실거래년":20220108.0,
            "전세실거래가":27300.0,
            "전세가율":62.05,
            "장기전세가율평균":73.31,
            "전세가율거품지수":11.26,
            "검색코드":110428,
            "세대수":620.0,
            "준공년월":"2017-09-07",
            "준공년차":6.0,
            "가까운역이름":"이천",
            "가까운역거리":2784.7,
            "역세권여부":"비역세권",
            "30분이내주요거점역":0,
            "1시간이내주요거점역":0,
            "3km이내백화점수":0,
            "5km이내아울렛몰수":0,
            "1km이내대형먀트수":0,
            "500m이내은행수":0,
            "500m이내병원수":0,
            "5km이내대형병원수":1,
            "500m이내공원수":2,
            "3km이내혐오시설수":0,
            "초등학교학업성취도":92.0,
            "중학교학업성취도":67.0,
            "용적률":199,
            "건폐율":17,
            "Y":37.290134,
            "X":127.448445,
            "rank":33.0,
            "area_info":"28평(95.03), 33평(111.24), 33평(111.72), 33평(111.0)",
            "last_sales":"2021-11-24,44000.0,28평(95.03)"
        },
        {
            "index":272,
            "아파트명":"선경2차",
            "투자타입":"일반",
            "전용면적(m2)":"75.87",
            "전용면적(평)":"22평",
            "법정동주소":"경기도 이천시 증포동 190-2",
            "도로명주소":"경기도 이천시 이섭대천로 1395",
            "세대수":50,
            "입주년차":0,
            "용적률점수":"--",
            "건폐율점수":"--",
            "세대당주차수":0,
            "난방방식":30,
            "공급면적":"--",
            "전용률":"--",
            "욕실수":50,
            "현관타입":100,
            "주거총점":35.5,
            "지역구공급총점":100.0,
            "역세권":0,
            "30분내 이동가능 거점":0,
            "1시간내 이동가능 거점":0,
            "교통총점":0.0,
            "백화점":0,
            "아울렛몰":0,
            "대형마트":80,
            "은행":0,
            "병원":30,
            "종합병원":80,
            "공원":100,
            "혐오시설":0,
            "인프라총점":34.0,
            "초등학군":87.92,
            "중학군":45.96,
            "학군총점":54.352,
            "인구수":24.42,
            "인구증감":13.66,
            "인구총점":21.192,
            "일자리":17.4,
            "소득수준":99.91,
            "일자리총점":42.153,
            "가치 총점":25.4528,
            "매매실거래년":20211229.0,
            "매매실거래가":21000.0,
            "전세실거래년":20211230.0,
            "전세실거래가":19000.0,
            "전세가율":90.48,
            "장기전세가율평균":73.31,
            "전세가율거품지수":-17.17,
            "검색코드":15119,
            "세대수":456.0,
            "준공년월":"1997-10-24",
            "준공년차":26.0,
            "가까운역이름":"이천",
            "가까운역거리":3215.73,
            "역세권여부":"비역세권",
            "30분이내주요거점역":0,
            "1시간이내주요거점역":0,
            "3km이내백화점수":0,
            "5km이내아울렛몰수":0,
            "1km이내대형먀트수":1,
            "500m이내은행수":0,
            "500m이내병원수":7,
            "5km이내대형병원수":1,
            "500m이내공원수":2,
            "3km이내혐오시설수":0,
            "초등학교학업성취도":87.92,
            "중학교학업성취도":76.6,
            "용적률":220,
            "건폐율":13,
            "Y":37.293015,
            "X":127.453752,
            "rank":34.0,
            "area_info":"22평(75.87), 30평(100.12), 40평(133.68)",
            "last_sales":"2021-12-29,21000.0,22평(75.87)"
        },
        {
            "index":225,
            "아파트명":"이천코아루휴티스2단지",
            "투자타입":"일반",
            "전용면적(m2)":"112.7",
            "전용면적(평)":"34평",
            "법정동주소":"경기도 이천시 안흥동 313-1",
            "도로명주소":"경기도 이천시 애련정로 67-15",
            "세대수":0,
            "입주년차":100,
            "용적률점수":"--",
            "건폐율점수":"--",
            "세대당주차수":30,
            "난방방식":30,
            "공급면적":"--",
            "전용률":"--",
            "욕실수":100,
            "현관타입":100,
            "주거총점":47.5,
            "지역구공급총점":100.0,
            "역세권":0,
            "30분내 이동가능 거점":0,
            "1시간내 이동가능 거점":10,
            "교통총점":2.0,
            "백화점":0,
            "아울렛몰":0,
            "대형마트":80,
            "은행":0,
            "병원":0,
            "종합병원":80,
            "공원":0,
            "혐오시설":0,
            "인프라총점":28.0,
            "초등학군":87.18,
            "중학군":33.48,
            "학군총점":44.22,
            "인구수":24.42,
            "인구증감":13.66,
            "인구총점":21.192,
            "일자리":17.4,
            "소득수준":99.91,
            "일자리총점":42.153,
            "가치 총점":25.233,
            "매매실거래년":20210716.0,
            "매매실거래가":50000.0,
            "전세실거래년":null,
            "전세실거래가":null,
            "전세가율":null,
            "장기전세가율평균":73.31,
            "전세가율거품지수":null,
            "검색코드":119567,
            "세대수":144.0,
            "준공년월":"2021-04-01",
            "준공년차":2.0,
            "가까운역이름":"이천",
            "가까운역거리":1655.79,
            "역세권여부":"비역세권",
            "30분이내주요거점역":0,
            "1시간이내주요거점역":1,
            "3km이내백화점수":0,
            "5km이내아울렛몰수":0,
            "1km이내대형먀트수":1,
            "500m이내은행수":0,
            "500m이내병원수":1,
            "5km이내대형병원수":1,
            "500m이내공원수":0,
            "3km이내혐오시설수":0,
            "초등학교학업성취도":87.18,
            "중학교학업성취도":55.8,
            "용적률":936,
            "건폐율":67,
            "Y":37.276695,
            "X":127.454711,
            "rank":35.0,
            "area_info":"34평(112.7), 34평(113.46), 34평(113.2), 34평(114.26)",
            "last_sales":"2021-07-16,50000.0,34평(114.26)"
        },
        {
            "index":63,
            "아파트명":"이천마장리젠시빌란트더웰",
            "투자타입":"일반",
            "전용면적(m2)":"80.58",
            "전용면적(평)":"24평",
            "법정동주소":"경기도 이천시 마장면 오천리 419",
            "도로명주소":"경기도 이천시 중앙로 56",
            "세대수":30,
            "입주년차":100,
            "용적률점수":"--",
            "건폐율점수":"--",
            "세대당주차수":30,
            "난방방식":30,
            "공급면적":"--",
            "전용률":"--",
            "욕실수":100,
            "현관타입":100,
            "주거총점":58.0,
            "지역구공급총점":100.0,
            "역세권":0,
            "30분내 이동가능 거점":0,
            "1시간내 이동가능 거점":0,
            "교통총점":0.0,
            "백화점":0,
            "아울렛몰":80,
            "대형마트":80,
            "은행":0,
            "병원":10,
            "종합병원":0,
            "공원":0,
            "혐오시설":0,
            "인프라총점":21.0,
            "초등학군":97.31,
            "중학군":35.7,
            "학군총점":48.022,
            "인구수":24.42,
            "인구증감":13.66,
            "인구총점":21.192,
            "일자리":17.4,
            "소득수준":99.91,
            "일자리총점":42.153,
            "가치 총점":25.1033,
            "매매실거래년":20211218.0,
            "매매실거래가":38000.0,
            "전세실거래년":null,
            "전세실거래가":null,
            "전세가율":null,
            "장기전세가율평균":73.31,
            "전세가율거품지수":null,
            "검색코드":124945,
            "세대수":305.0,
            "준공년월":"2020-12-29",
            "준공년차":3.0,
            "가까운역이름":"이천",
            "가까운역거리":7562.21,
            "역세권여부":"비역세권",
            "30분이내주요거점역":0,
            "1시간이내주요거점역":0,
            "3km이내백화점수":0,
            "5km이내아울렛몰수":1,
            "1km이내대형먀트수":1,
            "500m이내은행수":0,
            "500m이내병원수":3,
            "5km이내대형병원수":0,
            "500m이내공원수":0,
            "3km이내혐오시설수":0,
            "초등학교학업성취도":97.31,
            "중학교학업성취도":59.5,
            "용적률":168,
            "건폐율":16,
            "Y":37.251361,
            "X":127.358701,
            "rank":36.0,
            "area_info":"24평(80.58), 24평(80.57)",
            "last_sales":"2021-12-18,38000.0,24평(80.57)"
        },
        {
            "index":152,
            "아파트명":"송정동양파라곤",
            "투자타입":"일반",
            "전용면적(m2)":"118.91",
            "전용면적(평)":"35평",
            "법정동주소":"경기도 이천시 송정동 446",
            "도로명주소":"경기도 이천시 증신로291번길 128",
            "세대수":30,
            "입주년차":60,
            "용적률점수":"--",
            "건폐율점수":"--",
            "세대당주차수":60,
            "난방방식":30,
            "공급면적":"--",
            "전용률":"--",
            "욕실수":100,
            "현관타입":100,
            "주거총점":54.5,
            "지역구공급총점":100.0,
            "역세권":0,
            "30분내 이동가능 거점":0,
            "1시간내 이동가능 거점":0,
            "교통총점":0.0,
            "백화점":0,
            "아울렛몰":0,
            "대형마트":0,
            "은행":0,
            "병원":10,
            "종합병원":80,
            "공원":80,
            "혐오시설":0,
            "인프라총점":19.4,
            "초등학군":90.98,
            "중학군":44.4,
            "학군총점":53.716,
            "인구수":24.42,
            "인구증감":13.66,
            "인구총점":21.192,
            "일자리":17.4,
            "소득수준":99.91,
            "일자리총점":42.153,
            "가치 총점":24.7774,
            "매매실거래년":20210918.0,
            "매매실거래가":40800.0,
            "전세실거래년":20210904.0,
            "전세실거래가":22000.0,
            "전세가율":68.11,
            "장기전세가율평균":73.31,
            "전세가율거품지수":5.2,
            "검색코드":27011,
            "세대수":324.0,
            "준공년월":"2009-02-27",
            "준공년차":14.0,
            "가까운역이름":"신둔도예촌",
            "가까운역거리":3395.68,
            "역세권여부":"비역세권",
            "30분이내주요거점역":0,
            "1시간이내주요거점역":0,
            "3km이내백화점수":0,
            "5km이내아울렛몰수":0,
            "1km이내대형먀트수":0,
            "500m이내은행수":0,
            "500m이내병원수":3,
            "5km이내대형병원수":1,
            "500m이내공원수":1,
            "3km이내혐오시설수":0,
            "초등학교학업성취도":90.98,
            "중학교학업성취도":74.0,
            "용적률":244,
            "건폐율":15,
            "Y":37.296658,
            "X":127.433186,
            "rank":37.0,
            "area_info":"35평(118.91), 35평(118.95), 35평(118.65), 46평(155.3), 46평(155.29), 46평(155.01), 49평(163.77), 49평(163.72), 49평(163.95), 49평(164.23), 58평(194.92)",
            "last_sales":"2021-09-18,40800.0,35평(118.95)"
        },
        {
            "index":296,
            "아파트명":"이천증포대원칸타빌",
            "투자타입":"일반",
            "전용면적(m2)":"109.87",
            "전용면적(평)":"33평",
            "법정동주소":"경기도 이천시 증포동 498",
            "도로명주소":"경기도 이천시 아리역로76번길 19",
            "세대수":30,
            "입주년차":100,
            "용적률점수":"--",
            "건폐율점수":"--",
            "세대당주차수":30,
            "난방방식":30,
            "공급면적":"--",
            "전용률":"--",
            "욕실수":100,
            "현관타입":100,
            "주거총점":58.0,
            "지역구공급총점":100.0,
            "역세권":0,
            "30분내 이동가능 거점":0,
            "1시간내 이동가능 거점":10,
            "교통총점":2.0,
            "백화점":0,
            "아울렛몰":0,
            "대형마트":0,
            "은행":0,
            "병원":0,
            "종합병원":80,
            "공원":0,
            "혐오시설":0,
            "인프라총점":16.0,
            "초등학군":92.0,
            "중학군":40.2,
            "학군총점":50.56,
            "인구수":24.42,
            "인구증감":13.66,
            "인구총점":21.192,
            "일자리":17.4,
            "소득수준":99.91,
            "일자리총점":42.153,
            "가치 총점":24.684,
            "매매실거래년":20211217.0,
            "매매실거래가":50600.0,
            "전세실거래년":20211213.0,
            "전세실거래가":45000.0,
            "전세가율":78.95,
            "장기전세가율평균":73.31,
            "전세가율거품지수":-5.64,
            "검색코드":117242,
            "세대수":346.0,
            "준공년월":"2019-07-24",
            "준공년차":4.0,
            "가까운역이름":"이천",
            "가까운역거리":2940.02,
            "역세권여부":"비역세권",
            "30분이내주요거점역":0,
            "1시간이내주요거점역":1,
            "3km이내백화점수":0,
            "5km이내아울렛몰수":0,
            "1km이내대형먀트수":0,
            "500m이내은행수":0,
            "500m이내병원수":0,
            "5km이내대형병원수":1,
            "500m이내공원수":0,
            "3km이내혐오시설수":0,
            "초등학교학업성취도":92.0,
            "중학교학업성취도":67.0,
            "용적률":198,
            "건폐율":18,
            "Y":37.29173,
            "X":127.447161,
            "rank":38.0,
            "area_info":"33평(109.87), 33평(109.77), 33평(111.66)",
            "last_sales":"2021-12-17,50600.0,33평(111.66)"
        },
        {
            "index":313,
            "아파트명":"증포대우3차",
            "투자타입":"일반",
            "전용면적(m2)":"104.28",
            "전용면적(평)":"31평",
            "법정동주소":"경기도 이천시 증포동 200-9",
            "도로명주소":"경기도 이천시 이섭대천로1407번길 35",
            "세대수":0,
            "입주년차":20,
            "용적률점수":"--",
            "건폐율점수":"--",
            "세대당주차수":30,
            "난방방식":30,
            "공급면적":"--",
            "전용률":"--",
            "욕실수":100,
            "현관타입":100,
            "주거총점":31.5,
            "지역구공급총점":100.0,
            "역세권":0,
            "30분내 이동가능 거점":0,
            "1시간내 이동가능 거점":0,
            "교통총점":0.0,
            "백화점":0,
            "아울렛몰":0,
            "대형마트":80,
            "은행":0,
            "병원":30,
            "종합병원":80,
            "공원":100,
            "혐오시설":0,
            "인프라총점":34.0,
            "초등학군":87.92,
            "중학군":45.96,
            "학군총점":54.352,
            "인구수":24.42,
            "인구증감":13.66,
            "인구총점":21.192,
            "일자리":17.4,
            "소득수준":99.91,
            "일자리총점":42.153,
            "가치 총점":24.6528,
            "매매실거래년":20210904.0,
            "매매실거래가":26000.0,
            "전세실거래년":20211028.0,
            "전세실거래가":19000.0,
            "전세가율":81.55,
            "장기전세가율평균":73.31,
            "전세가율거품지수":-8.24,
            "검색코드":11494,
            "세대수":208.0,
            "준공년월":"2000-10-24",
            "준공년차":23.0,
            "가까운역이름":"이천",
            "가까운역거리":3291.6,
            "역세권여부":"비역세권",
            "30분이내주요거점역":0,
            "1시간이내주요거점역":0,
            "3km이내백화점수":0,
            "5km이내아울렛몰수":0,
            "1km이내대형먀트수":1,
            "500m이내은행수":0,
            "500m이내병원수":7,
            "5km이내대형병원수":1,
            "500m이내공원수":2,
            "3km이내혐오시설수":0,
            "초등학교학업성취도":87.92,
            "중학교학업성취도":76.6,
            "용적률":233,
            "건폐율":18,
            "Y":37.29378,
            "X":127.45357,
            "rank":39.0,
            "area_info":"31평(104.28), 39평(130.51)",
            "last_sales":"2021-09-04,26000.0,39평(130.51)"
        },
        {
            "index":218,
            "아파트명":"이천안흥주공",
            "투자타입":"일반",
            "전용면적(m2)":"56.44",
            "전용면적(평)":"17평",
            "법정동주소":"경기도 이천시 안흥동 469",
            "도로명주소":"경기도 이천시 증신로25번길 69",
            "세대수":90,
            "입주년차":0,
            "용적률점수":"--",
            "건폐율점수":"--",
            "세대당주차수":0,
            "난방방식":30,
            "공급면적":"--",
            "전용률":"--",
            "욕실수":50,
            "현관타입":10,
            "주거총점":40.5,
            "지역구공급총점":100.0,
            "역세권":0,
            "30분내 이동가능 거점":0,
            "1시간내 이동가능 거점":0,
            "교통총점":0.0,
            "백화점":0,
            "아울렛몰":0,
            "대형마트":80,
            "은행":0,
            "병원":0,
            "종합병원":80,
            "공원":100,
            "혐오시설":0,
            "인프라총점":31.0,
            "초등학군":87.18,
            "중학군":33.48,
            "학군총점":44.22,
            "인구수":24.42,
            "인구증감":13.66,
            "인구총점":21.192,
            "일자리":17.4,
            "소득수준":99.91,
            "일자리총점":42.153,
            "가치 총점":24.033,
            "매매실거래년":20220109.0,
            "매매실거래가":25900.0,
            "전세실거래년":20220113.0,
            "전세실거래가":12000.0,
            "전세가율":77.42,
            "장기전세가율평균":73.31,
            "전세가율거품지수":-4.11,
            "검색코드":12038,
            "세대수":1200.0,
            "준공년월":"1997-05-02",
            "준공년차":26.0,
            "가까운역이름":"이천",
            "가까운역거리":2302.7,
            "역세권여부":"비역세권",
            "30분이내주요거점역":0,
            "1시간이내주요거점역":0,
            "3km이내백화점수":0,
            "5km이내아울렛몰수":0,
            "1km이내대형먀트수":1,
            "500m이내은행수":0,
            "500m이내병원수":1,
            "5km이내대형병원수":1,
            "500m이내공원수":2,
            "3km이내혐오시설수":0,
            "초등학교학업성취도":87.18,
            "중학교학업성취도":55.8,
            "용적률":195,
            "건폐율":20,
            "Y":37.279848,
            "X":127.46112,
            "rank":40.0,
            "area_info":"17평(56.44), 21평(69.69), 23평(76.73), 23평(76.73), 23평(76.73)",
            "last_sales":"2022-01-09,25900.0,23평(76.73)"
        },
        {
            "index":86,
            "아파트명":"성광",
            "투자타입":"재건축",
            "전용면적(m2)":"61.17",
            "전용면적(평)":"18평",
            "법정동주소":"경기도 이천시 부발읍 신하리 409-5",
            "도로명주소":"경기도 이천시 경충대로2273번길 14-11",
            "세대수":0,
            "입주년차":"--",
            "용적률점수":80,
            "건폐율점수":0,
            "세대당주차수":"--",
            "난방방식":"--",
            "공급면적":50,
            "전용률":60,
            "욕실수":"--",
            "현관타입":"--",
            "주거총점":37.5,
            "지역구공급총점":100.0,
            "역세권":0,
            "30분내 이동가능 거점":0,
            "1시간내 이동가능 거점":0,
            "교통총점":0.0,
            "백화점":0,
            "아울렛몰":0,
            "대형마트":80,
            "은행":0,
            "병원":10,
            "종합병원":80,
            "공원":0,
            "혐오시설":0,
            "인프라총점":29.0,
            "초등학군":90.12,
            "중학군":42.42,
            "학군총점":51.96,
            "인구수":24.42,
            "인구증감":13.66,
            "인구총점":21.192,
            "일자리":17.4,
            "소득수준":99.91,
            "일자리총점":42.153,
            "가치 총점":23.994,
            "매매실거래년":20211124.0,
            "매매실거래가":11000.0,
            "전세실거래년":20180316.0,
            "전세실거래가":5000.0,
            "전세가율":78.12,
            "장기전세가율평균":73.31,
            "전세가율거품지수":-4.81,
            "검색코드":15069,
            "세대수":198.0,
            "준공년월":"1990-06-11",
            "준공년차":33.0,
            "가까운역이름":"부발",
            "가까운역거리":1561.33,
            "역세권여부":"비역세권",
            "30분이내주요거점역":0,
            "1시간이내주요거점역":0,
            "3km이내백화점수":0,
            "5km이내아울렛몰수":0,
            "1km이내대형먀트수":1,
            "500m이내은행수":0,
            "500m이내병원수":2,
            "5km이내대형병원수":1,
            "500m이내공원수":0,
            "3km이내혐오시설수":0,
            "초등학교학업성취도":90.12,
            "중학교학업성취도":70.7,
            "용적률":169,
            "건폐율":0,
            "Y":37.2614,
            "X":127.4727,
            "rank":41.0,
            "area_info":"18평(61.17), 21평(72.44), 22평(75.69), 30평(99.6)",
            "last_sales":"2021-11-24,11000.0,22평(75.69)"
        },
        {
            "index":168,
            "아파트명":"이천대원칸타빌2차",
            "투자타입":"일반",
            "전용면적(m2)":"110.88",
            "전용면적(평)":"33평",
            "법정동주소":"경기도 이천시 송정동 454",
            "도로명주소":"경기도 이천시 아리역로76번길 14",
            "세대수":30,
            "입주년차":100,
            "용적률점수":"--",
            "건폐율점수":"--",
            "세대당주차수":30,
            "난방방식":30,
            "공급면적":"--",
            "전용률":"--",
            "욕실수":100,
            "현관타입":100,
            "주거총점":58.0,
            "지역구공급총점":100.0,
            "역세권":0,
            "30분내 이동가능 거점":0,
            "1시간내 이동가능 거점":0,
            "교통총점":0.0,
            "백화점":0,
            "아울렛몰":0,
            "대형마트":0,
            "은행":0,
            "병원":0,
            "종합병원":80,
            "공원":0,
            "혐오시설":0,
            "인프라총점":16.0,
            "초등학군":88.94,
            "중학군":40.2,
            "학군총점":49.948,
            "인구수":24.42,
            "인구증감":13.66,
            "인구총점":21.192,
            "일자리":17.4,
            "소득수준":99.91,
            "일자리총점":42.153,
            "가치 총점":23.8922,
            "매매실거래년":"18000101",
            "매매실거래가":null,
            "전세실거래년":null,
            "전세실거래가":null,
            "전세가율":null,
            "장기전세가율평균":73.31,
            "전세가율거품지수":null,
            "검색코드":125835,
            "세대수":303.0,
            "준공년월":"2021-08-01",
            "준공년차":2.0,
            "가까운역이름":"이천",
            "가까운역거리":2838.45,
            "역세권여부":"비역세권",
            "30분이내주요거점역":0,
            "1시간이내주요거점역":0,
            "3km이내백화점수":0,
            "5km이내아울렛몰수":0,
            "1km이내대형먀트수":0,
            "500m이내은행수":0,
            "500m이내병원수":0,
            "5km이내대형병원수":1,
            "500m이내공원수":0,
            "3km이내혐오시설수":0,
            "초등학교학업성취도":88.94,
            "중학교학업성취도":67.0,
            "용적률":199,
            "건폐율":18,
            "Y":37.290976,
            "X":127.445491,
            "rank":42.0,
            "area_info":"33평(110.88)",
            "last_sales":"1800-01-01,nan,33평(110.88)"
        },
        {
            "index":254,
            "아파트명":"대림휴먼빌",
            "투자타입":"일반",
            "전용면적(m2)":"87.53",
            "전용면적(평)":"26평",
            "법정동주소":"경기도 이천시 증포동 474",
            "도로명주소":"경기도 이천시 이섭대천로1407번길 20",
            "세대수":0,
            "입주년차":20,
            "용적률점수":"--",
            "건폐율점수":"--",
            "세대당주차수":0,
            "난방방식":30,
            "공급면적":"--",
            "전용률":"--",
            "욕실수":100,
            "현관타입":100,
            "주거총점":27.0,
            "지역구공급총점":100.0,
            "역세권":0,
            "30분내 이동가능 거점":0,
            "1시간내 이동가능 거점":0,
            "교통총점":0.0,
            "백화점":0,
            "아울렛몰":0,
            "대형마트":80,
            "은행":0,
            "병원":30,
            "종합병원":80,
            "공원":100,
            "혐오시설":0,
            "인프라총점":34.0,
            "초등학군":87.92,
            "중학군":45.96,
            "학군총점":54.352,
            "인구수":24.42,
            "인구증감":13.66,
            "인구총점":21.192,
            "일자리":17.4,
            "소득수준":99.91,
            "일자리총점":42.153,
            "가치 총점":23.7528,
            "매매실거래년":20211227.0,
            "매매실거래가":19000.0,
            "전세실거래년":20220113.0,
            "전세실거래가":14000.0,
            "전세가율":73.68,
            "장기전세가율평균":73.31,
            "전세가율거품지수":-0.37,
            "검색코드":15103,
            "세대수":172.0,
            "준공년월":"2002-08-24",
            "준공년차":21.0,
            "가까운역이름":"이천",
            "가까운역거리":3392.52,
            "역세권여부":"비역세권",
            "30분이내주요거점역":0,
            "1시간이내주요거점역":0,
            "3km이내백화점수":0,
            "5km이내아울렛몰수":0,
            "1km이내대형먀트수":1,
            "500m이내은행수":0,
            "500m이내병원수":7,
            "5km이내대형병원수":1,
            "500m이내공원수":2,
            "3km이내혐오시설수":0,
            "초등학교학업성취도":87.92,
            "중학교학업성취도":76.6,
            "용적률":239,
            "건폐율":22,
            "Y":37.294426,
            "X":127.454745,
            "rank":43.0,
            "area_info":"26평(87.53), 33평(112.31)",
            "last_sales":"2021-12-27,19000.0,26평(87.53)"
        },
        {
            "index":23,
            "아파트명":"힐스테이트",
            "투자타입":"일반",
            "전용면적(m2)":"110.0",
            "전용면적(평)":"33평",
            "법정동주소":"경기도 이천시 갈산동 781",
            "도로명주소":"경기도 이천시 향교로 168",
            "세대수":30,
            "입주년차":40,
            "용적률점수":"--",
            "건폐율점수":"--",
            "세대당주차수":60,
            "난방방식":30,
            "공급면적":"--",
            "전용률":"--",
            "욕실수":100,
            "현관타입":100,
            "주거총점":50.5,
            "지역구공급총점":100.0,
            "역세권":0,
            "30분내 이동가능 거점":0,
            "1시간내 이동가능 거점":0,
            "교통총점":0.0,
            "백화점":0,
            "아울렛몰":0,
            "대형마트":0,
            "은행":0,
            "병원":10,
            "종합병원":80,
            "공원":100,
            "혐오시설":0,
            "인프라총점":20.0,
            "초등학군":92.0,
            "중학군":40.2,
            "학군총점":50.56,
            "인구수":24.42,
            "인구증감":13.66,
            "인구총점":21.192,
            "일자리":17.4,
            "소득수준":99.91,
            "일자리총점":42.153,
            "가치 총점":23.684,
            "매매실거래년":20200701.0,
            "매매실거래가":42500.0,
            "전세실거래년":null,
            "전세실거래가":null,
            "전세가율":null,
            "장기전세가율평균":73.31,
            "전세가율거품지수":null,
            "검색코드":26236,
            "세대수":325.0,
            "준공년월":"2006-09-28",
            "준공년차":17.0,
            "가까운역이름":"이천",
            "가까운역거리":2420.67,
            "역세권여부":"비역세권",
            "30분이내주요거점역":0,
            "1시간이내주요거점역":0,
            "3km이내백화점수":0,
            "5km이내아울렛몰수":0,
            "1km이내대형먀트수":0,
            "500m이내은행수":0,
            "500m이내병원수":3,
            "5km이내대형병원수":1,
            "500m이내공원수":5,
            "3km이내혐오시설수":0,
            "초등학교학업성취도":92.0,
            "중학교학업성취도":67.0,
            "용적률":251,
            "건폐율":23,
            "Y":37.284527,
            "X":127.45573,
            "rank":44.0,
            "area_info":"33평(110.0), 34평(112.4), 46평(153.07), 48평(159.03), 52평(172.88), 59평(196.12)",
            "last_sales":"2020-07-01,42500.0,59평(196.12)"
        },
        {
            "index":97,
            "아파트명":"유승",
            "투자타입":"일반",
            "전용면적(m2)":"81.96",
            "전용면적(평)":"24평",
            "법정동주소":"경기도 이천시 부발읍 신하리 487-9",
            "도로명주소":"경기도 이천시 경충대로 2227-1",
            "세대수":0,
            "입주년차":20,
            "용적률점수":"--",
            "건폐율점수":"--",
            "세대당주차수":0,
            "난방방식":30,
            "공급면적":"--",
            "전용률":"--",
            "욕실수":100,
            "현관타입":100,
            "주거총점":27.0,
            "지역구공급총점":100.0,
            "역세권":0,
            "30분내 이동가능 거점":0,
            "1시간내 이동가능 거점":10,
            "교통총점":2.0,
            "백화점":0,
            "아울렛몰":0,
            "대형마트":80,
            "은행":0,
            "병원":30,
            "종합병원":80,
            "공원":0,
            "혐오시설":0,
            "인프라총점":31.0,
            "초등학군":90.12,
            "중학군":42.42,
            "학군총점":51.96,
            "인구수":24.42,
            "인구증감":13.66,
            "인구총점":21.192,
            "일자리":17.4,
            "소득수준":99.91,
            "일자리총점":42.153,
            "가치 총점":23.194,
            "매매실거래년":20220110.0,
            "매매실거래가":19800.0,
            "전세실거래년":20220104.0,
            "전세실거래가":18000.0,
            "전세가율":90.91,
            "장기전세가율평균":73.31,
            "전세가율거품지수":-17.6,
            "검색코드":15072,
            "세대수":153.0,
            "준공년월":"2001-08-07",
            "준공년차":22.0,
            "가까운역이름":"부발",
            "가까운역거리":1052.66,
            "역세권여부":"비역세권",
            "30분이내주요거점역":0,
            "1시간이내주요거점역":1,
            "3km이내백화점수":0,
            "5km이내아울렛몰수":0,
            "1km이내대형먀트수":1,
            "500m이내은행수":0,
            "500m이내병원수":7,
            "5km이내대형병원수":1,
            "500m이내공원수":0,
            "3km이내혐오시설수":0,
            "초등학교학업성취도":90.12,
            "중학교학업성취도":70.7,
            "용적률":231,
            "건폐율":20,
            "Y":37.25831,
            "X":127.47862,
            "rank":45.0,
            "area_info":"24평(81.96), 35평(116.06)",
            "last_sales":"2022-01-10,19800.0,24평(81.96)"
        },
        {
            "index":321,
            "아파트명":"대원4차",
            "투자타입":"재건축",
            "전용면적(m2)":"79.73",
            "전용면적(평)":"24평",
            "법정동주소":"경기도 이천시 창전동 440-4",
            "도로명주소":"경기도 이천시 이섭대천로1291번길 2",
            "세대수":0,
            "입주년차":"--",
            "용적률점수":0,
            "건폐율점수":60,
            "세대당주차수":"--",
            "난방방식":"--",
            "공급면적":50,
            "전용률":60,
            "욕실수":"--",
            "현관타입":"--",
            "주거총점":17.5,
            "지역구공급총점":100.0,
            "역세권":0,
            "30분내 이동가능 거점":0,
            "1시간내 이동가능 거점":10,
            "교통총점":2.0,
            "백화점":0,
            "아울렛몰":0,
            "대형마트":100,
            "은행":0,
            "병원":30,
            "종합병원":80,
            "공원":100,
            "혐오시설":0,
            "인프라총점":37.0,
            "초등학군":92.0,
            "중학군":40.2,
            "학군총점":50.56,
            "인구수":24.42,
            "인구증감":13.66,
            "인구총점":21.192,
            "일자리":17.4,
            "소득수준":99.91,
            "일자리총점":42.153,
            "가치 총점":22.884,
            "매매실거래년":20211017.0,
            "매매실거래가":15000.0,
            "전세실거래년":20220110.0,
            "전세실거래가":10000.0,
            "전세가율":100.0,
            "장기전세가율평균":73.31,
            "전세가율거품지수":-26.69,
            "검색코드":15123,
            "세대수":104.0,
            "준공년월":"1991-12-09",
            "준공년차":32.0,
            "가까운역이름":"이천",
            "가까운역거리":2269.65,
            "역세권여부":"비역세권",
            "30분이내주요거점역":0,
            "1시간이내주요거점역":1,
            "3km이내백화점수":0,
            "5km이내아울렛몰수":0,
            "1km이내대형먀트수":2,
            "500m이내은행수":1,
            "500m이내병원수":9,
            "5km이내대형병원수":1,
            "500m이내공원수":9,
            "3km이내혐오시설수":0,
            "초등학교학업성취도":92.0,
            "중학교학업성취도":67.0,
            "용적률":311,
            "건폐율":31,
            "Y":37.28555,
            "X":127.44756,
            "rank":46.0,
            "area_info":"24평(79.73), 24평(80.6), 24평(81.71), 24평(81.73), 32평(107.47), 40평(133.17)",
            "last_sales":"2021-10-17,15000.0,40평(133.17)"
        },
        {
            "index":22,
            "아파트명":"큰산",
            "투자타입":"일반",
            "전용면적(m2)":"92.33",
            "전용면적(평)":"27평",
            "법정동주소":"경기도 이천시 갈산동 222",
            "도로명주소":"경기도 이천시 갈산로133번길 22-15",
            "세대수":0,
            "입주년차":20,
            "용적률점수":"--",
            "건폐율점수":"--",
            "세대당주차수":30,
            "난방방식":30,
            "공급면적":"--",
            "전용률":"--",
            "욕실수":100,
            "현관타입":100,
            "주거총점":31.5,
            "지역구공급총점":100.0,
            "역세권":0,
            "30분내 이동가능 거점":0,
            "1시간내 이동가능 거점":0,
            "교통총점":0.0,
            "백화점":0,
            "아울렛몰":0,
            "대형마트":80,
            "은행":0,
            "병원":0,
            "종합병원":80,
            "공원":0,
            "혐오시설":0,
            "인프라총점":28.0,
            "초등학군":88.68,
            "중학군":45.96,
            "학군총점":54.504,
            "인구수":24.42,
            "인구증감":13.66,
            "인구총점":21.192,
            "일자리":17.4,
            "소득수준":99.91,
            "일자리총점":42.153,
            "가치 총점":22.8756,
            "매매실거래년":20211125.0,
            "매매실거래가":13700.0,
            "전세실거래년":20191225.0,
            "전세실거래가":2000.0,
            "전세가율":14.6,
            "장기전세가율평균":73.31,
            "전세가율거품지수":58.71,
            "검색코드":16232,
            "세대수":100.0,
            "준공년월":"2000-08-19",
            "준공년차":23.0,
            "가까운역이름":"이천",
            "가까운역거리":3354.78,
            "역세권여부":"비역세권",
            "30분이내주요거점역":0,
            "1시간이내주요거점역":0,
            "3km이내백화점수":0,
            "5km이내아울렛몰수":0,
            "1km이내대형먀트수":1,
            "500m이내은행수":0,
            "500m이내병원수":0,
            "5km이내대형병원수":1,
            "500m이내공원수":0,
            "3km이내혐오시설수":0,
            "초등학교학업성취도":88.68,
            "중학교학업성취도":76.6,
            "용적률":106,
            "건폐율":27,
            "Y":37.2881,
            "X":127.46749,
            "rank":47.0,
            "area_info":"27평(92.33)",
            "last_sales":"2021-11-25,13700.0,27평(92.33)"
        },
        {
            "index":99,
            "아파트명":"이천신일해피트리앤",
            "투자타입":"일반",
            "전용면적(m2)":"36.04",
            "전용면적(평)":"10평",
            "법정동주소":"경기도 이천시 부발읍 아미리 728-1",
            "도로명주소":"경기도 이천시 경충대로 2096-44",
            "세대수":0,
            "입주년차":60,
            "용적률점수":"--",
            "건폐율점수":"--",
            "세대당주차수":0,
            "난방방식":30,
            "공급면적":"--",
            "전용률":"--",
            "욕실수":50,
            "현관타입":10,
            "주거총점":21.0,
            "지역구공급총점":100.0,
            "역세권":50,
            "30분내 이동가능 거점":0,
            "1시간내 이동가능 거점":10,
            "교통총점":27.0,
            "백화점":0,
            "아울렛몰":0,
            "대형마트":0,
            "은행":0,
            "병원":30,
            "종합병원":0,
            "공원":0,
            "혐오시설":0,
            "인프라총점":3.0,
            "초등학군":86.47,
            "중학군":47.24,
            "학군총점":55.086,
            "인구수":24.42,
            "인구증감":13.66,
            "인구총점":21.192,
            "일자리":17.4,
            "소득수준":99.91,
            "일자리총점":42.153,
            "가치 총점":22.8129,
            "매매실거래년":20211230.0,
            "매매실거래가":7500.0,
            "전세실거래년":20180728.0,
            "전세실거래가":7000.0,
            "전세가율":93.33,
            "장기전세가율평균":73.31,
            "전세가율거품지수":-20.02,
            "검색코드":104689,
            "세대수":120.0,
            "준공년월":"2013-08-07",
            "준공년차":10.0,
            "가까운역이름":"부발",
            "가까운역거리":790.97,
            "역세권여부":"준역세권",
            "30분이내주요거점역":0,
            "1시간이내주요거점역":1,
            "3km이내백화점수":0,
            "5km이내아울렛몰수":0,
            "1km이내대형먀트수":0,
            "500m이내은행수":0,
            "500m이내병원수":7,
            "5km이내대형병원수":0,
            "500m이내공원수":0,
            "3km이내혐오시설수":0,
            "초등학교학업성취도":86.47,
            "중학교학업성취도":78.2,
            "용적률":631,
            "건폐율":65,
            "Y":37.25308,
            "X":127.490451,
            "rank":48.0,
            "area_info":"10평(36.04), 15평(51.22)",
            "last_sales":"2021-12-30,7500.0,10평(36.04)"
        },
        {
            "index":147,
            "아파트명":"동양",
            "투자타입":"일반",
            "전용면적(m2)":"75.01",
            "전용면적(평)":"22평",
            "법정동주소":"경기도 이천시 송정동 322",
            "도로명주소":"경기도 이천시 증신로 309",
            "세대수":50,
            "입주년차":20,
            "용적률점수":"--",
            "건폐율점수":"--",
            "세대당주차수":30,
            "난방방식":30,
            "공급면적":"--",
            "전용률":"--",
            "욕실수":50,
            "현관타입":100,
            "주거총점":44.0,
            "지역구공급총점":100.0,
            "역세권":0,
            "30분내 이동가능 거점":0,
            "1시간내 이동가능 거점":0,
            "교통총점":0.0,
            "백화점":0,
            "아울렛몰":0,
            "대형마트":0,
            "은행":0,
            "병원":10,
            "종합병원":80,
            "공원":80,
            "혐오시설":0,
            "인프라총점":19.4,
            "초등학군":90.98,
            "중학군":44.4,
            "학군총점":53.716,
            "인구수":24.42,
            "인구증감":13.66,
            "인구총점":21.192,
            "일자리":17.4,
            "소득수준":99.91,
            "일자리총점":42.153,
            "가치 총점":22.6774,
            "매매실거래년":20210717.0,
            "매매실거래가":24000.0,
            "전세실거래년":20210409.0,
            "전세실거래가":14000.0,
            "전세가율":93.33,
            "장기전세가율평균":73.31,
            "전세가율거품지수":-20.02,
            "검색코드":10640,
            "세대수":585.0,
            "준공년월":"2000-04-27",
            "준공년차":23.0,
            "가까운역이름":"이천",
            "가까운역거리":3574.9,
            "역세권여부":"비역세권",
            "30분이내주요거점역":0,
            "1시간이내주요거점역":0,
            "3km이내백화점수":0,
            "5km이내아울렛몰수":0,
            "1km이내대형먀트수":0,
            "500m이내은행수":0,
            "500m이내병원수":4,
            "5km이내대형병원수":1,
            "500m이내공원수":1,
            "3km이내혐오시설수":0,
            "초등학교학업성취도":90.98,
            "중학교학업성취도":74.0,
            "용적률":233,
            "건폐율":18,
            "Y":37.29745,
            "X":127.43695,
            "rank":49.0,
            "area_info":"22평(75.01), 23평(78.06), 31평(103.8), 36평(121.2), 42평(140.14)",
            "last_sales":"2021-07-17,24000.0,42평(140.14)"
        },
        {
            "index":180,
            "아파트명":"이천송정신일2차",
            "투자타입":"일반",
            "전용면적(m2)":"83.23",
            "전용면적(평)":"25평",
            "법정동주소":"경기도 이천시 송정동 311-1",
            "도로명주소":"경기도 이천시 증신로291번길 149",
            "세대수":50,
            "입주년차":20,
            "용적률점수":"--",
            "건폐율점수":"--",
            "세대당주차수":30,
            "난방방식":30,
            "공급면적":"--",
            "전용률":"--",
            "욕실수":50,
            "현관타입":100,
            "주거총점":44.0,
            "지역구공급총점":100.0,
            "역세권":0,
            "30분내 이동가능 거점":0,
            "1시간내 이동가능 거점":0,
            "교통총점":0.0,
            "백화점":0,
            "아울렛몰":0,
            "대형마트":0,
            "은행":0,
            "병원":10,
            "종합병원":80,
            "공원":80,
            "혐오시설":0,
            "인프라총점":19.4,
            "초등학군":90.98,
            "중학군":44.4,
            "학군총점":53.716,
            "인구수":24.42,
            "인구증감":13.66,
            "인구총점":21.192,
            "일자리":17.4,
            "소득수준":99.91,
            "일자리총점":42.153,
            "가치 총점":22.6774,
            "매매실거래년":20211227.0,
            "매매실거래가":19800.0,
            "전세실거래년":20220114.0,
            "전세실거래가":14700.0,
            "전세가율":74.24,
            "장기전세가율평균":73.31,
            "전세가율거품지수":-0.93,
            "검색코드":25309,
            "세대수":576.0,
            "준공년월":"2001-07-28",
            "준공년차":22.0,
            "가까운역이름":"신둔도예촌",
            "가까운역거리":3378.49,
            "역세권여부":"비역세권",
            "30분이내주요거점역":0,
            "1시간이내주요거점역":0,
            "3km이내백화점수":0,
            "5km이내아울렛몰수":0,
            "1km이내대형먀트수":0,
            "500m이내은행수":0,
            "500m이내병원수":3,
            "5km이내대형병원수":1,
            "500m이내공원수":1,
            "3km이내혐오시설수":0,
            "초등학교학업성취도":90.98,
            "중학교학업성취도":74.0,
            "용적률":199,
            "건폐율":20,
            "Y":37.295551,
            "X":127.431581,
            "rank":49.0,
            "area_info":"25평(83.23), 33평(111.15)",
            "last_sales":"2021-12-27,19800.0,25평(83.23)"
        },
        {
            "index":76,
            "아파트명":"거평",
            "투자타입":"재건축",
            "전용면적(m2)":"81.18",
            "전용면적(평)":"24평",
            "법정동주소":"경기도 이천시 부발읍 신하리 산40-3",
            "도로명주소":"경기도 이천시 경충대로 2227",
            "세대수":0,
            "입주년차":"--",
            "용적률점수":0,
            "건폐율점수":80,
            "세대당주차수":"--",
            "난방방식":"--",
            "공급면적":70,
            "전용률":60,
            "욕실수":"--",
            "현관타입":"--",
            "주거총점":22.5,
            "지역구공급총점":100.0,
            "역세권":0,
            "30분내 이동가능 거점":0,
            "1시간내 이동가능 거점":10,
            "교통총점":2.0,
            "백화점":0,
            "아울렛몰":0,
            "대형마트":80,
            "은행":0,
            "병원":30,
            "종합병원":80,
            "공원":0,
            "혐오시설":0,
            "인프라총점":31.0,
            "초등학군":90.12,
            "중학군":42.42,
            "학군총점":51.96,
            "인구수":24.42,
            "인구증감":13.66,
            "인구총점":21.192,
            "일자리":17.4,
            "소득수준":99.91,
            "일자리총점":42.153,
            "가치 총점":22.294,
            "매매실거래년":20220106.0,
            "매매실거래가":18100.0,
            "전세실거래년":20220111.0,
            "전세실거래가":13000.0,
            "전세가율":71.82,
            "장기전세가율평균":73.31,
            "전세가율거품지수":1.49,
            "검색코드":11215,
            "세대수":299.0,
            "준공년월":"1992-11-23",
            "준공년차":31.0,
            "가까운역이름":"부발",
            "가까운역거리":1008.04,
            "역세권여부":"비역세권",
            "30분이내주요거점역":0,
            "1시간이내주요거점역":1,
            "3km이내백화점수":0,
            "5km이내아울렛몰수":0,
            "1km이내대형먀트수":1,
            "500m이내은행수":0,
            "500m이내병원수":7,
            "5km이내대형병원수":1,
            "500m이내공원수":0,
            "3km이내혐오시설수":0,
            "초등학교학업성취도":90.12,
            "중학교학업성취도":70.7,
            "용적률":317,
            "건폐율":24,
            "Y":37.25871,
            "X":127.47904,
            "rank":50.0,
            "area_info":"24평(81.18), 30평(102.01)",
            "last_sales":"2022-01-06,18100.0,24평(81.18)"
        },
        {
            "index":208,
            "아파트명":"이천신둔코아루",
            "투자타입":"일반",
            "전용면적(m2)":"83.99",
            "전용면적(평)":"25평",
            "법정동주소":"경기도 이천시 신둔면 수하리 826",
            "도로명주소":"경기도 이천시 원적로290번길 60",
            "세대수":0,
            "입주년차":80,
            "용적률점수":"--",
            "건폐율점수":"--",
            "세대당주차수":30,
            "난방방식":30,
            "공급면적":"--",
            "전용률":"--",
            "욕실수":100,
            "현관타입":100,
            "주거총점":43.5,
            "지역구공급총점":100.0,
            "역세권":0,
            "30분내 이동가능 거점":0,
            "1시간내 이동가능 거점":10,
            "교통총점":2.0,
            "백화점":0,
            "아울렛몰":0,
            "대형마트":0,
            "은행":0,
            "병원":0,
            "종합병원":80,
            "공원":0,
            "혐오시설":0,
            "인프라총점":16.0,
            "초등학군":88.88,
            "중학군":44.4,
            "학군총점":53.296,
            "인구수":24.42,
            "인구증감":13.66,
            "인구총점":21.192,
            "일자리":17.4,
            "소득수준":99.91,
            "일자리총점":42.153,
            "가치 총점":22.1944,
            "매매실거래년":20211111.0,
            "매매실거래가":30000.0,
            "전세실거래년":20210506.0,
            "전세실거래가":17850.0,
            "전세가율":85.0,
            "장기전세가율평균":73.31,
            "전세가율거품지수":-11.69,
            "검색코드":112713,
            "세대수":197.0,
            "준공년월":"2017-04-18",
            "준공년차":6.0,
            "가까운역이름":"신둔도예촌",
            "가까운역거리":1712.21,
            "역세권여부":"비역세권",
            "30분이내주요거점역":0,
            "1시간이내주요거점역":1,
            "3km이내백화점수":0,
            "5km이내아울렛몰수":0,
            "1km이내대형먀트수":0,
            "500m이내은행수":0,
            "500m이내병원수":0,
            "5km이내대형병원수":1,
            "500m이내공원수":0,
            "3km이내혐오시설수":0,
            "초등학교학업성취도":88.88,
            "중학교학업성취도":74.0,
            "용적률":149,
            "건폐율":16,
            "Y":37.315146,
            "X":127.423951,
            "rank":51.0,
            "area_info":"25평(83.99), 31평(103.97), 33평(111.53), 33평(112.29)",
            "last_sales":"2021-11-11,30000.0,33평(112.29)"
        },
        {
            "index":238,
            "아파트명":"이천장호원코아루1단지",
            "투자타입":"일반",
            "전용면적(m2)":"109.43",
            "전용면적(평)":"33평",
            "법정동주소":"경기도 이천시 장호원읍 진암리 780",
            "도로명주소":"경기도 이천시 서동대로8830번길 56",
            "세대수":30,
            "입주년차":60,
            "용적률점수":"--",
            "건폐율점수":"--",
            "세대당주차수":30,
            "난방방식":30,
            "공급면적":"--",
            "전용률":"--",
            "욕실수":100,
            "현관타입":100,
            "주거총점":50.0,
            "지역구공급총점":100.0,
            "역세권":0,
            "30분내 이동가능 거점":0,
            "1시간내 이동가능 거점":0,
            "교통총점":0.0,
            "백화점":0,
            "아울렛몰":0,
            "대형마트":100,
            "은행":0,
            "병원":0,
            "종합병원":0,
            "공원":80,
            "혐오시설":0,
            "인프라총점":17.4,
            "초등학군":86.65,
            "중학군":34.82,
            "학군총점":45.186,
            "인구수":24.42,
            "인구증감":13.66,
            "인구총점":21.192,
            "일자리":17.4,
            "소득수준":99.91,
            "일자리총점":42.153,
            "가치 총점":21.9979,
            "매매실거래년":20220113.0,
            "매매실거래가":23900.0,
            "전세실거래년":20211126.0,
            "전세실거래가":20000.0,
            "전세가율":83.68,
            "장기전세가율평균":73.31,
            "전세가율거품지수":-10.37,
            "검색코드":103629,
            "세대수":342.0,
            "준공년월":"2009-12-30",
            "준공년차":14.0,
            "가까운역이름":"여주",
            "가까운역거리":18832.27,
            "역세권여부":"비역세권",
            "30분이내주요거점역":0,
            "1시간이내주요거점역":0,
            "3km이내백화점수":0,
            "5km이내아울렛몰수":0,
            "1km이내대형먀트수":2,
            "500m이내은행수":0,
            "500m이내병원수":1,
            "5km이내대형병원수":0,
            "500m이내공원수":1,
            "3km이내혐오시설수":0,
            "초등학교학업성취도":86.65,
            "중학교학업성취도":57.7,
            "용적률":238,
            "건폐율":20,
            "Y":37.113585,
            "X":127.617141,
            "rank":52.0,
            "area_info":"33평(109.43), 33평(111.54)",
            "last_sales":"2022-01-13,23900.0,33평(109.43)"
        },
        {
            "index":270,
            "아파트명":"선경1차",
            "투자타입":"일반",
            "전용면적(m2)":"74.45",
            "전용면적(평)":"22평",
            "법정동주소":"경기도 이천시 증포동 191-7",
            "도로명주소":"경기도 이천시 이섭대천로 1397",
            "세대수":0,
            "입주년차":0,
            "용적률점수":"--",
            "건폐율점수":"--",
            "세대당주차수":0,
            "난방방식":30,
            "공급면적":"--",
            "전용률":"--",
            "욕실수":50,
            "현관타입":100,
            "주거총점":18.0,
            "지역구공급총점":100.0,
            "역세권":0,
            "30분내 이동가능 거점":0,
            "1시간내 이동가능 거점":0,
            "교통총점":0.0,
            "백화점":0,
            "아울렛몰":0,
            "대형마트":80,
            "은행":0,
            "병원":30,
            "종합병원":80,
            "공원":100,
            "혐오시설":0,
            "인프라총점":34.0,
            "초등학군":87.92,
            "중학군":45.96,
            "학군총점":54.352,
            "인구수":24.42,
            "인구증감":13.66,
            "인구총점":21.192,
            "일자리":17.4,
            "소득수준":99.91,
            "일자리총점":42.153,
            "가치 총점":21.9528,
            "매매실거래년":20211020.0,
            "매매실거래가":24300.0,
            "전세실거래년":20211204.0,
            "전세실거래가":18000.0,
            "전세가율":117.65,
            "장기전세가율평균":73.31,
            "전세가율거품지수":-44.34,
            "검색코드":15118,
            "세대수":238.0,
            "준공년월":"1997-01-16",
            "준공년차":26.0,
            "가까운역이름":"이천",
            "가까운역거리":3199.8,
            "역세권여부":"비역세권",
            "30분이내주요거점역":0,
            "1시간이내주요거점역":0,
            "3km이내백화점수":0,
            "5km이내아울렛몰수":0,
            "1km이내대형먀트수":1,
            "500m이내은행수":0,
            "500m이내병원수":7,
            "5km이내대형병원수":1,
            "500m이내공원수":2,
            "3km이내혐오시설수":0,
            "초등학교학업성취도":87.92,
            "중학교학업성취도":76.6,
            "용적률":207,
            "건폐율":15,
            "Y":37.292579,
            "X":127.45477,
            "rank":53.0,
            "area_info":"22평(74.45), 30평(100.08)",
            "last_sales":"2021-10-20,24300.0,30평(100.08)"
        },
        {
            "index":293,
            "아파트명":"이천증포대우1차",
            "투자타입":"일반",
            "전용면적(m2)":"76.45",
            "전용면적(평)":"23평",
            "법정동주소":"경기도 이천시 증포동 213-5",
            "도로명주소":"경기도 이천시 이섭대천로 1427",
            "세대수":0,
            "입주년차":0,
            "용적률점수":"--",
            "건폐율점수":"--",
            "세대당주차수":0,
            "난방방식":30,
            "공급면적":"--",
            "전용률":"--",
            "욕실수":50,
            "현관타입":100,
            "주거총점":18.0,
            "지역구공급총점":100.0,
            "역세권":0,
            "30분내 이동가능 거점":0,
            "1시간내 이동가능 거점":0,
            "교통총점":0.0,
            "백화점":0,
            "아울렛몰":0,
            "대형마트":80,
            "은행":0,
            "병원":30,
            "종합병원":80,
            "공원":100,
            "혐오시설":0,
            "인프라총점":34.0,
            "초등학군":87.92,
            "중학군":45.96,
            "학군총점":54.352,
            "인구수":24.42,
            "인구증감":13.66,
            "인구총점":21.192,
            "일자리":17.4,
            "소득수준":99.91,
            "일자리총점":42.153,
            "가치 총점":21.9528,
            "매매실거래년":20211220.0,
            "매매실거래가":19000.0,
            "전세실거래년":20200421.0,
            "전세실거래가":14500.0,
            "전세가율":76.32,
            "장기전세가율평균":73.31,
            "전세가율거품지수":-3.01,
            "검색코드":14537,
            "세대수":229.0,
            "준공년월":"1997-03-07",
            "준공년차":26.0,
            "가까운역이름":"이천",
            "가까운역거리":3517.51,
            "역세권여부":"비역세권",
            "30분이내주요거점역":0,
            "1시간이내주요거점역":0,
            "3km이내백화점수":0,
            "5km이내아울렛몰수":0,
            "1km이내대형먀트수":1,
            "500m이내은행수":0,
            "500m이내병원수":7,
            "5km이내대형병원수":1,
            "500m이내공원수":2,
            "3km이내혐오시설수":0,
            "초등학교학업성취도":87.92,
            "중학교학업성취도":76.6,
            "용적률":248,
            "건폐율":22,
            "Y":37.295172,
            "X":127.456308,
            "rank":53.0,
            "area_info":"23평(76.45), 30평(100.94), 45평(149.81)",
            "last_sales":"2021-12-20,19000.0,23평(76.45)"
        },
        {
            "index":20,
            "아파트명":"신일해피트리",
            "투자타입":"일반",
            "전용면적(m2)":"80.5",
            "전용면적(평)":"24평",
            "법정동주소":"경기도 이천시 갈산동 777",
            "도로명주소":"경기도 이천시 갈산로87번길 59",
            "세대수":0,
            "입주년차":20,
            "용적률점수":"--",
            "건폐율점수":"--",
            "세대당주차수":30,
            "난방방식":30,
            "공급면적":"--",
            "전용률":"--",
            "욕실수":50,
            "현관타입":100,
            "주거총점":26.5,
            "지역구공급총점":100.0,
            "역세권":0,
            "30분내 이동가능 거점":0,
            "1시간내 이동가능 거점":0,
            "교통총점":0.0,
            "백화점":0,
            "아울렛몰":0,
            "대형마트":80,
            "은행":0,
            "병원":0,
            "종합병원":80,
            "공원":0,
            "혐오시설":0,
            "인프라총점":28.0,
            "초등학군":88.68,
            "중학군":45.96,
            "학군총점":54.504,
            "인구수":24.42,
            "인구증감":13.66,
            "인구총점":21.192,
            "일자리":17.4,
            "소득수준":99.91,
            "일자리총점":42.153,
            "가치 총점":21.8756,
            "매매실거래년":20220108.0,
            "매매실거래가":29500.0,
            "전세실거래년":20201022.0,
            "전세실거래가":14000.0,
            "전세가율":87.5,
            "장기전세가율평균":73.31,
            "전세가율거품지수":-14.19,
            "검색코드":26669,
            "세대수":264.0,
            "준공년월":"2003-11-03",
            "준공년차":20.0,
            "가까운역이름":"이천",
            "가까운역거리":3547.96,
            "역세권여부":"비역세권",
            "30분이내주요거점역":0,
            "1시간이내주요거점역":0,
            "3km이내백화점수":0,
            "5km이내아울렛몰수":0,
            "1km이내대형먀트수":1,
            "500m이내은행수":0,
            "500m이내병원수":0,
            "5km이내대형병원수":1,
            "500m이내공원수":0,
            "3km이내혐오시설수":0,
            "초등학교학업성취도":88.68,
            "중학교학업성취도":76.6,
            "용적률":210,
            "건폐율":20,
            "Y":37.29186,
            "X":127.465,
            "rank":54.0,
            "area_info":"24평(80.5), 32평(108.65)",
            "last_sales":"2022-01-08,29500.0,32평(108.65)"
        },
        {
            "index":34,
            "아파트명":"산호1차",
            "투자타입":"재건축",
            "전용면적(m2)":"69.1",
            "전용면적(평)":"20평",
            "법정동주소":"경기도 이천시 관고동 226-8",
            "도로명주소":"경기도 이천시 경충대로2716번길 19",
            "세대수":0,
            "입주년차":"--",
            "용적률점수":20,
            "건폐율점수":0,
            "세대당주차수":"--",
            "난방방식":"--",
            "공급면적":50,
            "전용률":100,
            "욕실수":"--",
            "현관타입":"--",
            "주거총점":15.5,
            "지역구공급총점":100.0,
            "역세권":0,
            "30분내 이동가능 거점":0,
            "1시간내 이동가능 거점":10,
            "교통총점":2.0,
            "백화점":0,
            "아울렛몰":0,
            "대형마트":100,
            "은행":0,
            "병원":30,
            "종합병원":80,
            "공원":100,
            "혐오시설":0,
            "인프라총점":37.0,
            "초등학군":88.94,
            "중학군":35.28,
            "학군총점":46.012,
            "인구수":24.42,
            "인구증감":13.66,
            "인구총점":21.192,
            "일자리":17.4,
            "소득수준":99.91,
            "일자리총점":42.153,
            "가치 총점":21.8018,
            "매매실거래년":20160813.0,
            "매매실거래가":12800.0,
            "전세실거래년":20131101.0,
            "전세실거래가":9000.0,
            "전세가율":90.0,
            "장기전세가율평균":73.31,
            "전세가율거품지수":-16.69,
            "검색코드":15062,
            "세대수":236.0,
            "준공년월":"1991-06-14",
            "준공년차":32.0,
            "가까운역이름":"이천",
            "가까운역거리":1776.47,
            "역세권여부":"비역세권",
            "30분이내주요거점역":0,
            "1시간이내주요거점역":1,
            "3km이내백화점수":0,
            "5km이내아울렛몰수":0,
            "1km이내대형먀트수":2,
            "500m이내은행수":0,
            "500m이내병원수":7,
            "5km이내대형병원수":1,
            "500m이내공원수":6,
            "3km이내혐오시설수":0,
            "초등학교학업성취도":88.94,
            "중학교학업성취도":58.8,
            "용적률":210,
            "건폐율":0,
            "Y":37.280374,
            "X":127.434684,
            "rank":55.0,
            "area_info":"20평(69.1), 21평(72.38), 21평(72.38), 22평(72.84), 21평(72.39), 23평(78.61), 24평(81.26), 24평(81.21)",
            "last_sales":"2016-08-13,12800.0,24평(81.21)"
        },
        {
            "index":345,
            "아파트명":"산호2차",
            "투자타입":"재건축",
            "전용면적(m2)":"109.66",
            "전용면적(평)":"33평",
            "법정동주소":"경기도 이천시 창전동 44-1",
            "도로명주소":"경기도 이천시 향교로107번길 12",
            "세대수":0,
            "입주년차":"--",
            "용적률점수":0,
            "건폐율점수":0,
            "세대당주차수":"--",
            "난방방식":"--",
            "공급면적":90,
            "전용률":60,
            "욕실수":"--",
            "현관타입":"--",
            "주거총점":7.5,
            "지역구공급총점":100.0,
            "역세권":0,
            "30분내 이동가능 거점":0,
            "1시간내 이동가능 거점":10,
            "교통총점":2.0,
            "백화점":0,
            "아울렛몰":0,
            "대형마트":100,
            "은행":0,
            "병원":60,
            "종합병원":80,
            "공원":100,
            "혐오시설":0,
            "인프라총점":40.0,
            "초등학군":92.0,
            "중학군":40.2,
            "학군총점":50.56,
            "인구수":24.42,
            "인구증감":13.66,
            "인구총점":21.192,
            "일자리":17.4,
            "소득수준":99.91,
            "일자리총점":42.153,
            "가치 총점":21.784,
            "매매실거래년":20211117.0,
            "매매실거래가":20500.0,
            "전세실거래년":20211007.0,
            "전세실거래가":15000.0,
            "전세가율":73.17,
            "장기전세가율평균":73.31,
            "전세가율거품지수":0.14,
            "검색코드":15130,
            "세대수":151.0,
            "준공년월":"1991-10-28",
            "준공년차":32.0,
            "가까운역이름":"이천",
            "가까운역거리":2219.37,
            "역세권여부":"비역세권",
            "30분이내주요거점역":0,
            "1시간이내주요거점역":1,
            "3km이내백화점수":0,
            "5km이내아울렛몰수":0,
            "1km이내대형먀트수":2,
            "500m이내은행수":1,
            "500m이내병원수":16,
            "5km이내대형병원수":1,
            "500m이내공원수":9,
            "3km이내혐오시설수":0,
            "초등학교학업성취도":92.0,
            "중학교학업성취도":67.0,
            "용적률":314,
            "건폐율":0,
            "Y":37.2846,
            "X":127.44986,
            "rank":56.0,
            "area_info":"33평(109.66)",
            "last_sales":"2021-11-17,20500.0,33평(109.66)"
        },
        {
            "index":163,
            "아파트명":"수림1차",
            "투자타입":"일반",
            "전용면적(m2)":"77.25",
            "전용면적(평)":"23평",
            "법정동주소":"경기도 이천시 송정동 428",
            "도로명주소":"경기도 이천시 증신로291번길 105",
            "세대수":50,
            "입주년차":20,
            "용적률점수":"--",
            "건폐율점수":"--",
            "세대당주차수":0,
            "난방방식":30,
            "공급면적":"--",
            "전용률":"--",
            "욕실수":50,
            "현관타입":100,
            "주거총점":39.5,
            "지역구공급총점":100.0,
            "역세권":0,
            "30분내 이동가능 거점":0,
            "1시간내 이동가능 거점":0,
            "교통총점":0.0,
            "백화점":0,
            "아울렛몰":0,
            "대형마트":0,
            "은행":0,
            "병원":10,
            "종합병원":80,
            "공원":80,
            "혐오시설":0,
            "인프라총점":19.4,
            "초등학군":90.98,
            "중학군":44.4,
            "학군총점":53.716,
            "인구수":24.42,
            "인구증감":13.66,
            "인구총점":21.192,
            "일자리":17.4,
            "소득수준":99.91,
            "일자리총점":42.153,
            "가치 총점":21.7774,
            "매매실거래년":20211127.0,
            "매매실거래가":22000.0,
            "전세실거래년":20191116.0,
            "전세실거래가":9000.0,
            "전세가율":47.37,
            "장기전세가율평균":73.31,
            "전세가율거품지수":25.94,
            "검색코드":23374,
            "세대수":498.0,
            "준공년월":"2002-07-10",
            "준공년차":21.0,
            "가까운역이름":"이천",
            "가까운역거리":3356.34,
            "역세권여부":"비역세권",
            "30분이내주요거점역":0,
            "1시간이내주요거점역":0,
            "3km이내백화점수":0,
            "5km이내아울렛몰수":0,
            "1km이내대형먀트수":0,
            "500m이내은행수":0,
            "500m이내병원수":4,
            "5km이내대형병원수":1,
            "500m이내공원수":1,
            "3km이내혐오시설수":0,
            "초등학교학업성취도":90.98,
            "중학교학업성취도":74.0,
            "용적률":191,
            "건폐율":16,
            "Y":37.29527,
            "X":127.43543,
            "rank":57.0,
            "area_info":"23평(77.25), 27평(90.51), 31평(105.73)",
            "last_sales":"2021-11-27,22000.0,31평(105.73)"
        },
        {
            "index":166,
            "아파트명":"수림2차",
            "투자타입":"일반",
            "전용면적(m2)":"76.4",
            "전용면적(평)":"23평",
            "법정동주소":"경기도 이천시 송정동 429",
            "도로명주소":"경기도 이천시 증신로291번길 19",
            "세대수":30,
            "입주년차":20,
            "용적률점수":"--",
            "건폐율점수":"--",
            "세대당주차수":0,
            "난방방식":30,
            "공급면적":"--",
            "전용률":"--",
            "욕실수":100,
            "현관타입":100,
            "주거총점":37.5,
            "지역구공급총점":100.0,
            "역세권":0,
            "30분내 이동가능 거점":0,
            "1시간내 이동가능 거점":0,
            "교통총점":0.0,
            "백화점":0,
            "아울렛몰":0,
            "대형마트":0,
            "은행":0,
            "병원":10,
            "종합병원":80,
            "공원":80,
            "혐오시설":0,
            "인프라총점":19.4,
            "초등학군":90.98,
            "중학군":44.4,
            "학군총점":53.716,
            "인구수":24.42,
            "인구증감":13.66,
            "인구총점":21.192,
            "일자리":17.4,
            "소득수준":99.91,
            "일자리총점":42.153,
            "가치 총점":21.3774,
            "매매실거래년":20211110.0,
            "매매실거래가":19700.0,
            "전세실거래년":20211204.0,
            "전세실거래가":13100.0,
            "전세가율":66.5,
            "장기전세가율평균":73.31,
            "전세가율거품지수":6.81,
            "검색코드":23453,
            "세대수":310.0,
            "준공년월":"2002-12-18",
            "준공년차":21.0,
            "가까운역이름":"이천",
            "가까운역거리":3456.33,
            "역세권여부":"비역세권",
            "30분이내주요거점역":0,
            "1시간이내주요거점역":0,
            "3km이내백화점수":0,
            "5km이내아울렛몰수":0,
            "1km이내대형먀트수":0,
            "500m이내은행수":0,
            "500m이내병원수":4,
            "5km이내대형병원수":1,
            "500m이내공원수":1,
            "3km이내혐오시설수":0,
            "초등학교학업성취도":90.98,
            "중학교학업성취도":74.0,
            "용적률":198,
            "건폐율":18,
            "Y":37.296503,
            "X":127.438308,
            "rank":58.0,
            "area_info":"23평(76.4), 32평(107.86)",
            "last_sales":"2021-11-10,19700.0,23평(76.4)"
        },
        {
            "index":177,
            "아파트명":"이천송정신일1차",
            "투자타입":"일반",
            "전용면적(m2)":"60.22",
            "전용면적(평)":"18평",
            "법정동주소":"경기도 이천시 송정동 306",
            "도로명주소":"경기도 이천시 증신로291번길 155",
            "세대수":50,
            "입주년차":20,
            "용적률점수":"--",
            "건폐율점수":"--",
            "세대당주차수":30,
            "난방방식":30,
            "공급면적":"--",
            "전용률":"--",
            "욕실수":50,
            "현관타입":10,
            "주거총점":35.0,
            "지역구공급총점":100.0,
            "역세권":0,
            "30분내 이동가능 거점":0,
            "1시간내 이동가능 거점":0,
            "교통총점":0.0,
            "백화점":0,
            "아울렛몰":0,
            "대형마트":0,
            "은행":0,
            "병원":10,
            "종합병원":80,
            "공원":80,
            "혐오시설":0,
            "인프라총점":19.4,
            "초등학군":90.98,
            "중학군":44.4,
            "학군총점":53.716,
            "인구수":24.42,
            "인구증감":13.66,
            "인구총점":21.192,
            "일자리":17.4,
            "소득수준":99.91,
            "일자리총점":42.153,
            "가치 총점":20.8774,
            "매매실거래년":20211224.0,
            "매매실거래가":13100.0,
            "전세실거래년":20211018.0,
            "전세실거래가":11000.0,
            "전세가율":83.97,
            "장기전세가율평균":73.31,
            "전세가율거품지수":-10.66,
            "검색코드":16234,
            "세대수":504.0,
            "준공년월":"2001-07-28",
            "준공년차":22.0,
            "가까운역이름":"신둔도예촌",
            "가까운역거리":3279.78,
            "역세권여부":"비역세권",
            "30분이내주요거점역":0,
            "1시간이내주요거점역":0,
            "3km이내백화점수":0,
            "5km이내아울렛몰수":0,
            "1km이내대형먀트수":0,
            "500m이내은행수":0,
            "500m이내병원수":3,
            "5km이내대형병원수":1,
            "500m이내공원수":1,
            "3km이내혐오시설수":0,
            "초등학교학업성취도":90.98,
            "중학교학업성취도":74.0,
            "용적률":189,
            "건폐율":17,
            "Y":37.296532,
            "X":127.431235,
            "rank":59.0,
            "area_info":"18평(60.22), 25평(83.08), 33평(111.77)",
            "last_sales":"2021-12-24,13100.0,18평(60.22)"
        },
        {
            "index":133,
            "아파트명":"현대성우오스타3단지",
            "투자타입":"일반",
            "전용면적(m2)":"112.42",
            "전용면적(평)":"34평",
            "법정동주소":"경기도 이천시 부발읍 아미리 1246",
            "도로명주소":"경기도 이천시 경충대로2050번길 15-44",
            "세대수":30,
            "입주년차":60,
            "용적률점수":"--",
            "건폐율점수":"--",
            "세대당주차수":60,
            "난방방식":30,
            "공급면적":"--",
            "전용률":"--",
            "욕실수":100,
            "현관타입":100,
            "주거총점":54.5,
            "지역구공급총점":100.0,
            "역세권":0,
            "30분내 이동가능 거점":0,
            "1시간내 이동가능 거점":10,
            "교통총점":2.0,
            "백화점":0,
            "아울렛몰":0,
            "대형마트":0,
            "은행":0,
            "병원":30,
            "종합병원":0,
            "공원":0,
            "혐오시설":0,
            "인프라총점":3.0,
            "초등학군":86.47,
            "중학군":47.24,
            "학군총점":55.086,
            "인구수":24.42,
            "인구증감":13.66,
            "인구총점":21.192,
            "일자리":17.4,
            "소득수준":99.91,
            "일자리총점":42.153,
            "가치 총점":20.7629,
            "매매실거래년":20211212.0,
            "매매실거래가":45000.0,
            "전세실거래년":20211116.0,
            "전세실거래가":32000.0,
            "전세가율":71.11,
            "장기전세가율평균":73.31,
            "전세가율거품지수":2.2,
            "검색코드":100600,
            "세대수":355.0,
            "준공년월":"2010-10-27",
            "준공년차":13.0,
            "가까운역이름":"부발",
            "가까운역거리":1171.96,
            "역세권여부":"비역세권",
            "30분이내주요거점역":0,
            "1시간이내주요거점역":1,
            "3km이내백화점수":0,
            "5km이내아울렛몰수":0,
            "1km이내대형먀트수":0,
            "500m이내은행수":0,
            "500m이내병원수":7,
            "5km이내대형병원수":0,
            "500m이내공원수":0,
            "3km이내혐오시설수":0,
            "초등학교학업성취도":86.47,
            "중학교학업성취도":78.2,
            "용적률":250,
            "건폐율":18,
            "Y":37.249929,
            "X":127.493291,
            "rank":60.0,
            "area_info":"34평(112.42), 34평(112.5), 34평(113.09), 44평(148.76), 45평(149.07)",
            "last_sales":"2021-12-12,45000.0,34평(112.42)"
        },
        {
            "index":138,
            "아파트명":"현대성우오스타4단지",
            "투자타입":"일반",
            "전용면적(m2)":"112.51",
            "전용면적(평)":"34평",
            "법정동주소":"경기도 이천시 부발읍 아미리 1247",
            "도로명주소":"경기도 이천시 경충대로2050번길 43",
            "세대수":30,
            "입주년차":60,
            "용적률점수":"--",
            "건폐율점수":"--",
            "세대당주차수":60,
            "난방방식":30,
            "공급면적":"--",
            "전용률":"--",
            "욕실수":100,
            "현관타입":100,
            "주거총점":54.5,
            "지역구공급총점":100.0,
            "역세권":0,
            "30분내 이동가능 거점":0,
            "1시간내 이동가능 거점":10,
            "교통총점":2.0,
            "백화점":0,
            "아울렛몰":0,
            "대형마트":0,
            "은행":0,
            "병원":30,
            "종합병원":0,
            "공원":0,
            "혐오시설":0,
            "인프라총점":3.0,
            "초등학군":86.45,
            "중학군":47.24,
            "학군총점":55.082,
            "인구수":24.42,
            "인구증감":13.66,
            "인구총점":21.192,
            "일자리":17.4,
            "소득수준":99.91,
            "일자리총점":42.153,
            "가치 총점":20.7623,
            "매매실거래년":20210907.0,
            "매매실거래가":45000.0,
            "전세실거래년":20211128.0,
            "전세실거래가":35500.0,
            "전세가율":78.89,
            "장기전세가율평균":73.31,
            "전세가율거품지수":-5.58,
            "검색코드":100601,
            "세대수":354.0,
            "준공년월":"2010-02-26",
            "준공년차":13.0,
            "가까운역이름":"부발",
            "가까운역거리":1292.15,
            "역세권여부":"비역세권",
            "30분이내주요거점역":0,
            "1시간이내주요거점역":1,
            "3km이내백화점수":0,
            "5km이내아울렛몰수":0,
            "1km이내대형먀트수":0,
            "500m이내은행수":0,
            "500m이내병원수":6,
            "5km이내대형병원수":0,
            "500m이내공원수":0,
            "3km이내혐오시설수":0,
            "초등학교학업성취도":86.45,
            "중학교학업성취도":78.2,
            "용적률":249,
            "건폐율":19,
            "Y":37.24895,
            "X":127.493973,
            "rank":61.0,
            "area_info":"34평(112.51), 34평(112.5), 34평(113.18), 44평(148.76), 45평(149.07)",
            "last_sales":"2021-09-07,45000.0,34평(112.51)"
        },
        {
            "index":249,
            "아파트명":"산호3차",
            "투자타입":"일반",
            "전용면적(m2)":"56.59",
            "전용면적(평)":"17평",
            "법정동주소":"경기도 이천시 중리동 444",
            "도로명주소":"경기도 이천시 설봉로 14-8",
            "세대수":0,
            "입주년차":0,
            "용적률점수":"--",
            "건폐율점수":"--",
            "세대당주차수":0,
            "난방방식":30,
            "공급면적":"--",
            "전용률":"--",
            "욕실수":50,
            "현관타입":10,
            "주거총점":9.0,
            "지역구공급총점":100.0,
            "역세권":0,
            "30분내 이동가능 거점":0,
            "1시간내 이동가능 거점":10,
            "교통총점":2.0,
            "백화점":0,
            "아울렛몰":0,
            "대형마트":100,
            "은행":0,
            "병원":30,
            "종합병원":80,
            "공원":100,
            "혐오시설":0,
            "인프라총점":37.0,
            "초등학군":87.87,
            "중학군":35.28,
            "학군총점":45.798,
            "인구수":24.42,
            "인구증감":13.66,
            "인구총점":21.192,
            "일자리":17.4,
            "소득수준":99.91,
            "일자리총점":42.153,
            "가치 총점":20.4697,
            "매매실거래년":20211009.0,
            "매매실거래가":17500.0,
            "전세실거래년":20140322.0,
            "전세실거래가":5000.0,
            "전세가율":50.0,
            "장기전세가율평균":73.31,
            "전세가율거품지수":23.31,
            "검색코드":15100,
            "세대수":111.0,
            "준공년월":"1993-02-18",
            "준공년차":30.0,
            "가까운역이름":"이천",
            "가까운역거리":1376.99,
            "역세권여부":"비역세권",
            "30분이내주요거점역":0,
            "1시간이내주요거점역":1,
            "3km이내백화점수":0,
            "5km이내아울렛몰수":0,
            "1km이내대형먀트수":2,
            "500m이내은행수":0,
            "500m이내병원수":6,
            "5km이내대형병원수":1,
            "500m이내공원수":3,
            "3km이내혐오시설수":0,
            "초등학교학업성취도":87.87,
            "중학교학업성취도":58.8,
            "용적률":399,
            "건폐율":32,
            "Y":37.27733,
            "X":127.43735,
            "rank":62.0,
            "area_info":"17평(56.59), 22평(73.4), 32평(107.63)",
            "last_sales":"2021-10-09,17500.0,32평(107.63)"
        },
        {
            "index":53,
            "아파트명":"이천사동신원아침도시",
            "투자타입":"일반",
            "전용면적(m2)":"84.35",
            "전용면적(평)":"25평",
            "법정동주소":"경기도 이천시 대월면 사동리 524",
            "도로명주소":"경기도 이천시 경충대로2003번길 102",
            "세대수":50,
            "입주년차":80,
            "용적률점수":"--",
            "건폐율점수":"--",
            "세대당주차수":30,
            "난방방식":30,
            "공급면적":"--",
            "전용률":"--",
            "욕실수":100,
            "현관타입":100,
            "주거총점":61.0,
            "지역구공급총점":100.0,
            "역세권":0,
            "30분내 이동가능 거점":0,
            "1시간내 이동가능 거점":0,
            "교통총점":0.0,
            "백화점":0,
            "아울렛몰":0,
            "대형마트":0,
            "은행":0,
            "병원":0,
            "종합병원":0,
            "공원":0,
            "혐오시설":0,
            "인프라총점":0.0,
            "초등학군":86.45,
            "중학군":47.24,
            "학군총점":55.082,
            "인구수":24.42,
            "인구증감":13.66,
            "인구총점":21.192,
            "일자리":17.4,
            "소득수준":99.91,
            "일자리총점":42.153,
            "가치 총점":20.4623,
            "매매실거래년":20211123.0,
            "매매실거래가":34000.0,
            "전세실거래년":20211016.0,
            "전세실거래가":21000.0,
            "전세가율":64.62,
            "장기전세가율평균":73.31,
            "전세가율거품지수":8.69,
            "검색코드":114117,
            "세대수":450.0,
            "준공년월":"2018-05-31",
            "준공년차":5.0,
            "가까운역이름":"부발",
            "가까운역거리":1896.88,
            "역세권여부":"비역세권",
            "30분이내주요거점역":0,
            "1시간이내주요거점역":0,
            "3km이내백화점수":0,
            "5km이내아울렛몰수":0,
            "1km이내대형먀트수":0,
            "500m이내은행수":0,
            "500m이내병원수":0,
            "5km이내대형병원수":0,
            "500m이내공원수":0,
            "3km이내혐오시설수":0,
            "초등학교학업성취도":86.45,
            "중학교학업성취도":78.2,
            "용적률":214,
            "건폐율":25,
            "Y":37.243152,
            "X":127.489265,
            "rank":63.0,
            "area_info":"25평(84.35), 25평(85.34), 29평(98.55), 33평(109.1), 33평(109.55)",
            "last_sales":"2021-11-23,34000.0,25평(85.34)"
        },
        {
            "index":30,
            "아파트명":"관고두산",
            "투자타입":"일반",
            "전용면적(m2)":"76.8",
            "전용면적(평)":"23평",
            "법정동주소":"경기도 이천시 관고동 185-12",
            "도로명주소":"경기도 이천시 영창로 90",
            "세대수":50,
            "입주년차":0,
            "용적률점수":"--",
            "건폐율점수":"--",
            "세대당주차수":0,
            "난방방식":30,
            "공급면적":"--",
            "전용률":"--",
            "욕실수":50,
            "현관타입":100,
            "주거총점":35.5,
            "지역구공급총점":100.0,
            "역세권":0,
            "30분내 이동가능 거점":0,
            "1시간내 이동가능 거점":10,
            "교통총점":2.0,
            "백화점":0,
            "아울렛몰":0,
            "대형마트":0,
            "은행":0,
            "병원":0,
            "종합병원":80,
            "공원":100,
            "혐오시설":0,
            "인프라총점":19.0,
            "초등학군":88.94,
            "중학군":35.28,
            "학군총점":46.012,
            "인구수":24.42,
            "인구증감":13.66,
            "인구총점":21.192,
            "일자리":17.4,
            "소득수준":99.91,
            "일자리총점":42.153,
            "가치 총점":20.4018,
            "매매실거래년":20211115.0,
            "매매실거래가":25000.0,
            "전세실거래년":20211120.0,
            "전세실거래가":14700.0,
            "전세가율":70.0,
            "장기전세가율평균":73.31,
            "전세가율거품지수":3.31,
            "검색코드":15013,
            "세대수":517.0,
            "준공년월":"1998-06-29",
            "준공년차":25.0,
            "가까운역이름":"이천",
            "가까운역거리":2213.04,
            "역세권여부":"비역세권",
            "30분이내주요거점역":0,
            "1시간이내주요거점역":1,
            "3km이내백화점수":0,
            "5km이내아울렛몰수":0,
            "1km이내대형먀트수":0,
            "500m이내은행수":0,
            "500m이내병원수":0,
            "5km이내대형병원수":1,
            "500m이내공원수":4,
            "3km이내혐오시설수":0,
            "초등학교학업성취도":88.94,
            "중학교학업성취도":58.8,
            "용적률":0,
            "건폐율":0,
            "Y":37.284252,
            "X":127.433606,
            "rank":64.0,
            "area_info":"23평(76.8), 29평(97.2), 32평(108.74), 39평(130.66)",
            "last_sales":"2021-11-15,25000.0,32평(108.74)"
        },
        {
            "index":68,
            "아파트명":"모전현대",
            "투자타입":"일반",
            "전용면적(m2)":"77.21",
            "전용면적(평)":"23평",
            "법정동주소":"경기도 이천시 백사면 모전리 780",
            "도로명주소":"경기도 이천시 청백리로 53",
            "세대수":50,
            "입주년차":0,
            "용적률점수":"--",
            "건폐율점수":"--",
            "세대당주차수":0,
            "난방방식":30,
            "공급면적":"--",
            "전용률":"--",
            "욕실수":50,
            "현관타입":100,
            "주거총점":35.5,
            "지역구공급총점":100.0,
            "역세권":0,
            "30분내 이동가능 거점":0,
            "1시간내 이동가능 거점":0,
            "교통총점":0.0,
            "백화점":0,
            "아울렛몰":0,
            "대형마트":0,
            "은행":0,
            "병원":0,
            "종합병원":80,
            "공원":0,
            "혐오시설":0,
            "인프라총점":16.0,
            "초등학군":93.32,
            "중학군":45.96,
            "학군총점":55.432,
            "인구수":24.42,
            "인구증감":13.66,
            "인구총점":21.192,
            "일자리":17.4,
            "소득수준":99.91,
            "일자리총점":42.153,
            "가치 총점":20.2148,
            "매매실거래년":20211214.0,
            "매매실거래가":15700.0,
            "전세실거래년":20210928.0,
            "전세실거래가":12000.0,
            "전세가율":76.43,
            "장기전세가율평균":73.31,
            "전세가율거품지수":-3.12,
            "검색코드":9441,
            "세대수":495.0,
            "준공년월":"1997-05-29",
            "준공년차":26.0,
            "가까운역이름":"이천",
            "가까운역거리":4889.74,
            "역세권여부":"비역세권",
            "30분이내주요거점역":0,
            "1시간이내주요거점역":0,
            "3km이내백화점수":0,
            "5km이내아울렛몰수":0,
            "1km이내대형먀트수":0,
            "500m이내은행수":0,
            "500m이내병원수":0,
            "5km이내대형병원수":1,
            "500m이내공원수":0,
            "3km이내혐오시설수":0,
            "초등학교학업성취도":93.32,
            "중학교학업성취도":76.6,
            "용적률":149,
            "건폐율":14,
            "Y":37.304123,
            "X":127.468866,
            "rank":65.0,
            "area_info":"23평(77.21), 31평(103.59), 40평(135.37)",
            "last_sales":"2021-12-14,15700.0,23평(77.21)"
        },
        {
            "index":0,
            "아파트명":"갈산우성",
            "투자타입":"일반",
            "전용면적(m2)":"78.1",
            "전용면적(평)":"23평",
            "법정동주소":"경기도 이천시 갈산동 468-1",
            "도로명주소":"경기도 이천시 갈산로87번길 10-3",
            "세대수":0,
            "입주년차":0,
            "용적률점수":"--",
            "건폐율점수":"--",
            "세대당주차수":0,
            "난방방식":30,
            "공급면적":"--",
            "전용률":"--",
            "욕실수":50,
            "현관타입":100,
            "주거총점":18.0,
            "지역구공급총점":100.0,
            "역세권":0,
            "30분내 이동가능 거점":0,
            "1시간내 이동가능 거점":0,
            "교통총점":0.0,
            "백화점":0,
            "아울렛몰":0,
            "대형마트":80,
            "은행":0,
            "병원":0,
            "종합병원":80,
            "공원":0,
            "혐오시설":0,
            "인프라총점":28.0,
            "초등학군":88.68,
            "중학군":45.96,
            "학군총점":54.504,
            "인구수":24.42,
            "인구증감":13.66,
            "인구총점":21.192,
            "일자리":17.4,
            "소득수준":99.91,
            "일자리총점":42.153,
            "가치 총점":20.1756,
            "매매실거래년":20211218.0,
            "매매실거래가":19300.0,
            "전세실거래년":20211111.0,
            "전세실거래가":11000.0,
            "전세가율":78.57,
            "장기전세가율평균":73.31,
            "전세가율거품지수":-5.26,
            "검색코드":9848,
            "세대수":298.0,
            "준공년월":"1997-07-04",
            "준공년차":26.0,
            "가까운역이름":"이천",
            "가까운역거리":3387.35,
            "역세권여부":"비역세권",
            "30분이내주요거점역":0,
            "1시간이내주요거점역":0,
            "3km이내백화점수":0,
            "5km이내아울렛몰수":0,
            "1km이내대형먀트수":1,
            "500m이내은행수":0,
            "500m이내병원수":0,
            "5km이내대형병원수":1,
            "500m이내공원수":0,
            "3km이내혐오시설수":0,
            "초등학교학업성취도":88.68,
            "중학교학업성취도":76.6,
            "용적률":184,
            "건폐율":18,
            "Y":37.29061,
            "X":127.46408,
            "rank":66.0,
            "area_info":"23평(78.1), 23평(78.02), 31평(105.15)",
            "last_sales":"2021-12-18,19300.0,31평(105.15)"
        },
        {
            "index":268,
            "아파트명":"부악",
            "투자타입":"일반",
            "전용면적(m2)":"82.73",
            "전용면적(평)":"25평",
            "법정동주소":"경기도 이천시 증포동 151-6",
            "도로명주소":"경기도 이천시 증신로156번길 24",
            "세대수":0,
            "입주년차":0,
            "용적률점수":"--",
            "건폐율점수":"--",
            "세대당주차수":0,
            "난방방식":30,
            "공급면적":"--",
            "전용률":"--",
            "욕실수":50,
            "현관타입":10,
            "주거총점":9.0,
            "지역구공급총점":100.0,
            "역세권":0,
            "30분내 이동가능 거점":0,
            "1시간내 이동가능 거점":10,
            "교통총점":2.0,
            "백화점":0,
            "아울렛몰":0,
            "대형마트":80,
            "은행":0,
            "병원":30,
            "종합병원":80,
            "공원":100,
            "혐오시설":0,
            "인프라총점":34.0,
            "초등학군":87.92,
            "중학군":40.2,
            "학군총점":49.744,
            "인구수":24.42,
            "인구증감":13.66,
            "인구총점":21.192,
            "일자리":17.4,
            "소득수준":99.91,
            "일자리총점":42.153,
            "가치 총점":20.1616,
            "매매실거래년":20211215.0,
            "매매실거래가":16500.0,
            "전세실거래년":20210906.0,
            "전세실거래가":11500.0,
            "전세가율":104.55,
            "장기전세가율평균":73.31,
            "전세가율거품지수":-31.24,
            "검색코드":15115,
            "세대수":104.0,
            "준공년월":"1994-12-12",
            "준공년차":29.0,
            "가까운역이름":"이천",
            "가까운역거리":2886.61,
            "역세권여부":"비역세권",
            "30분이내주요거점역":0,
            "1시간이내주요거점역":1,
            "3km이내백화점수":0,
            "5km이내아울렛몰수":0,
            "1km이내대형먀트수":1,
            "500m이내은행수":0,
            "500m이내병원수":5,
            "5km이내대형병원수":1,
            "500m이내공원수":2,
            "3km이내혐오시설수":0,
            "초등학교학업성취도":87.92,
            "중학교학업성취도":67.0,
            "용적률":295,
            "건폐율":23,
            "Y":37.29005,
            "X":127.45315,
            "rank":67.0,
            "area_info":"25평(82.73), 35평(117.15)",
            "last_sales":"2021-12-15,16500.0,35평(117.15)"
        },
        {
            "index":145,
            "아파트명":"이천현진에버빌2차",
            "투자타입":"일반",
            "전용면적(m2)":"102.36",
            "전용면적(평)":"30평",
            "법정동주소":"경기도 이천시 사음동 748",
            "도로명주소":"경기도 이천시 경충대로2996번길 16",
            "세대수":0,
            "입주년차":40,
            "용적률점수":"--",
            "건폐율점수":"--",
            "세대당주차수":30,
            "난방방식":30,
            "공급면적":"--",
            "전용률":"--",
            "욕실수":100,
            "현관타입":100,
            "주거총점":35.5,
            "지역구공급총점":100.0,
            "역세권":0,
            "30분내 이동가능 거점":0,
            "1시간내 이동가능 거점":0,
            "교통총점":0.0,
            "백화점":0,
            "아울렛몰":0,
            "대형마트":0,
            "은행":0,
            "병원":0,
            "종합병원":80,
            "공원":0,
            "혐오시설":0,
            "인프라총점":16.0,
            "초등학군":91.48,
            "중학군":44.4,
            "학군총점":53.816,
            "인구수":24.42,
            "인구증감":13.66,
            "인구총점":21.192,
            "일자리":17.4,
            "소득수준":99.91,
            "일자리총점":42.153,
            "가치 총점":19.9724,
            "매매실거래년":20220111.0,
            "매매실거래가":21500.0,
            "전세실거래년":20201231.0,
            "전세실거래가":20000.0,
            "전세가율":93.02,
            "장기전세가율평균":73.31,
            "전세가율거품지수":-19.71,
            "검색코드":24037,
            "세대수":137.0,
            "준공년월":"2006-04-27",
            "준공년차":17.0,
            "가까운역이름":"신둔도예촌",
            "가까운역거리":2337.68,
            "역세권여부":"비역세권",
            "30분이내주요거점역":0,
            "1시간이내주요거점역":0,
            "3km이내백화점수":0,
            "5km이내아울렛몰수":0,
            "1km이내대형먀트수":0,
            "500m이내은행수":0,
            "500m이내병원수":0,
            "5km이내대형병원수":1,
            "500m이내공원수":0,
            "3km이내혐오시설수":0,
            "초등학교학업성취도":91.48,
            "중학교학업성취도":74.0,
            "용적률":240,
            "건폐율":20,
            "Y":37.29693,
            "X":127.41184,
            "rank":68.0,
            "area_info":"30평(102.36), 35평(118.53)",
            "last_sales":"2022-01-11,21500.0,30평(102.36)"
        },
        {
            "index":349,
            "아파트명":"현대1차",
            "투자타입":"재건축",
            "전용면적(m2)":"71.01",
            "전용면적(평)":"21평",
            "법정동주소":"경기도 이천시 창전동 49-1",
            "도로명주소":"경기도 이천시 애련정로136번길 33-9",
            "세대수":0,
            "입주년차":"--",
            "용적률점수":0,
            "건폐율점수":0,
            "세대당주차수":"--",
            "난방방식":"--",
            "공급면적":50,
            "전용률":60,
            "욕실수":"--",
            "현관타입":"--",
            "주거총점":5.5,
            "지역구공급총점":100.0,
            "역세권":0,
            "30분내 이동가능 거점":0,
            "1시간내 이동가능 거점":0,
            "교통총점":0.0,
            "백화점":0,
            "아울렛몰":0,
            "대형마트":100,
            "은행":0,
            "병원":30,
            "종합병원":80,
            "공원":100,
            "혐오시설":0,
            "인프라총점":37.0,
            "초등학군":92.0,
            "중학군":40.2,
            "학군총점":50.56,
            "인구수":24.42,
            "인구증감":13.66,
            "인구총점":21.192,
            "일자리":17.4,
            "소득수준":99.91,
            "일자리총점":42.153,
            "가치 총점":19.784,
            "매매실거래년":20211108.0,
            "매매실거래가":21500.0,
            "전세실거래년":20211202.0,
            "전세실거래가":14000.0,
            "전세가율":122.81,
            "장기전세가율평균":73.31,
            "전세가율거품지수":-49.5,
            "검색코드":11493,
            "세대수":210.0,
            "준공년월":"1985-08-13",
            "준공년차":38.0,
            "가까운역이름":"이천",
            "가까운역거리":2174.01,
            "역세권여부":"비역세권",
            "30분이내주요거점역":0,
            "1시간이내주요거점역":0,
            "3km이내백화점수":0,
            "5km이내아울렛몰수":0,
            "1km이내대형먀트수":3,
            "500m이내은행수":0,
            "500m이내병원수":6,
            "5km이내대형병원수":1,
            "500m이내공원수":7,
            "3km이내혐오시설수":0,
            "초등학교학업성취도":92.0,
            "중학교학업성취도":67.0,
            "용적률":0,
            "건폐율":0,
            "Y":37.283288,
            "X":127.452672,
            "rank":69.0,
            "area_info":"21평(71.01), 22평(73.87), 26평(89.24)",
            "last_sales":"2021-11-08,21500.0,26평(89.24)"
        },
        {
            "index":188,
            "아파트명":"대신푸른마을",
            "투자타입":"일반",
            "전용면적(m2)":"116.7",
            "전용면적(평)":"35평",
            "법정동주소":"경기도 이천시 신둔면 도봉리 1271",
            "도로명주소":"경기도 이천시 이여로101번길 101-4",
            "세대수":0,
            "입주년차":40,
            "용적률점수":"--",
            "건폐율점수":"--",
            "세대당주차수":30,
            "난방방식":30,
            "공급면적":"--",
            "전용률":"--",
            "욕실수":100,
            "현관타입":100,
            "주거총점":35.5,
            "지역구공급총점":100.0,
            "역세권":0,
            "30분내 이동가능 거점":0,
            "1시간내 이동가능 거점":0,
            "교통총점":0.0,
            "백화점":0,
            "아울렛몰":0,
            "대형마트":0,
            "은행":0,
            "병원":0,
            "종합병원":80,
            "공원":0,
            "혐오시설":0,
            "인프라총점":16.0,
            "초등학군":88.88,
            "중학군":42.18,
            "학군총점":51.52,
            "인구수":24.42,
            "인구증감":13.66,
            "인구총점":21.192,
            "일자리":17.4,
            "소득수준":99.91,
            "일자리총점":42.153,
            "가치 총점":19.628,
            "매매실거래년":20211231.0,
            "매매실거래가":21000.0,
            "전세실거래년":20211231.0,
            "전세실거래가":19000.0,
            "전세가율":90.48,
            "장기전세가율평균":73.31,
            "전세가율거품지수":-17.17,
            "검색코드":24619,
            "세대수":260.0,
            "준공년월":"2004-11-02",
            "준공년차":19.0,
            "가까운역이름":"신둔도예촌",
            "가까운역거리":4798.68,
            "역세권여부":"비역세권",
            "30분이내주요거점역":0,
            "1시간이내주요거점역":0,
            "3km이내백화점수":0,
            "5km이내아울렛몰수":0,
            "1km이내대형먀트수":0,
            "500m이내은행수":0,
            "500m이내병원수":0,
            "5km이내대형병원수":1,
            "500m이내공원수":0,
            "3km이내혐오시설수":0,
            "초등학교학업성취도":88.88,
            "중학교학업성취도":68.9,
            "용적률":110,
            "건폐율":15,
            "Y":37.309806,
            "X":127.458222,
            "rank":70.0,
            "area_info":"35평(116.7)",
            "last_sales":"2021-12-31,21000.0,35평(116.7)"
        },
        {
            "index":355,
            "아파트명":"이천내안애",
            "투자타입":"일반",
            "전용면적(m2)":"77.32",
            "전용면적(평)":"23평",
            "법정동주소":"경기도 이천시 호법면 유산리 894",
            "도로명주소":"경기도 이천시 중부대로 909-28",
            "세대수":0,
            "입주년차":60,
            "용적률점수":"--",
            "건폐율점수":"--",
            "세대당주차수":0,
            "난방방식":30,
            "공급면적":"--",
            "전용률":"--",
            "욕실수":50,
            "현관타입":100,
            "주거총점":30.0,
            "지역구공급총점":100.0,
            "역세권":0,
            "30분내 이동가능 거점":0,
            "1시간내 이동가능 거점":0,
            "교통총점":0.0,
            "백화점":0,
            "아울렛몰":80,
            "대형마트":0,
            "은행":0,
            "병원":0,
            "종합병원":80,
            "공원":0,
            "혐오시설":-50,
            "인프라총점":23.0,
            "초등학군":90.0,
            "중학군":33.48,
            "학군총점":44.784,
            "인구수":24.42,
            "인구증감":13.66,
            "인구총점":21.192,
            "일자리":17.4,
            "소득수준":99.91,
            "일자리총점":42.153,
            "가치 총점":19.6176,
            "매매실거래년":20220106.0,
            "매매실거래가":17000.0,
            "전세실거래년":20220115.0,
            "전세실거래가":12600.0,
            "전세가율":74.12,
            "장기전세가율평균":73.31,
            "전세가율거품지수":-0.81,
            "검색코드":102120,
            "세대수":276.0,
            "준공년월":"2010-12-14",
            "준공년차":13.0,
            "가까운역이름":"이천",
            "가까운역거리":2352.57,
            "역세권여부":"비역세권",
            "30분이내주요거점역":0,
            "1시간이내주요거점역":0,
            "3km이내백화점수":0,
            "5km이내아울렛몰수":1,
            "1km이내대형먀트수":0,
            "500m이내은행수":0,
            "500m이내병원수":0,
            "5km이내대형병원수":1,
            "500m이내공원수":0,
            "3km이내혐오시설수":1,
            "초등학교학업성취도":90.0,
            "중학교학업성취도":55.8,
            "용적률":139,
            "건폐율":15,
            "Y":37.246313,
            "X":127.431275,
            "rank":71.0,
            "area_info":"23평(77.32)",
            "last_sales":"2022-01-06,17000.0,23평(77.32)"
        },
        {
            "index":203,
            "아파트명":"신둔반석아르미",
            "투자타입":"일반",
            "전용면적(m2)":"75.59",
            "전용면적(평)":"22평",
            "법정동주소":"경기도 이천시 신둔면 수하리 825",
            "도로명주소":"경기도 이천시 원적로290번길 34",
            "세대수":0,
            "입주년차":40,
            "용적률점수":"--",
            "건폐율점수":"--",
            "세대당주차수":30,
            "난방방식":30,
            "공급면적":"--",
            "전용률":"--",
            "욕실수":50,
            "현관타입":100,
            "주거총점":30.5,
            "지역구공급총점":100.0,
            "역세권":0,
            "30분내 이동가능 거점":0,
            "1시간내 이동가능 거점":10,
            "교통총점":2.0,
            "백화점":0,
            "아울렛몰":0,
            "대형마트":0,
            "은행":0,
            "병원":0,
            "종합병원":80,
            "공원":0,
            "혐오시설":0,
            "인프라총점":16.0,
            "초등학군":88.88,
            "중학군":44.4,
            "학군총점":53.296,
            "인구수":24.42,
            "인구증감":13.66,
            "인구총점":21.192,
            "일자리":17.4,
            "소득수준":99.91,
            "일자리총점":42.153,
            "가치 총점":19.5944,
            "매매실거래년":20211118.0,
            "매매실거래가":13500.0,
            "전세실거래년":20210911.0,
            "전세실거래가":13500.0,
            "전세가율":100.0,
            "장기전세가율평균":73.31,
            "전세가율거품지수":-26.69,
            "검색코드":25616,
            "세대수":268.0,
            "준공년월":"2008-04-28",
            "준공년차":15.0,
            "가까운역이름":"신둔도예촌",
            "가까운역거리":1684.26,
            "역세권여부":"비역세권",
            "30분이내주요거점역":0,
            "1시간이내주요거점역":1,
            "3km이내백화점수":0,
            "5km이내아울렛몰수":0,
            "1km이내대형먀트수":0,
            "500m이내은행수":0,
            "500m이내병원수":0,
            "5km이내대형병원수":1,
            "500m이내공원수":0,
            "3km이내혐오시설수":0,
            "초등학교학업성취도":88.88,
            "중학교학업성취도":74.0,
            "용적률":198,
            "건폐율":19,
            "Y":37.3164,
            "X":127.42378,
            "rank":72.0,
            "area_info":"22평(75.59), 26평(86.26), 29평(97.39)",
            "last_sales":"2021-11-18,13500.0,22평(75.59)"
        },
        {
            "index":256,
            "아파트명":"대원",
            "투자타입":"일반",
            "전용면적(m2)":"53.48",
            "전용면적(평)":"16평",
            "법정동주소":"경기도 이천시 증포동 218-7",
            "도로명주소":"경기도 이천시 이섭대천로1439번길 15",
            "세대수":0,
            "입주년차":0,
            "용적률점수":"--",
            "건폐율점수":"--",
            "세대당주차수":0,
            "난방방식":30,
            "공급면적":"--",
            "전용률":"--",
            "욕실수":50,
            "현관타입":10,
            "주거총점":9.0,
            "지역구공급총점":100.0,
            "역세권":0,
            "30분내 이동가능 거점":0,
            "1시간내 이동가능 거점":0,
            "교통총점":0.0,
            "백화점":0,
            "아울렛몰":0,
            "대형마트":80,
            "은행":0,
            "병원":10,
            "종합병원":80,
            "공원":100,
            "혐오시설":0,
            "인프라총점":32.0,
            "초등학군":87.92,
            "중학군":45.96,
            "학군총점":54.352,
            "인구수":24.42,
            "인구증감":13.66,
            "인구총점":21.192,
            "일자리":17.4,
            "소득수준":99.91,
            "일자리총점":42.153,
            "가치 총점":19.5528,
            "매매실거래년":20220104.0,
            "매매실거래가":10900.0,
            "전세실거래년":20211122.0,
            "전세실거래가":9000.0,
            "전세가율":82.57,
            "장기전세가율평균":73.31,
            "전세가율거품지수":-9.26,
            "검색코드":15106,
            "세대수":255.0,
            "준공년월":"1996-08-26",
            "준공년차":27.0,
            "가까운역이름":"이천",
            "가까운역거리":3622.33,
            "역세권여부":"비역세권",
            "30분이내주요거점역":0,
            "1시간이내주요거점역":0,
            "3km이내백화점수":0,
            "5km이내아울렛몰수":0,
            "1km이내대형먀트수":1,
            "500m이내은행수":0,
            "500m이내병원수":4,
            "5km이내대형병원수":1,
            "500m이내공원수":2,
            "3km이내혐오시설수":0,
            "초등학교학업성취도":87.92,
            "중학교학업성취도":76.6,
            "용적률":368,
            "건폐율":33,
            "Y":37.29618,
            "X":127.4563,
            "rank":73.0,
            "area_info":"16평(53.48), 21평(69.49), 24평(80.37)",
            "last_sales":"2022-01-04,10900.0,16평(53.48)"
        },
        {
            "index":352,
            "아파트명":"현대2차",
            "투자타입":"재건축",
            "전용면적(m2)":"90.27",
            "전용면적(평)":"27평",
            "법정동주소":"경기도 이천시 창전동 1-2",
            "도로명주소":"경기도 이천시 향교로 144-11",
            "세대수":0,
            "입주년차":"--",
            "용적률점수":0,
            "건폐율점수":0,
            "세대당주차수":"--",
            "난방방식":"--",
            "공급면적":70,
            "전용률":60,
            "욕실수":"--",
            "현관타입":"--",
            "주거총점":6.5,
            "지역구공급총점":100.0,
            "역세권":0,
            "30분내 이동가능 거점":0,
            "1시간내 이동가능 거점":0,
            "교통총점":0.0,
            "백화점":0,
            "아울렛몰":0,
            "대형마트":100,
            "은행":0,
            "병원":10,
            "종합병원":80,
            "공원":100,
            "혐오시설":0,
            "인프라총점":35.0,
            "초등학군":92.0,
            "중학군":40.2,
            "학군총점":50.56,
            "인구수":24.42,
            "인구증감":13.66,
            "인구총점":21.192,
            "일자리":17.4,
            "소득수준":99.91,
            "일자리총점":42.153,
            "가치 총점":19.384,
            "매매실거래년":20210910.0,
            "매매실거래가":25000.0,
            "전세실거래년":20210807.0,
            "전세실거래가":17000.0,
            "전세가율":89.47,
            "장기전세가율평균":73.31,
            "전세가율거품지수":-16.16,
            "검색코드":9933,
            "세대수":271.0,
            "준공년월":"1991-06-29",
            "준공년차":32.0,
            "가까운역이름":"이천",
            "가까운역거리":2201.54,
            "역세권여부":"비역세권",
            "30분이내주요거점역":0,
            "1시간이내주요거점역":0,
            "3km이내백화점수":0,
            "5km이내아울렛몰수":0,
            "1km이내대형먀트수":3,
            "500m이내은행수":0,
            "500m이내병원수":3,
            "5km이내대형병원수":1,
            "500m이내공원수":7,
            "3km이내혐오시설수":0,
            "초등학교학업성취도":92.0,
            "중학교학업성취도":67.0,
            "용적률":0,
            "건폐율":0,
            "Y":37.282916,
            "X":127.454276,
            "rank":74.0,
            "area_info":"27평(90.27), 32평(107.74), 33평(109.69)",
            "last_sales":"2021-09-10,25000.0,32평(107.74)"
        },
        {
            "index":143,
            "아파트명":"효양",
            "투자타입":"일반",
            "전용면적(m2)":"77.65",
            "전용면적(평)":"23평",
            "법정동주소":"경기도 이천시 부발읍 무촌리 128-6",
            "도로명주소":"경기도 이천시 부발중앙로46번길 46",
            "세대수":30,
            "입주년차":20,
            "용적률점수":"--",
            "건폐율점수":"--",
            "세대당주차수":30,
            "난방방식":30,
            "공급면적":"--",
            "전용률":"--",
            "욕실수":100,
            "현관타입":100,
            "주거총점":42.0,
            "지역구공급총점":100.0,
            "역세권":0,
            "30분내 이동가능 거점":0,
            "1시간내 이동가능 거점":0,
            "교통총점":0.0,
            "백화점":0,
            "아울렛몰":0,
            "대형마트":0,
            "은행":0,
            "병원":0,
            "종합병원":80,
            "공원":0,
            "혐오시설":0,
            "인프라총점":16.0,
            "초등학군":83.86,
            "중학군":30.54,
            "학군총점":41.204,
            "인구수":24.42,
            "인구증감":13.66,
            "인구총점":21.192,
            "일자리":17.4,
            "소득수준":99.91,
            "일자리총점":42.153,
            "가치 총점":19.3806,
            "매매실거래년":20211110.0,
            "매매실거래가":16500.0,
            "전세실거래년":20201108.0,
            "전세실거래가":12000.0,
            "전세가율":72.73,
            "장기전세가율평균":73.31,
            "전세가율거품지수":0.58,
            "검색코드":101896,
            "세대수":308.0,
            "준공년월":"2003-05-19",
            "준공년차":20.0,
            "가까운역이름":"부발",
            "가까운역거리":2113.03,
            "역세권여부":"비역세권",
            "30분이내주요거점역":0,
            "1시간이내주요거점역":0,
            "3km이내백화점수":0,
            "5km이내아울렛몰수":0,
            "1km이내대형먀트수":0,
            "500m이내은행수":0,
            "500m이내병원수":1,
            "5km이내대형병원수":1,
            "500m이내공원수":0,
            "3km이내혐오시설수":0,
            "초등학교학업성취도":83.86,
            "중학교학업성취도":50.9,
            "용적률":130,
            "건폐율":13,
            "Y":37.278572,
            "X":127.484213,
            "rank":75.0,
            "area_info":"23평(77.65), 32평(108.7)",
            "last_sales":"2021-11-10,16500.0,23평(77.65)"
        },
        {
            "index":46,
            "아파트명":"사동현대6차",
            "투자타입":"일반",
            "전용면적(m2)":"72.54",
            "전용면적(평)":"21평",
            "법정동주소":"경기도 이천시 대월면 사동리 465",
            "도로명주소":"경기도 이천시 경충대로2050번길 70-50",
            "세대수":30,
            "입주년차":20,
            "용적률점수":"--",
            "건폐율점수":"--",
            "세대당주차수":30,
            "난방방식":30,
            "공급면적":"--",
            "전용률":"--",
            "욕실수":50,
            "현관타입":100,
            "주거총점":37.0,
            "지역구공급총점":100.0,
            "역세권":0,
            "30분내 이동가능 거점":0,
            "1시간내 이동가능 거점":0,
            "교통총점":0.0,
            "백화점":0,
            "아울렛몰":0,
            "대형마트":80,
            "은행":0,
            "병원":0,
            "종합병원":0,
            "공원":0,
            "혐오시설":0,
            "인프라총점":12.0,
            "초등학군":86.45,
            "중학군":47.24,
            "학군총점":55.082,
            "인구수":24.42,
            "인구증감":13.66,
            "인구총점":21.192,
            "일자리":17.4,
            "소득수준":99.91,
            "일자리총점":42.153,
            "가치 총점":19.2623,
            "매매실거래년":20211229.0,
            "매매실거래가":19900.0,
            "전세실거래년":20211206.0,
            "전세실거래가":14000.0,
            "전세가율":70.35,
            "장기전세가율평균":73.31,
            "전세가율거품지수":2.96,
            "검색코드":11816,
            "세대수":346.0,
            "준공년월":"1999-03-27",
            "준공년차":24.0,
            "가까운역이름":"부발",
            "가까운역거리":1512.96,
            "역세권여부":"비역세권",
            "30분이내주요거점역":0,
            "1시간이내주요거점역":0,
            "3km이내백화점수":0,
            "5km이내아울렛몰수":0,
            "1km이내대형먀트수":1,
            "500m이내은행수":0,
            "500m이내병원수":0,
            "5km이내대형병원수":0,
            "500m이내공원수":0,
            "3km이내혐오시설수":0,
            "초등학교학업성취도":86.45,
            "중학교학업성취도":78.2,
            "용적률":168,
            "건폐율":13,
            "Y":37.248584,
            "X":127.499195,
            "rank":76.0,
            "area_info":"21평(72.54), 31평(102.76)",
            "last_sales":"2021-12-29,19900.0,21평(72.54)"
        },
        {
            "index":229,
            "아파트명":"일성",
            "투자타입":"일반",
            "전용면적(m2)":"76.04",
            "전용면적(평)":"23평",
            "법정동주소":"경기도 이천시 안흥동 300-1",
            "도로명주소":"경기도 이천시 애련정로 39",
            "세대수":0,
            "입주년차":0,
            "용적률점수":"--",
            "건폐율점수":"--",
            "세대당주차수":0,
            "난방방식":30,
            "공급면적":"--",
            "전용률":"--",
            "욕실수":50,
            "현관타입":10,
            "주거총점":9.0,
            "지역구공급총점":100.0,
            "역세권":0,
            "30분내 이동가능 거점":0,
            "1시간내 이동가능 거점":0,
            "교통총점":0.0,
            "백화점":0,
            "아울렛몰":0,
            "대형마트":80,
            "은행":0,
            "병원":10,
            "종합병원":80,
            "공원":80,
            "혐오시설":0,
            "인프라총점":31.4,
            "초등학군":87.18,
            "중학군":33.48,
            "학군총점":44.22,
            "인구수":24.42,
            "인구증감":13.66,
            "인구총점":21.192,
            "일자리":17.4,
            "소득수준":99.91,
            "일자리총점":42.153,
            "가치 총점":17.853,
            "매매실거래년":20211204.0,
            "매매실거래가":21000.0,
            "전세실거래년":20211204.0,
            "전세실거래가":19000.0,
            "전세가율":90.48,
            "장기전세가율평균":73.31,
            "전세가율거품지수":-17.17,
            "검색코드":11667,
            "세대수":240.0,
            "준공년월":"1997-01-15",
            "준공년차":26.0,
            "가까운역이름":"이천",
            "가까운역거리":1758.5,
            "역세권여부":"비역세권",
            "30분이내주요거점역":0,
            "1시간이내주요거점역":0,
            "3km이내백화점수":0,
            "5km이내아울렛몰수":0,
            "1km이내대형먀트수":1,
            "500m이내은행수":0,
            "500m이내병원수":2,
            "5km이내대형병원수":1,
            "500m이내공원수":1,
            "3km이내혐오시설수":0,
            "초등학교학업성취도":87.18,
            "중학교학업성취도":55.8,
            "용적률":349,
            "건폐율":33,
            "Y":37.277389,
            "X":127.455477,
            "rank":77.0,
            "area_info":"23평(76.04), 29평(97.44)",
            "last_sales":"2021-12-04,21000.0,23평(76.04)"
        },
        {
            "index":241,
            "아파트명":"장호원현대",
            "투자타입":"일반",
            "전용면적(m2)":"70.71",
            "전용면적(평)":"21평",
            "법정동주소":"경기도 이천시 장호원읍 진암리 17-18",
            "도로명주소":"경기도 이천시 서동대로 8844-15",
            "세대수":30,
            "입주년차":0,
            "용적률점수":"--",
            "건폐율점수":"--",
            "세대당주차수":0,
            "난방방식":30,
            "공급면적":"--",
            "전용률":"--",
            "욕실수":50,
            "현관타입":100,
            "주거총점":28.5,
            "지역구공급총점":100.0,
            "역세권":0,
            "30분내 이동가능 거점":0,
            "1시간내 이동가능 거점":0,
            "교통총점":0.0,
            "백화점":0,
            "아울렛몰":0,
            "대형마트":100,
            "은행":0,
            "병원":0,
            "종합병원":0,
            "공원":80,
            "혐오시설":0,
            "인프라총점":17.4,
            "초등학군":86.65,
            "중학군":34.82,
            "학군총점":45.186,
            "인구수":24.42,
            "인구증감":13.66,
            "인구총점":21.192,
            "일자리":17.4,
            "소득수준":99.91,
            "일자리총점":42.153,
            "가치 총점":17.6979,
            "매매실거래년":20211012.0,
            "매매실거래가":13500.0,
            "전세실거래년":20200809.0,
            "전세실거래가":8000.0,
            "전세가율":59.26,
            "장기전세가율평균":73.31,
            "전세가율거품지수":14.05,
            "검색코드":15094,
            "세대수":362.0,
            "준공년월":"1997-07-03",
            "준공년차":26.0,
            "가까운역이름":"여주",
            "가까운역거리":18708.39,
            "역세권여부":"비역세권",
            "30분이내주요거점역":0,
            "1시간이내주요거점역":0,
            "3km이내백화점수":0,
            "5km이내아울렛몰수":0,
            "1km이내대형먀트수":2,
            "500m이내은행수":0,
            "500m이내병원수":0,
            "5km이내대형병원수":0,
            "500m이내공원수":1,
            "3km이내혐오시설수":0,
            "초등학교학업성취도":86.65,
            "중학교학업성취도":57.7,
            "용적률":214,
            "건폐율":26,
            "Y":37.11465,
            "X":127.61838,
            "rank":78.0,
            "area_info":"21평(70.71), 29평(99.04), 44평(145.65)",
            "last_sales":"2021-10-12,13500.0,21평(70.71)"
        },
        {
            "index":58,
            "아파트명":"현대전자사원(아이파크)",
            "투자타입":"일반",
            "전용면적(m2)":"80.15",
            "전용면적(평)":"24평",
            "법정동주소":"경기도 이천시 대월면 사동리 441-1",
            "도로명주소":"경기도 이천시 경충대로2041번길 167",
            "세대수":90,
            "입주년차":0,
            "용적률점수":"--",
            "건폐율점수":"--",
            "세대당주차수":0,
            "난방방식":80,
            "공급면적":"--",
            "전용률":"--",
            "욕실수":50,
            "현관타입":10,
            "주거총점":45.5,
            "지역구공급총점":100.0,
            "역세권":0,
            "30분내 이동가능 거점":0,
            "1시간내 이동가능 거점":0,
            "교통총점":0.0,
            "백화점":0,
            "아울렛몰":0,
            "대형마트":0,
            "은행":0,
            "병원":0,
            "종합병원":0,
            "공원":0,
            "혐오시설":0,
            "인프라총점":0.0,
            "초등학군":86.45,
            "중학군":47.24,
            "학군총점":55.082,
            "인구수":24.42,
            "인구증감":13.66,
            "인구총점":21.192,
            "일자리":17.4,
            "소득수준":99.91,
            "일자리총점":42.153,
            "가치 총점":17.3623,
            "매매실거래년":20220104.0,
            "매매실거래가":16000.0,
            "전세실거래년":20220108.0,
            "전세실거래가":14000.0,
            "전세가율":87.5,
            "장기전세가율평균":73.31,
            "전세가율거품지수":-14.19,
            "검색코드":11817,
            "세대수":1110.0,
            "준공년월":"1994-10-28",
            "준공년차":29.0,
            "가까운역이름":"부발",
            "가까운역거리":1826.06,
            "역세권여부":"비역세권",
            "30분이내주요거점역":0,
            "1시간이내주요거점역":0,
            "3km이내백화점수":0,
            "5km이내아울렛몰수":0,
            "1km이내대형먀트수":0,
            "500m이내은행수":0,
            "500m이내병원수":0,
            "5km이내대형병원수":0,
            "500m이내공원수":0,
            "3km이내혐오시설수":0,
            "초등학교학업성취도":86.45,
            "중학교학업성취도":78.2,
            "용적률":144,
            "건폐율":0,
            "Y":37.245051,
            "X":127.482288,
            "rank":79.0,
            "area_info":"24평(80.15), 27평(90.15)",
            "last_sales":"2022-01-04,16000.0,24평(80.15)"
        },
        {
            "index":79,
            "아파트명":"기영",
            "투자타입":"일반",
            "전용면적(m2)":"81.42",
            "전용면적(평)":"24평",
            "법정동주소":"경기도 이천시 부발읍 가산리 770",
            "도로명주소":"경기도 이천시 경충대로 1918-18",
            "세대수":0,
            "입주년차":40,
            "용적률점수":"--",
            "건폐율점수":"--",
            "세대당주차수":0,
            "난방방식":30,
            "공급면적":"--",
            "전용률":"--",
            "욕실수":100,
            "현관타입":50,
            "주거총점":26.0,
            "지역구공급총점":100.0,
            "역세권":0,
            "30분내 이동가능 거점":0,
            "1시간내 이동가능 거점":0,
            "교통총점":0.0,
            "백화점":0,
            "아울렛몰":0,
            "대형마트":80,
            "은행":0,
            "병원":0,
            "종합병원":0,
            "공원":0,
            "혐오시설":0,
            "인프라총점":12.0,
            "초등학군":87.22,
            "중학군":47.24,
            "학군총점":55.236,
            "인구수":24.42,
            "인구증감":13.66,
            "인구총점":21.192,
            "일자리":17.4,
            "소득수준":99.91,
            "일자리총점":42.153,
            "가치 총점":17.0854,
            "매매실거래년":20211209.0,
            "매매실거래가":11400.0,
            "전세실거래년":20211101.0,
            "전세실거래가":10000.0,
            "전세가율":87.72,
            "장기전세가율평균":73.31,
            "전세가율거품지수":-14.41,
            "검색코드":27460,
            "세대수":150.0,
            "준공년월":"2008-09-26",
            "준공년차":15.0,
            "가까운역이름":"부발",
            "가까운역거리":2220.05,
            "역세권여부":"비역세권",
            "30분이내주요거점역":0,
            "1시간이내주요거점역":0,
            "3km이내백화점수":0,
            "5km이내아울렛몰수":0,
            "1km이내대형먀트수":1,
            "500m이내은행수":0,
            "500m이내병원수":0,
            "5km이내대형병원수":0,
            "500m이내공원수":0,
            "3km이내혐오시설수":0,
            "초등학교학업성취도":87.22,
            "중학교학업성취도":78.2,
            "용적률":99,
            "건폐율":21,
            "Y":37.243032,
            "X":127.503098,
            "rank":80.0,
            "area_info":"24평(81.42)",
            "last_sales":"2021-12-09,11400.0,24평(81.42)"
        },
        {
            "index":233,
            "아파트명":"동양",
            "투자타입":"재건축",
            "전용면적(m2)":"83.8",
            "전용면적(평)":"25평",
            "법정동주소":"경기도 이천시 장호원읍 진암리 산28-10",
            "도로명주소":"경기도 이천시 서동대로8830번길 6-17",
            "세대수":0,
            "입주년차":"--",
            "용적률점수":0,
            "건폐율점수":80,
            "세대당주차수":"--",
            "난방방식":"--",
            "공급면적":70,
            "전용률":60,
            "욕실수":"--",
            "현관타입":"--",
            "주거총점":22.5,
            "지역구공급총점":100.0,
            "역세권":0,
            "30분내 이동가능 거점":0,
            "1시간내 이동가능 거점":0,
            "교통총점":0.0,
            "백화점":0,
            "아울렛몰":0,
            "대형마트":100,
            "은행":0,
            "병원":0,
            "종합병원":0,
            "공원":80,
            "혐오시설":0,
            "인프라총점":17.4,
            "초등학군":86.65,
            "중학군":34.82,
            "학군총점":45.186,
            "인구수":24.42,
            "인구증감":13.66,
            "인구총점":21.192,
            "일자리":17.4,
            "소득수준":99.91,
            "일자리총점":42.153,
            "가치 총점":16.4979,
            "매매실거래년":20220114.0,
            "매매실거래가":7700.0,
            "전세실거래년":20210716.0,
            "전세실거래가":5775.0,
            "전세가율":75.0,
            "장기전세가율평균":73.31,
            "전세가율거품지수":-1.69,
            "검색코드":15091,
            "세대수":154.0,
            "준공년월":"1992-05-02",
            "준공년차":31.0,
            "가까운역이름":"여주",
            "가까운역거리":18731.1,
            "역세권여부":"비역세권",
            "30분이내주요거점역":0,
            "1시간이내주요거점역":0,
            "3km이내백화점수":0,
            "5km이내아울렛몰수":0,
            "1km이내대형먀트수":2,
            "500m이내은행수":0,
            "500m이내병원수":1,
            "5km이내대형병원수":0,
            "500m이내공원수":1,
            "3km이내혐오시설수":0,
            "초등학교학업성취도":86.65,
            "중학교학업성취도":57.7,
            "용적률":314,
            "건폐율":24,
            "Y":37.11456,
            "X":127.61575,
            "rank":81.0,
            "area_info":"25평(83.8), 25평(83.7), 30평(101.93), 34평(114.76)",
            "last_sales":"2022-01-14,7700.0,25평(83.8)"
        },
        {
            "index":189,
            "아파트명":"롯데빌리지",
            "투자타입":"일반",
            "전용면적(m2)":"31.02",
            "전용면적(평)":"9평",
            "법정동주소":"경기도 이천시 신둔면 수남리 108",
            "도로명주소":"경기도 이천시 둔터로124번길 42",
            "세대수":0,
            "입주년차":0,
            "용적률점수":"--",
            "건폐율점수":"--",
            "세대당주차수":0,
            "난방방식":30,
            "공급면적":"--",
            "전용률":"--",
            "욕실수":50,
            "현관타입":100,
            "주거총점":18.0,
            "지역구공급총점":100.0,
            "역세권":0,
            "30분내 이동가능 거점":0,
            "1시간내 이동가능 거점":0,
            "교통총점":0.0,
            "백화점":0,
            "아울렛몰":0,
            "대형마트":0,
            "은행":0,
            "병원":0,
            "종합병원":80,
            "공원":0,
            "혐오시설":0,
            "인프라총점":16.0,
            "초등학군":91.48,
            "중학군":44.4,
            "학군총점":53.816,
            "인구수":24.42,
            "인구증감":13.66,
            "인구총점":21.192,
            "일자리":17.4,
            "소득수준":99.91,
            "일자리총점":42.153,
            "가치 총점":16.4724,
            "매매실거래년":"18000101",
            "매매실거래가":null,
            "전세실거래년":null,
            "전세실거래가":null,
            "전세가율":null,
            "장기전세가율평균":73.31,
            "전세가율거품지수":null,
            "검색코드":120033,
            "세대수":116.0,
            "준공년월":"1996-06-01",
            "준공년차":27.0,
            "가까운역이름":"신둔도예촌",
            "가까운역거리":2549.47,
            "역세권여부":"비역세권",
            "30분이내주요거점역":0,
            "1시간이내주요거점역":0,
            "3km이내백화점수":0,
            "5km이내아울렛몰수":0,
            "1km이내대형먀트수":0,
            "500m이내은행수":0,
            "500m이내병원수":0,
            "5km이내대형병원수":1,
            "500m이내공원수":0,
            "3km이내혐오시설수":0,
            "초등학교학업성취도":91.48,
            "중학교학업성취도":74.0,
            "용적률":0,
            "건폐율":0,
            "Y":37.294266,
            "X":127.405563,
            "rank":82.0,
            "area_info":"9평(31.02), 19평(65.96), 20평(66.74), 20평(67.76), 20평(67.75), 20평(68.71), 21평(69.65), 21평(69.72), 21평(72.35), 22평(73.29), 22평(73.91), 22평(73.47), 23평(77.76), 29평(98.77)",
            "last_sales":"1800-01-01,nan,9평(31.02)"
        },
        {
            "index":112,
            "아파트명":"이화1,2차",
            "투자타입":"일반",
            "전용면적(m2)":"48.88",
            "전용면적(평)":"14평",
            "법정동주소":"경기도 이천시 부발읍 응암리 96",
            "도로명주소":"경기도 이천시 경충대로1804번길 47",
            "세대수":90,
            "입주년차":0,
            "용적률점수":"--",
            "건폐율점수":"--",
            "세대당주차수":0,
            "난방방식":30,
            "공급면적":"--",
            "전용률":"--",
            "욕실수":50,
            "현관타입":10,
            "주거총점":40.5,
            "지역구공급총점":100.0,
            "역세권":0,
            "30분내 이동가능 거점":0,
            "1시간내 이동가능 거점":0,
            "교통총점":0.0,
            "백화점":0,
            "아울렛몰":0,
            "대형마트":0,
            "은행":0,
            "병원":0,
            "종합병원":0,
            "공원":0,
            "혐오시설":0,
            "인프라총점":0.0,
            "초등학군":87.22,
            "중학군":47.24,
            "학군총점":55.236,
            "인구수":24.42,
            "인구증감":13.66,
            "인구총점":21.192,
            "일자리":17.4,
            "소득수준":99.91,
            "일자리총점":42.153,
            "가치 총점":16.3854,
            "매매실거래년":20211229.0,
            "매매실거래가":13400.0,
            "전세실거래년":20220114.0,
            "전세실거래가":6000.0,
            "전세가율":76.92,
            "장기전세가율평균":73.31,
            "전세가율거품지수":-3.61,
            "검색코드":25105,
            "세대수":927.0,
            "준공년월":"1996-11-19",
            "준공년차":27.0,
            "가까운역이름":"부발",
            "가까운역거리":3239.27,
            "역세권여부":"비역세권",
            "30분이내주요거점역":0,
            "1시간이내주요거점역":0,
            "3km이내백화점수":0,
            "5km이내아울렛몰수":0,
            "1km이내대형먀트수":0,
            "500m이내은행수":0,
            "500m이내병원수":0,
            "5km이내대형병원수":0,
            "500m이내공원수":0,
            "3km이내혐오시설수":0,
            "초등학교학업성취도":87.22,
            "중학교학업성취도":78.2,
            "용적률":0,
            "건폐율":0,
            "Y":37.239092,
            "X":127.51551,
            "rank":83.0,
            "area_info":"14평(48.88), 21평(70.03), 21평(70.03), 24평(81.9), 24평(81.51), 25평(82.87)",
            "last_sales":"2021-12-29,13400.0,25평(82.87)"
        },
        {
            "index":49,
            "아파트명":"성창",
            "투자타입":"재건축",
            "전용면적(m2)":"53.57",
            "전용면적(평)":"16평",
            "법정동주소":"경기도 이천시 대월면 사동리 182-1",
            "도로명주소":"경기도 이천시 대월로880번길 13",
            "세대수":0,
            "입주년차":"--",
            "용적률점수":60,
            "건폐율점수":0,
            "세대당주차수":"--",
            "난방방식":"--",
            "공급면적":50,
            "전용률":60,
            "욕실수":"--",
            "현관타입":"--",
            "주거총점":29.5,
            "지역구공급총점":100.0,
            "역세권":0,
            "30분내 이동가능 거점":0,
            "1시간내 이동가능 거점":0,
            "교통총점":0.0,
            "백화점":0,
            "아울렛몰":0,
            "대형마트":80,
            "은행":0,
            "병원":0,
            "종합병원":0,
            "공원":0,
            "혐오시설":0,
            "인프라총점":12.0,
            "초등학군":88.48,
            "중학군":35.1,
            "학군총점":45.776,
            "인구수":24.42,
            "인구증감":13.66,
            "인구총점":21.192,
            "일자리":17.4,
            "소득수준":99.91,
            "일자리총점":42.153,
            "가치 총점":16.3664,
            "매매실거래년":20210708.0,
            "매매실거래가":10700.0,
            "전세실거래년":20210503.0,
            "전세실거래가":3000.0,
            "전세가율":70.59,
            "장기전세가율평균":73.31,
            "전세가율거품지수":2.72,
            "검색코드":101605,
            "세대수":192.0,
            "준공년월":"1991-04-25",
            "준공년차":32.0,
            "가까운역이름":"부발",
            "가까운역거리":2966.52,
            "역세권여부":"비역세권",
            "30분이내주요거점역":0,
            "1시간이내주요거점역":0,
            "3km이내백화점수":0,
            "5km이내아울렛몰수":0,
            "1km이내대형먀트수":1,
            "500m이내은행수":0,
            "500m이내병원수":0,
            "5km이내대형병원수":0,
            "500m이내공원수":0,
            "3km이내혐오시설수":0,
            "초등학교학업성취도":88.48,
            "중학교학업성취도":58.5,
            "용적률":188,
            "건폐율":0,
            "Y":37.233947,
            "X":127.496294,
            "rank":84.0,
            "area_info":"16평(53.57), 17평(59.47), 22평(73.28), 27평(92.43)",
            "last_sales":"2021-07-08,10700.0,27평(92.43)"
        },
        {
            "index":44,
            "아파트명":"사동현대5차",
            "투자타입":"일반",
            "전용면적(m2)":"72.29",
            "전용면적(평)":"21평",
            "법정동주소":"경기도 이천시 대월면 사동리 386-72",
            "도로명주소":"경기도 이천시 경충대로2050번길 104",
            "세대수":0,
            "입주년차":0,
            "용적률점수":"--",
            "건폐율점수":"--",
            "세대당주차수":0,
            "난방방식":30,
            "공급면적":"--",
            "전용률":"--",
            "욕실수":50,
            "현관타입":100,
            "주거총점":18.0,
            "지역구공급총점":100.0,
            "역세권":0,
            "30분내 이동가능 거점":0,
            "1시간내 이동가능 거점":0,
            "교통총점":0.0,
            "백화점":0,
            "아울렛몰":0,
            "대형마트":80,
            "은행":0,
            "병원":0,
            "종합병원":0,
            "공원":0,
            "혐오시설":0,
            "인프라총점":12.0,
            "초등학군":86.47,
            "중학군":47.24,
            "학군총점":55.086,
            "인구수":24.42,
            "인구증감":13.66,
            "인구총점":21.192,
            "일자리":17.4,
            "소득수준":99.91,
            "일자리총점":42.153,
            "가치 총점":15.4629,
            "매매실거래년":20220115.0,
            "매매실거래가":20000.0,
            "전세실거래년":20211124.0,
            "전세실거래가":17000.0,
            "전세가율":85.0,
            "장기전세가율평균":73.31,
            "전세가율거품지수":-11.69,
            "검색코드":10747,
            "세대수":296.0,
            "준공년월":"1997-11-25",
            "준공년차":26.0,
            "가까운역이름":"부발",
            "가까운역거리":1378.92,
            "역세권여부":"비역세권",
            "30분이내주요거점역":0,
            "1시간이내주요거점역":0,
            "3km이내백화점수":0,
            "5km이내아울렛몰수":0,
            "1km이내대형먀트수":1,
            "500m이내은행수":0,
            "500m이내병원수":1,
            "5km이내대형병원수":0,
            "500m이내공원수":0,
            "3km이내혐오시설수":0,
            "초등학교학업성취도":86.47,
            "중학교학업성취도":78.2,
            "용적률":236,
            "건폐율":18,
            "Y":37.249081,
            "X":127.497196,
            "rank":85.0,
            "area_info":"21평(72.29), 31평(102.6)",
            "last_sales":"2022-01-15,20000.0,21평(72.29)"
        },
        {
            "index":182,
            "아파트명":"풍산",
            "투자타입":"일반",
            "전용면적(m2)":"64.19",
            "전용면적(평)":"19평",
            "법정동주소":"경기도 이천시 송정동 107-48",
            "도로명주소":"경기도 이천시 증신로 278",
            "세대수":0,
            "입주년차":0,
            "용적률점수":"--",
            "건폐율점수":"--",
            "세대당주차수":0,
            "난방방식":30,
            "공급면적":"--",
            "전용률":"--",
            "욕실수":50,
            "현관타입":50,
            "주거총점":13.0,
            "지역구공급총점":100.0,
            "역세권":0,
            "30분내 이동가능 거점":0,
            "1시간내 이동가능 거점":0,
            "교통총점":0.0,
            "백화점":0,
            "아울렛몰":0,
            "대형마트":0,
            "은행":0,
            "병원":0,
            "종합병원":80,
            "공원":0,
            "혐오시설":0,
            "인프라총점":16.0,
            "초등학군":90.98,
            "중학군":44.4,
            "학군총점":53.716,
            "인구수":24.42,
            "인구증감":13.66,
            "인구총점":21.192,
            "일자리":17.4,
            "소득수준":99.91,
            "일자리총점":42.153,
            "가치 총점":15.4574,
            "매매실거래년":20211217.0,
            "매매실거래가":10500.0,
            "전세실거래년":20211020.0,
            "전세실거래가":10000.0,
            "전세가율":95.24,
            "장기전세가율평균":73.31,
            "전세가율거품지수":-21.93,
            "검색코드":15079,
            "세대수":298.0,
            "준공년월":"1997-08-14",
            "준공년차":26.0,
            "가까운역이름":"이천",
            "가까운역거리":3364.81,
            "역세권여부":"비역세권",
            "30분이내주요거점역":0,
            "1시간이내주요거점역":0,
            "3km이내백화점수":0,
            "5km이내아울렛몰수":0,
            "1km이내대형먀트수":0,
            "500m이내은행수":0,
            "500m이내병원수":1,
            "5km이내대형병원수":1,
            "500m이내공원수":0,
            "3km이내혐오시설수":0,
            "초등학교학업성취도":90.98,
            "중학교학업성취도":74.0,
            "용적률":249,
            "건폐율":21,
            "Y":37.29583,
            "X":127.44131,
            "rank":86.0,
            "area_info":"19평(64.19), 23평(78.49), 31평(105.77)",
            "last_sales":"2021-12-17,10500.0,19평(64.19)"
        },
        {
            "index":109,
            "아파트명":"이천현대3차",
            "투자타입":"일반",
            "전용면적(m2)":"71.57",
            "전용면적(평)":"21평",
            "법정동주소":"경기도 이천시 부발읍 아미리 699-7",
            "도로명주소":"경기도 이천시 경충대로 2037",
            "세대수":50,
            "입주년차":0,
            "용적률점수":"--",
            "건폐율점수":"--",
            "세대당주차수":0,
            "난방방식":30,
            "공급면적":"--",
            "전용률":"--",
            "욕실수":50,
            "현관타입":100,
            "주거총점":35.5,
            "지역구공급총점":100.0,
            "역세권":0,
            "30분내 이동가능 거점":0,
            "1시간내 이동가능 거점":0,
            "교통총점":0.0,
            "백화점":0,
            "아울렛몰":0,
            "대형마트":0,
            "은행":0,
            "병원":0,
            "종합병원":0,
            "공원":0,
            "혐오시설":0,
            "인프라총점":0.0,
            "초등학군":86.45,
            "중학군":47.24,
            "학군총점":55.082,
            "인구수":24.42,
            "인구증감":13.66,
            "인구총점":21.192,
            "일자리":17.4,
            "소득수준":99.91,
            "일자리총점":42.153,
            "가치 총점":15.3623,
            "매매실거래년":20220111.0,
            "매매실거래가":21500.0,
            "전세실거래년":20210915.0,
            "전세실거래가":16000.0,
            "전세가율":74.42,
            "장기전세가율평균":73.31,
            "전세가율거품지수":-1.11,
            "검색코드":11818,
            "세대수":400.0,
            "준공년월":"1997-05-30",
            "준공년차":26.0,
            "가까운역이름":"부발",
            "가까운역거리":1533.0,
            "역세권여부":"비역세권",
            "30분이내주요거점역":0,
            "1시간이내주요거점역":0,
            "3km이내백화점수":0,
            "5km이내아울렛몰수":0,
            "1km이내대형먀트수":0,
            "500m이내은행수":0,
            "500m이내병원수":1,
            "5km이내대형병원수":0,
            "500m이내공원수":0,
            "3km이내혐오시설수":0,
            "초등학교학업성취도":86.45,
            "중학교학업성취도":78.2,
            "용적률":261,
            "건폐율":20,
            "Y":37.24643,
            "X":127.49131,
            "rank":87.0,
            "area_info":"21평(71.57), 21평(71.39), 30평(101.58)",
            "last_sales":"2022-01-11,21500.0,21평(71.57)"
        },
        {
            "index":29,
            "아파트명":"GM하이빌",
            "투자타입":"일반",
            "전용면적(m2)":"109.69",
            "전용면적(평)":"33평",
            "법정동주소":"경기도 이천시 고담동 579",
            "도로명주소":"경기도 이천시 대산로247번길 50",
            "세대수":0,
            "입주년차":40,
            "용적률점수":"--",
            "건폐율점수":"--",
            "세대당주차수":30,
            "난방방식":30,
            "공급면적":"--",
            "전용률":"--",
            "욕실수":100,
            "현관타입":100,
            "주거총점":35.5,
            "지역구공급총점":100.0,
            "역세권":0,
            "30분내 이동가능 거점":0,
            "1시간내 이동가능 거점":0,
            "교통총점":0.0,
            "백화점":0,
            "아울렛몰":0,
            "대형마트":0,
            "은행":0,
            "병원":0,
            "종합병원":0,
            "공원":0,
            "혐오시설":0,
            "인프라총점":0.0,
            "초등학군":86.45,
            "중학군":47.24,
            "학군총점":55.082,
            "인구수":24.42,
            "인구증감":13.66,
            "인구총점":21.192,
            "일자리":17.4,
            "소득수준":99.91,
            "일자리총점":42.153,
            "가치 총점":15.3623,
            "매매실거래년":20220109.0,
            "매매실거래가":18000.0,
            "전세실거래년":20211225.0,
            "전세실거래가":15750.0,
            "전세가율":87.5,
            "장기전세가율평균":73.31,
            "전세가율거품지수":-14.19,
            "검색코드":23986,
            "세대수":276.0,
            "준공년월":"2006-08-23",
            "준공년차":17.0,
            "가까운역이름":"부발",
            "가까운역거리":2583.2,
            "역세권여부":"비역세권",
            "30분이내주요거점역":0,
            "1시간이내주요거점역":0,
            "3km이내백화점수":0,
            "5km이내아울렛몰수":0,
            "1km이내대형먀트수":0,
            "500m이내은행수":0,
            "500m이내병원수":0,
            "5km이내대형병원수":0,
            "500m이내공원수":0,
            "3km이내혐오시설수":0,
            "초등학교학업성취도":86.45,
            "중학교학업성취도":78.2,
            "용적률":99,
            "건폐율":12,
            "Y":37.24137,
            "X":127.47317,
            "rank":87.0,
            "area_info":"33평(109.69)",
            "last_sales":"2022-01-09,18000.0,33평(109.69)"
        },
        {
            "index":48,
            "아파트명":"삼원엑스포",
            "투자타입":"일반",
            "전용면적(m2)":"107.08",
            "전용면적(평)":"32평",
            "법정동주소":"경기도 이천시 대월면 초지리 732",
            "도로명주소":"경기도 이천시 대월로 848",
            "세대수":30,
            "입주년차":20,
            "용적률점수":"--",
            "건폐율점수":"--",
            "세대당주차수":30,
            "난방방식":30,
            "공급면적":"--",
            "전용률":"--",
            "욕실수":100,
            "현관타입":100,
            "주거총점":42.0,
            "지역구공급총점":100.0,
            "역세권":0,
            "30분내 이동가능 거점":0,
            "1시간내 이동가능 거점":0,
            "교통총점":0.0,
            "백화점":0,
            "아울렛몰":0,
            "대형마트":0,
            "은행":0,
            "병원":0,
            "종합병원":0,
            "공원":0,
            "혐오시설":0,
            "인프라총점":0.0,
            "초등학군":88.48,
            "중학군":35.1,
            "학군총점":45.776,
            "인구수":24.42,
            "인구증감":13.66,
            "인구총점":21.192,
            "일자리":17.4,
            "소득수준":99.91,
            "일자리총점":42.153,
            "가치 총점":15.2664,
            "매매실거래년":20211230.0,
            "매매실거래가":18200.0,
            "전세실거래년":20211228.0,
            "전세실거래가":16000.0,
            "전세가율":87.91,
            "장기전세가율평균":73.31,
            "전세가율거품지수":-14.6,
            "검색코드":26572,
            "세대수":300.0,
            "준공년월":"2002-07-12",
            "준공년차":21.0,
            "가까운역이름":"부발",
            "가까운역거리":3247.27,
            "역세권여부":"비역세권",
            "30분이내주요거점역":0,
            "1시간이내주요거점역":0,
            "3km이내백화점수":0,
            "5km이내아울렛몰수":0,
            "1km이내대형먀트수":0,
            "500m이내은행수":0,
            "500m이내병원수":0,
            "5km이내대형병원수":0,
            "500m이내공원수":0,
            "3km이내혐오시설수":0,
            "초등학교학업성취도":88.48,
            "중학교학업성취도":58.5,
            "용적률":197,
            "건폐율":19,
            "Y":37.23118,
            "X":127.49447,
            "rank":88.0,
            "area_info":"32평(107.08)",
            "last_sales":"2021-12-30,18200.0,32평(107.08)"
        },
        {
            "index":259,
            "아파트명":"대호3차",
            "투자타입":"일반",
            "전용면적(m2)":"79.39",
            "전용면적(평)":"24평",
            "법정동주소":"경기도 이천시 증포동 351-5",
            "도로명주소":"경기도 이천시 아리역로38번길 10-18",
            "세대수":0,
            "입주년차":0,
            "용적률점수":"--",
            "건폐율점수":"--",
            "세대당주차수":0,
            "난방방식":30,
            "공급면적":"--",
            "전용률":"--",
            "욕실수":50,
            "현관타입":10,
            "주거총점":9.0,
            "지역구공급총점":100.0,
            "역세권":0,
            "30분내 이동가능 거점":0,
            "1시간내 이동가능 거점":0,
            "교통총점":0.0,
            "백화점":0,
            "아울렛몰":0,
            "대형마트":0,
            "은행":0,
            "병원":0,
            "종합병원":80,
            "공원":100,
            "혐오시설":0,
            "인프라총점":19.0,
            "초등학군":92.0,
            "중학군":40.2,
            "학군총점":50.56,
            "인구수":24.42,
            "인구증감":13.66,
            "인구총점":21.192,
            "일자리":17.4,
            "소득수준":99.91,
            "일자리총점":42.153,
            "가치 총점":15.084,
            "매매실거래년":20220117.0,
            "매매실거래가":10000.0,
            "전세실거래년":20211130.0,
            "전세실거래가":12000.0,
            "전세가율":120.0,
            "장기전세가율평균":73.31,
            "전세가율거품지수":-46.69,
            "검색코드":15109,
            "세대수":260.0,
            "준공년월":"1993-09-11",
            "준공년차":30.0,
            "가까운역이름":"이천",
            "가까운역거리":2704.14,
            "역세권여부":"비역세권",
            "30분이내주요거점역":0,
            "1시간이내주요거점역":0,
            "3km이내백화점수":0,
            "5km이내아울렛몰수":0,
            "1km이내대형먀트수":0,
            "500m이내은행수":0,
            "500m이내병원수":0,
            "5km이내대형병원수":1,
            "500m이내공원수":4,
            "3km이내혐오시설수":0,
            "초등학교학업성취도":92.0,
            "중학교학업성취도":67.0,
            "용적률":316,
            "건폐율":24,
            "Y":37.2895,
            "X":127.447766,
            "rank":89.0,
            "area_info":"24평(79.39), 25평(84.15), 26평(87.9), 28평(92.93), 29평(97.96), 31평(103.26), 32평(106.13), 34평(112.99), 36평(120.31)",
            "last_sales":"2022-01-17,10000.0,24평(79.39)"
        },
        {
            "index":240,
            "아파트명":"장호원삼진동산",
            "투자타입":"일반",
            "전용면적(m2)":"84.51",
            "전용면적(평)":"25평",
            "법정동주소":"경기도 이천시 장호원읍 진암리 301-3",
            "도로명주소":"경기도 이천시 서동대로8830번길 6-18",
            "세대수":0,
            "입주년차":0,
            "용적률점수":"--",
            "건폐율점수":"--",
            "세대당주차수":0,
            "난방방식":30,
            "공급면적":"--",
            "전용률":"--",
            "욕실수":50,
            "현관타입":100,
            "주거총점":18.0,
            "지역구공급총점":100.0,
            "역세권":0,
            "30분내 이동가능 거점":0,
            "1시간내 이동가능 거점":0,
            "교통총점":0.0,
            "백화점":0,
            "아울렛몰":0,
            "대형마트":100,
            "은행":0,
            "병원":0,
            "종합병원":0,
            "공원":0,
            "혐오시설":0,
            "인프라총점":15.0,
            "초등학군":86.65,
            "중학군":34.82,
            "학군총점":45.186,
            "인구수":24.42,
            "인구증감":13.66,
            "인구총점":21.192,
            "일자리":17.4,
            "소득수준":99.91,
            "일자리총점":42.153,
            "가치 총점":14.8779,
            "매매실거래년":20211117.0,
            "매매실거래가":9300.0,
            "전세실거래년":20210628.0,
            "전세실거래가":8000.0,
            "전세가율":86.02,
            "장기전세가율평균":73.31,
            "전세가율거품지수":-12.71,
            "검색코드":15087,
            "세대수":172.0,
            "준공년월":"1995-03-29",
            "준공년차":28.0,
            "가까운역이름":"여주",
            "가까운역거리":18766.04,
            "역세권여부":"비역세권",
            "30분이내주요거점역":0,
            "1시간이내주요거점역":0,
            "3km이내백화점수":0,
            "5km이내아울렛몰수":0,
            "1km이내대형먀트수":2,
            "500m이내은행수":0,
            "500m이내병원수":1,
            "5km이내대형병원수":0,
            "500m이내공원수":0,
            "3km이내혐오시설수":0,
            "초등학교학업성취도":86.65,
            "중학교학업성취도":57.7,
            "용적률":264,
            "건폐율":0,
            "Y":37.11428,
            "X":127.61505,
            "rank":90.0,
            "area_info":"25평(84.51)",
            "last_sales":"2021-11-17,9300.0,25평(84.51)"
        },
        {
            "index":78,
            "아파트명":"그린",
            "투자타입":"일반",
            "전용면적(m2)":"69.42",
            "전용면적(평)":"20평",
            "법정동주소":"경기도 이천시 부발읍 무촌리 423",
            "도로명주소":"경기도 이천시 중부대로 1584-26",
            "세대수":0,
            "입주년차":0,
            "용적률점수":"--",
            "건폐율점수":"--",
            "세대당주차수":0,
            "난방방식":30,
            "공급면적":"--",
            "전용률":"--",
            "욕실수":50,
            "현관타입":100,
            "주거총점":18.0,
            "지역구공급총점":100.0,
            "역세권":0,
            "30분내 이동가능 거점":0,
            "1시간내 이동가능 거점":0,
            "교통총점":0.0,
            "백화점":0,
            "아울렛몰":0,
            "대형마트":0,
            "은행":0,
            "병원":0,
            "종합병원":80,
            "공원":0,
            "혐오시설":0,
            "인프라총점":16.0,
            "초등학군":83.86,
            "중학군":30.54,
            "학군총점":41.204,
            "인구수":24.42,
            "인구증감":13.66,
            "인구총점":21.192,
            "일자리":17.4,
            "소득수준":99.91,
            "일자리총점":42.153,
            "가치 총점":14.5806,
            "매매실거래년":20211224.0,
            "매매실거래가":4500.0,
            "전세실거래년":20211007.0,
            "전세실거래가":5000.0,
            "전세가율":111.11,
            "장기전세가율평균":73.31,
            "전세가율거품지수":-37.8,
            "검색코드":22402,
            "세대수":100.0,
            "준공년월":"1995-06-19",
            "준공년차":28.0,
            "가까운역이름":"부발",
            "가까운역거리":2932.24,
            "역세권여부":"비역세권",
            "30분이내주요거점역":0,
            "1시간이내주요거점역":0,
            "3km이내백화점수":0,
            "5km이내아울렛몰수":0,
            "1km이내대형먀트수":0,
            "500m이내은행수":0,
            "500m이내병원수":1,
            "5km이내대형병원수":1,
            "500m이내공원수":0,
            "3km이내혐오시설수":0,
            "초등학교학업성취도":83.86,
            "중학교학업성취도":50.9,
            "용적률":0,
            "건폐율":0,
            "Y":37.28567,
            "X":127.48173,
            "rank":91.0,
            "area_info":"20평(69.42)",
            "last_sales":"2021-12-24,4500.0,20평(69.42)"
        },
        {
            "index":80,
            "아파트명":"다솜마을주은",
            "투자타입":"일반",
            "전용면적(m2)":"48.93",
            "전용면적(평)":"14평",
            "법정동주소":"경기도 이천시 부발읍 응암리 109",
            "도로명주소":"경기도 이천시 경충대로1804번길 70",
            "세대수":50,
            "입주년차":20,
            "용적률점수":"--",
            "건폐율점수":"--",
            "세대당주차수":0,
            "난방방식":30,
            "공급면적":"--",
            "전용률":"--",
            "욕실수":50,
            "현관타입":10,
            "주거총점":30.5,
            "지역구공급총점":100.0,
            "역세권":0,
            "30분내 이동가능 거점":0,
            "1시간내 이동가능 거점":0,
            "교통총점":0.0,
            "백화점":0,
            "아울렛몰":0,
            "대형마트":0,
            "은행":0,
            "병원":0,
            "종합병원":0,
            "공원":0,
            "혐오시설":0,
            "인프라총점":0.0,
            "초등학군":87.22,
            "중학군":47.24,
            "학군총점":55.236,
            "인구수":24.42,
            "인구증감":13.66,
            "인구총점":21.192,
            "일자리":17.4,
            "소득수준":99.91,
            "일자리총점":42.153,
            "가치 총점":14.3854,
            "매매실거래년":20220109.0,
            "매매실거래가":8000.0,
            "전세실거래년":20220117.0,
            "전세실거래가":7500.0,
            "전세가율":93.75,
            "장기전세가율평균":73.31,
            "전세가율거품지수":-20.44,
            "검색코드":101757,
            "세대수":600.0,
            "준공년월":"2001-08-02",
            "준공년차":22.0,
            "가까운역이름":"부발",
            "가까운역거리":3311.61,
            "역세권여부":"비역세권",
            "30분이내주요거점역":0,
            "1시간이내주요거점역":0,
            "3km이내백화점수":0,
            "5km이내아울렛몰수":0,
            "1km이내대형먀트수":0,
            "500m이내은행수":0,
            "500m이내병원수":0,
            "5km이내대형병원수":0,
            "500m이내공원수":0,
            "3km이내혐오시설수":0,
            "초등학교학업성취도":87.22,
            "중학교학업성취도":78.2,
            "용적률":153,
            "건폐율":13,
            "Y":37.240011,
            "X":127.517792,
            "rank":92.0,
            "area_info":"14평(48.93), 19평(65.25)",
            "last_sales":"2022-01-09,8000.0,14평(48.93)"
        },
        {
            "index":71,
            "아파트명":"한솔",
            "투자타입":"일반",
            "전용면적(m2)":"51.48",
            "전용면적(평)":"15평",
            "법정동주소":"경기도 이천시 백사면 조읍리 627",
            "도로명주소":"경기도 이천시 이여로 260-8",
            "세대수":50,
            "입주년차":20,
            "용적률점수":"--",
            "건폐율점수":"--",
            "세대당주차수":0,
            "난방방식":30,
            "공급면적":"--",
            "전용률":"--",
            "욕실수":50,
            "현관타입":10,
            "주거총점":30.5,
            "지역구공급총점":100.0,
            "역세권":0,
            "30분내 이동가능 거점":0,
            "1시간내 이동가능 거점":0,
            "교통총점":0.0,
            "백화점":0,
            "아울렛몰":0,
            "대형마트":0,
            "은행":0,
            "병원":0,
            "종합병원":0,
            "공원":0,
            "혐오시설":0,
            "인프라총점":0.0,
            "초등학군":93.32,
            "중학군":42.18,
            "학군총점":52.408,
            "인구수":24.42,
            "인구증감":13.66,
            "인구총점":21.192,
            "일자리":17.4,
            "소득수준":99.91,
            "일자리총점":42.153,
            "가치 총점":13.9612,
            "매매실거래년":20211229.0,
            "매매실거래가":8300.0,
            "전세실거래년":20211121.0,
            "전세실거래가":7500.0,
            "전세가율":90.36,
            "장기전세가율평균":73.31,
            "전세가율거품지수":-17.05,
            "검색코드":26531,
            "세대수":476.0,
            "준공년월":"2001-02-02",
            "준공년차":22.0,
            "가까운역이름":"신둔도예촌",
            "가까운역거리":5950.22,
            "역세권여부":"비역세권",
            "30분이내주요거점역":0,
            "1시간이내주요거점역":0,
            "3km이내백화점수":0,
            "5km이내아울렛몰수":0,
            "1km이내대형먀트수":0,
            "500m이내은행수":0,
            "500m이내병원수":0,
            "5km이내대형병원수":0,
            "500m이내공원수":0,
            "3km이내혐오시설수":0,
            "초등학교학업성취도":93.32,
            "중학교학업성취도":68.9,
            "용적률":193,
            "건폐율":16,
            "Y":37.31917,
            "X":127.472,
            "rank":93.0,
            "area_info":"15평(51.48), 19평(64.39), 20평(67.8), 23평(76.56), 25평(82.71)",
            "last_sales":"2021-12-29,8300.0,15평(51.48)"
        },
        {
            "index":231,
            "아파트명":"기산",
            "투자타입":"일반",
            "전용면적(m2)":"81.21",
            "전용면적(평)":"24평",
            "법정동주소":"경기도 이천시 장호원읍 노탑리 193-1",
            "도로명주소":"경기도 이천시 장여로55번길 40-10",
            "세대수":0,
            "입주년차":0,
            "용적률점수":"--",
            "건폐율점수":"--",
            "세대당주차수":0,
            "난방방식":30,
            "공급면적":"--",
            "전용률":"--",
            "욕실수":50,
            "현관타입":10,
            "주거총점":9.0,
            "지역구공급총점":100.0,
            "역세권":0,
            "30분내 이동가능 거점":0,
            "1시간내 이동가능 거점":0,
            "교통총점":0.0,
            "백화점":0,
            "아울렛몰":0,
            "대형마트":100,
            "은행":0,
            "병원":10,
            "종합병원":0,
            "공원":0,
            "혐오시설":0,
            "인프라총점":16.0,
            "초등학군":86.65,
            "중학군":34.82,
            "학군총점":45.186,
            "인구수":24.42,
            "인구증감":13.66,
            "인구총점":21.192,
            "일자리":17.4,
            "소득수준":99.91,
            "일자리총점":42.153,
            "가치 총점":13.3779,
            "매매실거래년":20211115.0,
            "매매실거래가":9000.0,
            "전세실거래년":20200114.0,
            "전세실거래가":4000.0,
            "전세가율":44.44,
            "장기전세가율평균":73.31,
            "전세가율거품지수":28.87,
            "검색코드":15084,
            "세대수":175.0,
            "준공년월":"1997-05-23",
            "준공년차":26.0,
            "가까운역이름":"여주",
            "가까운역거리":17842.47,
            "역세권여부":"비역세권",
            "30분이내주요거점역":0,
            "1시간이내주요거점역":0,
            "3km이내백화점수":0,
            "5km이내아울렛몰수":0,
            "1km이내대형먀트수":2,
            "500m이내은행수":0,
            "500m이내병원수":2,
            "5km이내대형병원수":0,
            "500m이내공원수":0,
            "3km이내혐오시설수":0,
            "초등학교학업성취도":86.65,
            "중학교학업성취도":57.7,
            "용적률":299,
            "건폐율":23,
            "Y":37.12224,
            "X":127.62866,
            "rank":94.0,
            "area_info":"24평(81.21), 30평(100.78)",
            "last_sales":"2021-11-15,9000.0,24평(81.21)"
        },
        {
            "index":122,
            "아파트명":"현광",
            "투자타입":"일반",
            "전용면적(m2)":"82.42",
            "전용면적(평)":"24평",
            "법정동주소":"경기도 이천시 부발읍 마암리 1-1",
            "도로명주소":"경기도 이천시 무촌로 81",
            "세대수":0,
            "입주년차":0,
            "용적률점수":"--",
            "건폐율점수":"--",
            "세대당주차수":0,
            "난방방식":30,
            "공급면적":"--",
            "전용률":"--",
            "욕실수":50,
            "현관타입":10,
            "주거총점":9.0,
            "지역구공급총점":100.0,
            "역세권":0,
            "30분내 이동가능 거점":0,
            "1시간내 이동가능 거점":0,
            "교통총점":0.0,
            "백화점":0,
            "아울렛몰":0,
            "대형마트":0,
            "은행":0,
            "병원":10,
            "종합병원":80,
            "공원":0,
            "혐오시설":0,
            "인프라총점":17.0,
            "초등학군":83.86,
            "중학군":30.54,
            "학군총점":41.204,
            "인구수":24.42,
            "인구증감":13.66,
            "인구총점":21.192,
            "일자리":17.4,
            "소득수준":99.91,
            "일자리총점":42.153,
            "가치 총점":13.0806,
            "매매실거래년":20211213.0,
            "매매실거래가":9500.0,
            "전세실거래년":20210303.0,
            "전세실거래가":6500.0,
            "전세가율":68.42,
            "장기전세가율평균":73.31,
            "전세가율거품지수":4.89,
            "검색코드":15074,
            "세대수":134.0,
            "준공년월":"1995-12-09",
            "준공년차":28.0,
            "가까운역이름":"부발",
            "가까운역거리":2531.34,
            "역세권여부":"비역세권",
            "30분이내주요거점역":0,
            "1시간이내주요거점역":0,
            "3km이내백화점수":0,
            "5km이내아울렛몰수":0,
            "1km이내대형먀트수":0,
            "500m이내은행수":0,
            "500m이내병원수":3,
            "5km이내대형병원수":1,
            "500m이내공원수":0,
            "3km이내혐오시설수":0,
            "초등학교학업성취도":83.86,
            "중학교학업성취도":50.9,
            "용적률":303,
            "건폐율":31,
            "Y":37.28207,
            "X":127.48237,
            "rank":95.0,
            "area_info":"24평(82.42), 35평(116.56)",
            "last_sales":"2021-12-13,9500.0,24평(82.42)"
        },
        {
            "index":60,
            "아파트명":"성진",
            "투자타입":"일반",
            "전용면적(m2)":"42.97",
            "전용면적(평)":"12평",
            "법정동주소":"경기도 이천시 마장면 덕평리 122",
            "도로명주소":"경기도 이천시 덕평로 840",
            "세대수":0,
            "입주년차":20,
            "용적률점수":"--",
            "건폐율점수":"--",
            "세대당주차수":0,
            "난방방식":30,
            "공급면적":"--",
            "전용률":"--",
            "욕실수":50,
            "현관타입":10,
            "주거총점":13.0,
            "지역구공급총점":100.0,
            "역세권":0,
            "30분내 이동가능 거점":0,
            "1시간내 이동가능 거점":0,
            "교통총점":0.0,
            "백화점":0,
            "아울렛몰":80,
            "대형마트":0,
            "은행":0,
            "병원":0,
            "종합병원":0,
            "공원":0,
            "혐오시설":0,
            "인프라총점":8.0,
            "초등학군":97.31,
            "중학군":35.7,
            "학군총점":48.022,
            "인구수":24.42,
            "인구증감":13.66,
            "인구총점":21.192,
            "일자리":17.4,
            "소득수준":99.91,
            "일자리총점":42.153,
            "가치 총점":12.2033,
            "매매실거래년":20220110.0,
            "매매실거래가":3200.0,
            "전세실거래년":20200808.0,
            "전세실거래가":3465.0,
            "전세가율":108.28,
            "장기전세가율평균":73.31,
            "전세가율거품지수":-34.97,
            "검색코드":101573,
            "세대수":167.0,
            "준공년월":"2000-03-01",
            "준공년차":23.0,
            "가까운역이름":"이천",
            "가까운역거리":7523.79,
            "역세권여부":"비역세권",
            "30분이내주요거점역":0,
            "1시간이내주요거점역":0,
            "3km이내백화점수":0,
            "5km이내아울렛몰수":1,
            "1km이내대형먀트수":0,
            "500m이내은행수":0,
            "500m이내병원수":0,
            "5km이내대형병원수":0,
            "500m이내공원수":0,
            "3km이내혐오시설수":0,
            "초등학교학업성취도":97.31,
            "중학교학업성취도":59.5,
            "용적률":0,
            "건폐율":0,
            "Y":37.233877,
            "X":127.367164,
            "rank":96.0,
            "area_info":"12평(42.97), 21평(72.72), 30평(102.47)",
            "last_sales":"2022-01-10,3200.0,12평(42.97)"
        },
        {
            "index":237,
            "아파트명":"송전더존빌",
            "투자타입":"일반",
            "전용면적(m2)":"63.09",
            "전용면적(평)":"19평",
            "법정동주소":"경기도 이천시 장호원읍 진암리 778",
            "도로명주소":"경기도 이천시 서동대로 8694-55",
            "세대수":0,
            "입주년차":40,
            "용적률점수":"--",
            "건폐율점수":"--",
            "세대당주차수":0,
            "난방방식":30,
            "공급면적":"--",
            "전용률":"--",
            "욕실수":50,
            "현관타입":10,
            "주거총점":17.0,
            "지역구공급총점":100.0,
            "역세권":0,
            "30분내 이동가능 거점":0,
            "1시간내 이동가능 거점":0,
            "교통총점":0.0,
            "백화점":0,
            "아울렛몰":0,
            "대형마트":0,
            "은행":0,
            "병원":0,
            "종합병원":0,
            "공원":0,
            "혐오시설":0,
            "인프라총점":0.0,
            "초등학군":86.65,
            "중학군":34.82,
            "학군총점":45.186,
            "인구수":24.42,
            "인구증감":13.66,
            "인구총점":21.192,
            "일자리":17.4,
            "소득수준":99.91,
            "일자리총점":42.153,
            "가치 총점":10.1779,
            "매매실거래년":20211229.0,
            "매매실거래가":7250.0,
            "전세실거래년":20210904.0,
            "전세실거래가":4500.0,
            "전세가율":62.07,
            "장기전세가율평균":73.31,
            "전세가율거품지수":11.24,
            "검색코드":102193,
            "세대수":220.0,
            "준공년월":"2007-10-05",
            "준공년차":16.0,
            "가까운역이름":"여주",
            "가까운역거리":19126.02,
            "역세권여부":"비역세권",
            "30분이내주요거점역":0,
            "1시간이내주요거점역":0,
            "3km이내백화점수":0,
            "5km이내아울렛몰수":0,
            "1km이내대형먀트수":0,
            "500m이내은행수":0,
            "500m이내병원수":0,
            "5km이내대형병원수":0,
            "500m이내공원수":0,
            "3km이내혐오시설수":0,
            "초등학교학업성취도":86.65,
            "중학교학업성취도":57.7,
            "용적률":98,
            "건폐율":13,
            "Y":37.111855,
            "X":127.603591,
            "rank":97.0,
            "area_info":"19평(63.09)",
            "last_sales":"2021-12-29,7250.0,19평(63.09)"
        }
    ]
}