{
    "schema":{
        "fields":[
            {
                "name":"index",
                "type":"integer"
            },
            {
                "name":"아파트명",
                "type":"string"
            },
            {
                "name":"투자타입",
                "type":"string"
            },
            {
                "name":"전용면적(m2)",
                "type":"string"
            },
            {
                "name":"전용면적(평)",
                "type":"string"
            },
            {
                "name":"법정동주소",
                "type":"string"
            },
            {
                "name":"도로명주소",
                "type":"string"
            },
            {
                "name":"세대수",
                "type":"integer"
            },
            {
                "name":"입주년차",
                "type":"integer"
            },
            {
                "name":"용적률점수",
                "type":"string"
            },
            {
                "name":"건폐율점수",
                "type":"string"
            },
            {
                "name":"세대당주차수",
                "type":"integer"
            },
            {
                "name":"난방방식",
                "type":"integer"
            },
            {
                "name":"공급면적",
                "type":"string"
            },
            {
                "name":"전용률",
                "type":"string"
            },
            {
                "name":"욕실수",
                "type":"integer"
            },
            {
                "name":"현관타입",
                "type":"integer"
            },
            {
                "name":"주거총점",
                "type":"number"
            },
            {
                "name":"지역구공급총점",
                "type":"number"
            },
            {
                "name":"역세권",
                "type":"integer"
            },
            {
                "name":"30분내 이동가능 거점",
                "type":"integer"
            },
            {
                "name":"1시간내 이동가능 거점",
                "type":"integer"
            },
            {
                "name":"교통총점",
                "type":"number"
            },
            {
                "name":"백화점",
                "type":"integer"
            },
            {
                "name":"아울렛몰",
                "type":"integer"
            },
            {
                "name":"대형마트",
                "type":"integer"
            },
            {
                "name":"은행",
                "type":"integer"
            },
            {
                "name":"병원",
                "type":"integer"
            },
            {
                "name":"종합병원",
                "type":"integer"
            },
            {
                "name":"공원",
                "type":"integer"
            },
            {
                "name":"혐오시설",
                "type":"integer"
            },
            {
                "name":"인프라총점",
                "type":"number"
            },
            {
                "name":"초등학군",
                "type":"number"
            },
            {
                "name":"중학군",
                "type":"number"
            },
            {
                "name":"학군총점",
                "type":"number"
            },
            {
                "name":"인구수",
                "type":"number"
            },
            {
                "name":"인구증감",
                "type":"number"
            },
            {
                "name":"인구총점",
                "type":"number"
            },
            {
                "name":"일자리",
                "type":"number"
            },
            {
                "name":"소득수준",
                "type":"number"
            },
            {
                "name":"일자리총점",
                "type":"number"
            },
            {
                "name":"가치 총점",
                "type":"number"
            },
            {
                "name":"매매실거래년",
                "type":"string"
            },
            {
                "name":"매매실거래가",
                "type":"number"
            },
            {
                "name":"전세실거래년",
                "type":"number"
            },
            {
                "name":"전세실거래가",
                "type":"number"
            },
            {
                "name":"전세가율",
                "type":"number"
            },
            {
                "name":"장기전세가율평균",
                "type":"number"
            },
            {
                "name":"전세가율거품지수",
                "type":"number"
            },
            {
                "name":"검색코드",
                "type":"integer"
            },
            {
                "name":"세대수",
                "type":"number"
            },
            {
                "name":"준공년월",
                "type":"string"
            },
            {
                "name":"준공년차",
                "type":"number"
            },
            {
                "name":"가까운역이름",
                "type":"string"
            },
            {
                "name":"가까운역거리",
                "type":"number"
            },
            {
                "name":"역세권여부",
                "type":"string"
            },
            {
                "name":"30분이내주요거점역",
                "type":"integer"
            },
            {
                "name":"1시간이내주요거점역",
                "type":"integer"
            },
            {
                "name":"3km이내백화점수",
                "type":"integer"
            },
            {
                "name":"5km이내아울렛몰수",
                "type":"integer"
            },
            {
                "name":"1km이내대형먀트수",
                "type":"integer"
            },
            {
                "name":"500m이내은행수",
                "type":"integer"
            },
            {
                "name":"500m이내병원수",
                "type":"integer"
            },
            {
                "name":"5km이내대형병원수",
                "type":"integer"
            },
            {
                "name":"500m이내공원수",
                "type":"integer"
            },
            {
                "name":"3km이내혐오시설수",
                "type":"integer"
            },
            {
                "name":"초등학교학업성취도",
                "type":"number"
            },
            {
                "name":"중학교학업성취도",
                "type":"number"
            },
            {
                "name":"용적률",
                "type":"integer"
            },
            {
                "name":"건폐율",
                "type":"integer"
            },
            {
                "name":"Y",
                "type":"number"
            },
            {
                "name":"X",
                "type":"number"
            },
            {
                "name":"rank",
                "type":"number"
            },
            {
                "name":"area_info",
                "type":"string"
            },
            {
                "name":"last_sales",
                "type":"string"
            }
        ],
        "primaryKey":[
            "index"
        ],
        "pandas_version":"1.4.0"
    },
    "data":[
        {
            "index":40,
            "아파트명":"우남퍼스트빌",
            "투자타입":"일반",
            "전용면적(m2)":"107.98",
            "전용면적(평)":"32평",
            "법정동주소":"경기도 광주시 삼동 504",
            "도로명주소":"경기도 광주시 고불로 453",
            "세대수":30,
            "입주년차":40,
            "용적률점수":"--",
            "건폐율점수":"--",
            "세대당주차수":30,
            "난방방식":30,
            "공급면적":"--",
            "전용률":"--",
            "욕실수":100,
            "현관타입":100,
            "주거총점":46.0,
            "지역구공급총점":0.0,
            "역세권":80,
            "30분내 이동가능 거점":60,
            "1시간내 이동가능 거점":100,
            "교통총점":78.0,
            "백화점":0,
            "아울렛몰":0,
            "대형마트":0,
            "은행":0,
            "병원":10,
            "종합병원":80,
            "공원":0,
            "혐오시설":0,
            "인프라총점":17.0,
            "초등학군":88.43,
            "중학군":38.44,
            "학군총점":48.438,
            "인구수":42.82,
            "인구증감":12.58,
            "인구총점":33.748,
            "일자리":18.0,
            "소득수준":54.28,
            "일자리총점":28.884,
            "가치 총점":48.8657,
            "매매실거래년":20211009.0,
            "매매실거래가":69000.0,
            "전세실거래년":20211218.0,
            "전세실거래가":24000.0,
            "전세가율":34.78,
            "장기전세가율평균":65.52,
            "전세가율거품지수":30.74,
            "검색코드":10277,
            "세대수":343.0,
            "준공년월":"2004-06-25",
            "준공년차":19.0,
            "가까운역이름":"삼동",
            "가까운역거리":375.0,
            "역세권여부":"역세권",
            "30분이내주요거점역":3,
            "1시간이내주요거점역":10,
            "3km이내백화점수":0,
            "5km이내아울렛몰수":0,
            "1km이내대형먀트수":0,
            "500m이내은행수":0,
            "500m이내병원수":2,
            "5km이내대형병원수":1,
            "500m이내공원수":0,
            "3km이내혐오시설수":0,
            "초등학교학업성취도":88.43,
            "중학교학업성취도":63.6,
            "용적률":175,
            "건폐율":16,
            "Y":37.408987,
            "X":127.199168,
            "rank":1.0,
            "area_info":"32평(107.98)",
            "last_sales":"2021-10-09,69000.0,32평(107.98)"
        },
        {
            "index":248,
            "아파트명":"광주초월동광모닝스카이",
            "투자타입":"일반",
            "전용면적(m2)":"111.85",
            "전용면적(평)":"33평",
            "법정동주소":"경기도 광주시 초월읍 쌍동리 392",
            "도로명주소":"경기도 광주시 경충대로1127번길 15",
            "세대수":30,
            "입주년차":40,
            "용적률점수":"--",
            "건폐율점수":"--",
            "세대당주차수":30,
            "난방방식":30,
            "공급면적":"--",
            "전용률":"--",
            "욕실수":100,
            "현관타입":100,
            "주거총점":46.0,
            "지역구공급총점":0.0,
            "역세권":80,
            "30분내 이동가능 거점":20,
            "1시간내 이동가능 거점":60,
            "교통총점":58.0,
            "백화점":0,
            "아울렛몰":0,
            "대형마트":0,
            "은행":0,
            "병원":10,
            "종합병원":80,
            "공원":0,
            "혐오시설":0,
            "인프라총점":17.0,
            "초등학군":92.84,
            "중학군":42.36,
            "학군총점":52.456,
            "인구수":42.82,
            "인구증감":12.58,
            "인구총점":33.748,
            "일자리":18.0,
            "소득수준":54.28,
            "일자리총점":28.884,
            "가치 총점":42.4684,
            "매매실거래년":20211218.0,
            "매매실거래가":46800.0,
            "전세실거래년":20220115.0,
            "전세실거래가":32000.0,
            "전세가율":68.38,
            "장기전세가율평균":65.52,
            "전세가율거품지수":-2.86,
            "검색코드":18943,
            "세대수":378.0,
            "준공년월":"2005-07-29",
            "준공년차":18.0,
            "가까운역이름":"초월",
            "가까운역거리":448.07,
            "역세권여부":"역세권",
            "30분이내주요거점역":1,
            "1시간이내주요거점역":6,
            "3km이내백화점수":0,
            "5km이내아울렛몰수":0,
            "1km이내대형먀트수":0,
            "500m이내은행수":1,
            "500m이내병원수":3,
            "5km이내대형병원수":1,
            "500m이내공원수":0,
            "3km이내혐오시설수":0,
            "초등학교학업성취도":92.84,
            "중학교학업성취도":70.2,
            "용적률":169,
            "건폐율":14,
            "Y":37.376634,
            "X":127.294764,
            "rank":2.0,
            "area_info":"33평(111.85), 39평(131.92)",
            "last_sales":"2021-12-18,46800.0,33평(111.85)"
        },
        {
            "index":5,
            "아파트명":"광주금호리첸시아",
            "투자타입":"일반",
            "전용면적(m2)":"86.25",
            "전용면적(평)":"26평",
            "법정동주소":"경기도 광주시 경안동 447",
            "도로명주소":"경기도 광주시 경안로41번길 6",
            "세대수":50,
            "입주년차":100,
            "용적률점수":"--",
            "건폐율점수":"--",
            "세대당주차수":30,
            "난방방식":30,
            "공급면적":"--",
            "전용률":"--",
            "욕실수":100,
            "현관타입":100,
            "주거총점":65.0,
            "지역구공급총점":0.0,
            "역세권":0,
            "30분내 이동가능 거점":20,
            "1시간내 이동가능 거점":60,
            "교통총점":18.0,
            "백화점":0,
            "아울렛몰":0,
            "대형마트":80,
            "은행":100,
            "병원":100,
            "종합병원":80,
            "공원":100,
            "혐오시설":-100,
            "인프라총점":49.0,
            "초등학군":88.8,
            "중학군":39.98,
            "학군총점":49.744,
            "인구수":42.82,
            "인구증감":12.58,
            "인구총점":33.748,
            "일자리":18.0,
            "소득수준":54.28,
            "일자리총점":28.884,
            "가치 총점":41.4616,
            "매매실거래년":20210925.0,
            "매매실거래가":49110.0,
            "전세실거래년":null,
            "전세실거래가":null,
            "전세가율":null,
            "장기전세가율평균":65.52,
            "전세가율거품지수":null,
            "검색코드":126500,
            "세대수":447.0,
            "준공년월":"2021-08-01",
            "준공년차":2.0,
            "가까운역이름":"삼동",
            "가까운역거리":4678.82,
            "역세권여부":"비역세권",
            "30분이내주요거점역":1,
            "1시간이내주요거점역":6,
            "3km이내백화점수":0,
            "5km이내아울렛몰수":0,
            "1km이내대형먀트수":1,
            "500m이내은행수":7,
            "500m이내병원수":66,
            "5km이내대형병원수":1,
            "500m이내공원수":2,
            "3km이내혐오시설수":2,
            "초등학교학업성취도":88.8,
            "중학교학업성취도":66.5,
            "용적률":464,
            "건폐율":0,
            "Y":37.408362,
            "X":127.256313,
            "rank":3.0,
            "area_info":"26평(86.25), 27평(90.25), 27평(90.15), 28평(93.18), 29평(96.82), 32평(106.05), 33평(110.05), 33평(110.71), 35평(118.34)",
            "last_sales":"2021-09-25,49110.0,32평(106.05)"
        },
        {
            "index":127,
            "아파트명":"e편한세상태재1단지",
            "투자타입":"일반",
            "전용면적(m2)":"111.13",
            "전용면적(평)":"33평",
            "법정동주소":"경기도 광주시 오포읍 신현리 1236",
            "도로명주소":"경기도 광주시 태재로 20-15",
            "세대수":50,
            "입주년차":80,
            "용적률점수":"--",
            "건폐율점수":"--",
            "세대당주차수":60,
            "난방방식":30,
            "공급면적":"--",
            "전용률":"--",
            "욕실수":100,
            "현관타입":100,
            "주거총점":65.5,
            "지역구공급총점":0.0,
            "역세권":0,
            "30분내 이동가능 거점":40,
            "1시간내 이동가능 거점":90,
            "교통총점":30.0,
            "백화점":0,
            "아울렛몰":0,
            "대형마트":0,
            "은행":0,
            "병원":60,
            "종합병원":100,
            "공원":80,
            "혐오시설":0,
            "인프라총점":28.4,
            "초등학군":89.44,
            "중학군":48.22,
            "학군총점":56.464,
            "인구수":42.82,
            "인구증감":12.58,
            "인구총점":33.748,
            "일자리":18.0,
            "소득수준":54.28,
            "일자리총점":28.884,
            "가치 총점":40.5896,
            "매매실거래년":20211109.0,
            "매매실거래가":79000.0,
            "전세실거래년":20211231.0,
            "전세실거래가":50000.0,
            "전세가율":63.29,
            "장기전세가율평균":65.52,
            "전세가율거품지수":2.23,
            "검색코드":114732,
            "세대수":480.0,
            "준공년월":"2018-07-24",
            "준공년차":5.0,
            "가까운역이름":"서현",
            "가까운역거리":4102.15,
            "역세권여부":"비역세권",
            "30분이내주요거점역":2,
            "1시간이내주요거점역":9,
            "3km이내백화점수":0,
            "5km이내아울렛몰수":0,
            "1km이내대형먀트수":0,
            "500m이내은행수":0,
            "500m이내병원수":12,
            "5km이내대형병원수":3,
            "500m이내공원수":1,
            "3km이내혐오시설수":0,
            "초등학교학업성취도":89.44,
            "중학교학업성취도":79.1,
            "용적률":183,
            "건폐율":17,
            "Y":37.357922,
            "X":127.154947,
            "rank":4.0,
            "area_info":"33평(111.13), 41평(137.25), 67평(224.05)",
            "last_sales":"2021-11-09,79000.0,33평(111.13)"
        },
        {
            "index":273,
            "아파트명":"초월롯데낙천대2단지",
            "투자타입":"일반",
            "전용면적(m2)":"95.89",
            "전용면적(평)":"29평",
            "법정동주소":"경기도 광주시 초월읍 쌍동리 389",
            "도로명주소":"경기도 광주시 경충대로 1067",
            "세대수":50,
            "입주년차":40,
            "용적률점수":"--",
            "건폐율점수":"--",
            "세대당주차수":30,
            "난방방식":30,
            "공급면적":"--",
            "전용률":"--",
            "욕실수":100,
            "현관타입":100,
            "주거총점":53.0,
            "지역구공급총점":0.0,
            "역세권":80,
            "30분내 이동가능 거점":20,
            "1시간내 이동가능 거점":70,
            "교통총점":60.0,
            "백화점":0,
            "아울렛몰":0,
            "대형마트":0,
            "은행":0,
            "병원":10,
            "종합병원":0,
            "공원":0,
            "혐오시설":0,
            "인프라총점":1.0,
            "초등학군":92.84,
            "중학군":42.36,
            "학군총점":52.456,
            "인구수":42.82,
            "인구증감":12.58,
            "인구총점":33.748,
            "일자리":18.0,
            "소득수준":54.28,
            "일자리총점":28.884,
            "가치 총점":39.7684,
            "매매실거래년":20211221.0,
            "매매실거래가":59300.0,
            "전세실거래년":20211120.0,
            "전세실거래가":23100.0,
            "전세가율":44.85,
            "장기전세가율평균":65.52,
            "전세가율거품지수":20.67,
            "검색코드":26036,
            "세대수":418.0,
            "준공년월":"2004-07-30",
            "준공년차":19.0,
            "가까운역이름":"초월",
            "가까운역거리":210.11,
            "역세권여부":"역세권",
            "30분이내주요거점역":1,
            "1시간이내주요거점역":7,
            "3km이내백화점수":0,
            "5km이내아울렛몰수":0,
            "1km이내대형먀트수":0,
            "500m이내은행수":1,
            "500m이내병원수":3,
            "5km이내대형병원수":0,
            "500m이내공원수":0,
            "3km이내혐오시설수":0,
            "초등학교학업성취도":92.84,
            "중학교학업성취도":70.2,
            "용적률":191,
            "건폐율":17,
            "Y":37.37267,
            "X":127.2981,
            "rank":5.0,
            "area_info":"29평(95.89), 32평(107.27)",
            "last_sales":"2021-12-21,59300.0,32평(107.27)"
        },
        {
            "index":277,
            "아파트명":"초월역모아미래도파크힐스",
            "투자타입":"일반",
            "전용면적(m2)":"98.93",
            "전용면적(평)":"29평",
            "법정동주소":"경기도 광주시 초월읍 쌍동리 395",
            "도로명주소":"경기도 광주시 경충대로1127번길 21-1",
            "세대수":50,
            "입주년차":100,
            "용적률점수":"--",
            "건폐율점수":"--",
            "세대당주차수":30,
            "난방방식":30,
            "공급면적":"--",
            "전용률":"--",
            "욕실수":100,
            "현관타입":100,
            "주거총점":65.0,
            "지역구공급총점":0.0,
            "역세권":50,
            "30분내 이동가능 거점":0,
            "1시간내 이동가능 거점":60,
            "교통총점":37.0,
            "백화점":0,
            "아울렛몰":0,
            "대형마트":0,
            "은행":0,
            "병원":0,
            "종합병원":80,
            "공원":0,
            "혐오시설":0,
            "인프라총점":16.0,
            "초등학군":92.84,
            "중학군":42.36,
            "학군총점":52.456,
            "인구수":42.82,
            "인구증감":12.58,
            "인구총점":33.748,
            "일자리":18.0,
            "소득수준":54.28,
            "일자리총점":28.884,
            "가치 총점":38.6184,
            "매매실거래년":20210625.0,
            "매매실거래가":63000.0,
            "전세실거래년":20210807.0,
            "전세실거래가":41000.0,
            "전세가율":71.06,
            "장기전세가율평균":65.52,
            "전세가율거품지수":-5.54,
            "검색코드":118872,
            "세대수":587.0,
            "준공년월":"2020-07-31",
            "준공년차":3.0,
            "가까운역이름":"초월",
            "가까운역거리":684.33,
            "역세권여부":"준역세권",
            "30분이내주요거점역":0,
            "1시간이내주요거점역":6,
            "3km이내백화점수":0,
            "5km이내아울렛몰수":0,
            "1km이내대형먀트수":0,
            "500m이내은행수":0,
            "500m이내병원수":0,
            "5km이내대형병원수":1,
            "500m이내공원수":0,
            "3km이내혐오시설수":0,
            "초등학교학업성취도":92.84,
            "중학교학업성취도":70.2,
            "용적률":192,
            "건폐율":14,
            "Y":37.376216,
            "X":127.291593,
            "rank":6.0,
            "area_info":"29평(98.93), 29평(98.75), 33평(111.28), 33평(112.1), 33평(112.25)",
            "last_sales":"2021-06-25,63000.0,33평(112.1)"
        },
        {
            "index":275,
            "아파트명":"초월롯데캐슬",
            "투자타입":"일반",
            "전용면적(m2)":"95.8",
            "전용면적(평)":"28평",
            "법정동주소":"경기도 광주시 초월읍 쌍동리 390",
            "도로명주소":"경기도 광주시 경충대로 1065",
            "세대수":30,
            "입주년차":40,
            "용적률점수":"--",
            "건폐율점수":"--",
            "세대당주차수":30,
            "난방방식":30,
            "공급면적":"--",
            "전용률":"--",
            "욕실수":100,
            "현관타입":100,
            "주거총점":46.0,
            "지역구공급총점":0.0,
            "역세권":80,
            "30분내 이동가능 거점":20,
            "1시간내 이동가능 거점":70,
            "교통총점":60.0,
            "백화점":0,
            "아울렛몰":0,
            "대형마트":0,
            "은행":0,
            "병원":10,
            "종합병원":0,
            "공원":0,
            "혐오시설":0,
            "인프라총점":1.0,
            "초등학군":92.84,
            "중학군":42.36,
            "학군총점":52.456,
            "인구수":42.82,
            "인구증감":12.58,
            "인구총점":33.748,
            "일자리":18.0,
            "소득수준":54.28,
            "일자리총점":28.884,
            "가치 총점":38.3684,
            "매매실거래년":20211206.0,
            "매매실거래가":62000.0,
            "전세실거래년":20210703.0,
            "전세실거래가":39000.0,
            "전세가율":76.47,
            "장기전세가율평균":65.52,
            "전세가율거품지수":-10.95,
            "검색코드":10460,
            "세대수":398.0,
            "준공년월":"2004-07-30",
            "준공년차":19.0,
            "가까운역이름":"초월",
            "가까운역거리":278.69,
            "역세권여부":"역세권",
            "30분이내주요거점역":1,
            "1시간이내주요거점역":7,
            "3km이내백화점수":0,
            "5km이내아울렛몰수":0,
            "1km이내대형먀트수":0,
            "500m이내은행수":1,
            "500m이내병원수":3,
            "5km이내대형병원수":0,
            "500m이내공원수":0,
            "3km이내혐오시설수":0,
            "초등학교학업성취도":92.84,
            "중학교학업성취도":70.2,
            "용적률":191,
            "건폐율":17,
            "Y":37.371921,
            "X":127.299257,
            "rank":7.0,
            "area_info":"28평(95.8), 32평(107.26)",
            "last_sales":"2021-12-06,62000.0,32평(107.26)"
        },
        {
            "index":123,
            "아파트명":"e편한세상오포3차",
            "투자타입":"일반",
            "전용면적(m2)":"78.98",
            "전용면적(평)":"23평",
            "법정동주소":"경기도 광주시 오포읍 신현리 1232",
            "도로명주소":"경기도 광주시 신현로 20",
            "세대수":30,
            "입주년차":80,
            "용적률점수":"--",
            "건폐율점수":"--",
            "세대당주차수":30,
            "난방방식":30,
            "공급면적":"--",
            "전용률":"--",
            "욕실수":100,
            "현관타입":100,
            "주거총점":54.0,
            "지역구공급총점":0.0,
            "역세권":0,
            "30분내 이동가능 거점":40,
            "1시간내 이동가능 거점":90,
            "교통총점":30.0,
            "백화점":0,
            "아울렛몰":0,
            "대형마트":0,
            "은행":0,
            "병원":30,
            "종합병원":100,
            "공원":80,
            "혐오시설":0,
            "인프라총점":25.4,
            "초등학군":90.0,
            "중학군":48.22,
            "학군총점":56.576,
            "인구수":42.82,
            "인구증감":12.58,
            "인구총점":33.748,
            "일자리":18.0,
            "소득수준":54.28,
            "일자리총점":28.884,
            "가치 총점":37.4064,
            "매매실거래년":20210927.0,
            "매매실거래가":75000.0,
            "전세실거래년":20210814.0,
            "전세실거래가":43000.0,
            "전세가율":67.19,
            "장기전세가율평균":65.52,
            "전세가율거품지수":-1.67,
            "검색코드":109521,
            "세대수":336.0,
            "준공년월":"2016-10-31",
            "준공년차":7.0,
            "가까운역이름":"서현",
            "가까운역거리":3703.98,
            "역세권여부":"비역세권",
            "30분이내주요거점역":2,
            "1시간이내주요거점역":9,
            "3km이내백화점수":0,
            "5km이내아울렛몰수":0,
            "1km이내대형먀트수":0,
            "500m이내은행수":0,
            "500m이내병원수":7,
            "5km이내대형병원수":3,
            "500m이내공원수":1,
            "3km이내혐오시설수":0,
            "초등학교학업성취도":90.0,
            "중학교학업성취도":79.1,
            "용적률":151,
            "건폐율":16,
            "Y":37.359254,
            "X":127.149994,
            "rank":8.0,
            "area_info":"23평(78.98), 23평(79.01), 31평(103.15), 31평(105.04)",
            "last_sales":"2021-09-27,75000.0,31평(105.04)"
        },
        {
            "index":33,
            "아파트명":"삼주노블리제",
            "투자타입":"일반",
            "전용면적(m2)":"79.93",
            "전용면적(평)":"24평",
            "법정동주소":"경기도 광주시 곤지암읍 곤지암리 593",
            "도로명주소":"경기도 광주시 곤지암로11번길 11-10",
            "세대수":50,
            "입주년차":40,
            "용적률점수":"--",
            "건폐율점수":"--",
            "세대당주차수":0,
            "난방방식":30,
            "공급면적":"--",
            "전용률":"--",
            "욕실수":100,
            "현관타입":100,
            "주거총점":48.5,
            "지역구공급총점":0.0,
            "역세권":50,
            "30분내 이동가능 거점":20,
            "1시간내 이동가능 거점":60,
            "교통총점":43.0,
            "백화점":0,
            "아울렛몰":0,
            "대형마트":80,
            "은행":0,
            "병원":30,
            "종합병원":0,
            "공원":0,
            "혐오시설":0,
            "인프라총점":15.0,
            "초등학군":89.8,
            "중학군":42.36,
            "학군총점":51.848,
            "인구수":42.82,
            "인구증감":12.58,
            "인구총점":33.748,
            "일자리":18.0,
            "소득수준":54.28,
            "일자리총점":28.884,
            "가치 총점":37.0272,
            "매매실거래년":20220109.0,
            "매매실거래가":37500.0,
            "전세실거래년":20211009.0,
            "전세실거래가":22000.0,
            "전세가율":58.67,
            "장기전세가율평균":65.52,
            "전세가율거품지수":6.85,
            "검색코드":13055,
            "세대수":448.0,
            "준공년월":"2005-07-06",
            "준공년차":18.0,
            "가까운역이름":"곤지암",
            "가까운역거리":512.77,
            "역세권여부":"준역세권",
            "30분이내주요거점역":1,
            "1시간이내주요거점역":6,
            "3km이내백화점수":0,
            "5km이내아울렛몰수":0,
            "1km이내대형먀트수":1,
            "500m이내은행수":0,
            "500m이내병원수":9,
            "5km이내대형병원수":0,
            "500m이내공원수":0,
            "3km이내혐오시설수":0,
            "초등학교학업성취도":89.8,
            "중학교학업성취도":70.2,
            "용적률":162,
            "건폐율":14,
            "Y":37.346864,
            "X":127.345223,
            "rank":9.0,
            "area_info":"24평(79.93), 32평(106.64)",
            "last_sales":"2022-01-09,37500.0,24평(79.93)"
        },
        {
            "index":130,
            "아파트명":"e편한세상태재2단지",
            "투자타입":"일반",
            "전용면적(m2)":"101.55",
            "전용면적(평)":"30평",
            "법정동주소":"경기도 광주시 오포읍 신현리 1237",
            "도로명주소":"경기도 광주시 태재로 20-11",
            "세대수":0,
            "입주년차":80,
            "용적률점수":"--",
            "건폐율점수":"--",
            "세대당주차수":30,
            "난방방식":30,
            "공급면적":"--",
            "전용률":"--",
            "욕실수":100,
            "현관타입":100,
            "주거총점":43.5,
            "지역구공급총점":0.0,
            "역세권":0,
            "30분내 이동가능 거점":40,
            "1시간내 이동가능 거점":90,
            "교통총점":30.0,
            "백화점":0,
            "아울렛몰":0,
            "대형마트":0,
            "은행":0,
            "병원":60,
            "종합병원":100,
            "공원":80,
            "혐오시설":0,
            "인프라총점":28.4,
            "초등학군":90.0,
            "중학군":48.22,
            "학군총점":56.576,
            "인구수":42.82,
            "인구증감":12.58,
            "인구총점":33.748,
            "일자리":18.0,
            "소득수준":54.28,
            "일자리총점":28.884,
            "가치 총점":36.2064,
            "매매실거래년":20211210.0,
            "매매실거래가":76000.0,
            "전세실거래년":20210918.0,
            "전세실거래가":37000.0,
            "전세가율":48.68,
            "장기전세가율평균":65.52,
            "전세가율거품지수":16.84,
            "검색코드":114733,
            "세대수":144.0,
            "준공년월":"2018-07-24",
            "준공년차":5.0,
            "가까운역이름":"서현",
            "가까운역거리":3986.49,
            "역세권여부":"비역세권",
            "30분이내주요거점역":2,
            "1시간이내주요거점역":9,
            "3km이내백화점수":0,
            "5km이내아울렛몰수":0,
            "1km이내대형먀트수":0,
            "500m이내은행수":0,
            "500m이내병원수":11,
            "5km이내대형병원수":3,
            "500m이내공원수":1,
            "3km이내혐오시설수":0,
            "초등학교학업성취도":90.0,
            "중학교학업성취도":79.1,
            "용적률":149,
            "건폐율":18,
            "Y":37.358599,
            "X":127.153939,
            "rank":10.0,
            "area_info":"30평(101.55)",
            "last_sales":"2021-12-10,76000.0,30평(101.55)"
        },
        {
            "index":168,
            "아파트명":"신현현대모닝사이드1차1단지",
            "투자타입":"일반",
            "전용면적(m2)":"114.02",
            "전용면적(평)":"34평",
            "법정동주소":"경기도 광주시 오포읍 신현리 681-4",
            "도로명주소":"경기도 광주시 신현로 65-14",
            "세대수":30,
            "입주년차":20,
            "용적률점수":"--",
            "건폐율점수":"--",
            "세대당주차수":30,
            "난방방식":30,
            "공급면적":"--",
            "전용률":"--",
            "욕실수":100,
            "현관타입":100,
            "주거총점":42.0,
            "지역구공급총점":0.0,
            "역세권":0,
            "30분내 이동가능 거점":40,
            "1시간내 이동가능 거점":90,
            "교통총점":30.0,
            "백화점":0,
            "아울렛몰":0,
            "대형마트":0,
            "은행":0,
            "병원":60,
            "종합병원":100,
            "공원":80,
            "혐오시설":0,
            "인프라총점":28.4,
            "초등학군":89.44,
            "중학군":48.22,
            "학군총점":56.464,
            "인구수":42.82,
            "인구증감":12.58,
            "인구총점":33.748,
            "일자리":18.0,
            "소득수준":54.28,
            "일자리총점":28.884,
            "가치 총점":35.8896,
            "매매실거래년":20211004.0,
            "매매실거래가":63000.0,
            "전세실거래년":20211030.0,
            "전세실거래가":38000.0,
            "전세가율":60.32,
            "장기전세가율평균":65.52,
            "전세가율거품지수":5.2,
            "검색코드":3568,
            "세대수":318.0,
            "준공년월":"2002-02-09",
            "준공년차":21.0,
            "가까운역이름":"서현",
            "가까운역거리":3810.88,
            "역세권여부":"비역세권",
            "30분이내주요거점역":2,
            "1시간이내주요거점역":9,
            "3km이내백화점수":0,
            "5km이내아울렛몰수":0,
            "1km이내대형먀트수":0,
            "500m이내은행수":0,
            "500m이내병원수":10,
            "5km이내대형병원수":3,
            "500m이내공원수":1,
            "3km이내혐오시설수":0,
            "초등학교학업성취도":89.44,
            "중학교학업성취도":79.1,
            "용적률":187,
            "건폐율":15,
            "Y":37.361861,
            "X":127.155259,
            "rank":11.0,
            "area_info":"34평(114.02), 51평(170.92), 58평(192.8)",
            "last_sales":"2021-10-04,63000.0,34평(114.02)"
        },
        {
            "index":117,
            "아파트명":"광주역자연&자이",
            "투자타입":"일반",
            "전용면적(m2)":"98.58",
            "전용면적(평)":"29평",
            "법정동주소":"경기도 광주시 역동 169-20",
            "도로명주소":"경기도 광주시 광주역5로 18",
            "세대수":90,
            "입주년차":100,
            "용적률점수":"--",
            "건폐율점수":"--",
            "세대당주차수":60,
            "난방방식":30,
            "공급면적":"--",
            "전용률":"--",
            "욕실수":100,
            "현관타입":100,
            "주거총점":83.5,
            "지역구공급총점":0.0,
            "역세권":0,
            "30분내 이동가능 거점":20,
            "1시간내 이동가능 거점":70,
            "교통총점":20.0,
            "백화점":0,
            "아울렛몰":0,
            "대형마트":0,
            "은행":0,
            "병원":0,
            "종합병원":80,
            "공원":0,
            "혐오시설":-100,
            "인프라총점":14.0,
            "초등학군":89.54,
            "중학군":39.98,
            "학군총점":49.892,
            "인구수":42.82,
            "인구증감":12.58,
            "인구총점":33.748,
            "일자리":18.0,
            "소득수준":54.28,
            "일자리총점":28.884,
            "가치 총점":35.3838,
            "매매실거래년":"18000101",
            "매매실거래가":null,
            "전세실거래년":null,
            "전세실거래가":null,
            "전세가율":null,
            "장기전세가율평균":65.52,
            "전세가율거품지수":null,
            "검색코드":127096,
            "세대수":1031.0,
            "준공년월":"2021-11-01",
            "준공년차":2.0,
            "가까운역이름":"삼동",
            "가까운역거리":4301.76,
            "역세권여부":"비역세권",
            "30분이내주요거점역":1,
            "1시간이내주요거점역":7,
            "3km이내백화점수":0,
            "5km이내아울렛몰수":0,
            "1km이내대형먀트수":0,
            "500m이내은행수":0,
            "500m이내병원수":0,
            "5km이내대형병원수":1,
            "500m이내공원수":0,
            "3km이내혐오시설수":2,
            "초등학교학업성취도":89.54,
            "중학교학업성취도":66.5,
            "용적률":0,
            "건폐율":0,
            "Y":37.402861,
            "X":127.251335,
            "rank":12.0,
            "area_info":"29평(98.58), 33평(111.07), 33평(111.11), 33평(112.26)",
            "last_sales":"1800-01-01,nan,29평(98.58)"
        },
        {
            "index":189,
            "아파트명":"오포e-편한세상1차",
            "투자타입":"일반",
            "전용면적(m2)":"160.47",
            "전용면적(평)":"48평",
            "법정동주소":"경기도 광주시 오포읍 신현리 1229",
            "도로명주소":"경기도 광주시 신현로 12-37",
            "세대수":0,
            "입주년차":60,
            "용적률점수":"--",
            "건폐율점수":"--",
            "세대당주차수":80,
            "난방방식":30,
            "공급면적":"--",
            "전용률":"--",
            "욕실수":100,
            "현관타입":100,
            "주거총점":47.0,
            "지역구공급총점":0.0,
            "역세권":0,
            "30분내 이동가능 거점":40,
            "1시간내 이동가능 거점":90,
            "교통총점":30.0,
            "백화점":0,
            "아울렛몰":0,
            "대형마트":0,
            "은행":0,
            "병원":10,
            "종합병원":100,
            "공원":0,
            "혐오시설":0,
            "인프라총점":21.0,
            "초등학군":90.0,
            "중학군":48.22,
            "학군총점":56.576,
            "인구수":42.82,
            "인구증감":12.58,
            "인구총점":33.748,
            "일자리":18.0,
            "소득수준":54.28,
            "일자리총점":28.884,
            "가치 총점":34.6864,
            "매매실거래년":20210825.0,
            "매매실거래가":90000.0,
            "전세실거래년":20211101.0,
            "전세실거래가":59000.0,
            "전세가율":75.84,
            "장기전세가율평균":65.52,
            "전세가율거품지수":-10.32,
            "검색코드":101397,
            "세대수":248.0,
            "준공년월":"2010-03-31",
            "준공년차":13.0,
            "가까운역이름":"미금",
            "가까운역거리":3439.99,
            "역세권여부":"비역세권",
            "30분이내주요거점역":2,
            "1시간이내주요거점역":9,
            "3km이내백화점수":0,
            "5km이내아울렛몰수":0,
            "1km이내대형먀트수":0,
            "500m이내은행수":0,
            "500m이내병원수":3,
            "5km이내대형병원수":3,
            "500m이내공원수":0,
            "3km이내혐오시설수":0,
            "초등학교학업성취도":90.0,
            "중학교학업성취도":79.1,
            "용적률":149,
            "건폐율":14,
            "Y":37.357601,
            "X":127.14666,
            "rank":13.0,
            "area_info":"48평(160.47), 48평(161.48), 58평(193.52), 58평(194.73)",
            "last_sales":"2021-08-25,90000.0,58평(194.73)"
        },
        {
            "index":171,
            "아파트명":"신현현대모닝사이드1차2단지",
            "투자타입":"일반",
            "전용면적(m2)":"170.92",
            "전용면적(평)":"51평",
            "법정동주소":"경기도 광주시 오포읍 신현리 681-3",
            "도로명주소":"경기도 광주시 신현로 65-24",
            "세대수":30,
            "입주년차":20,
            "용적률점수":"--",
            "건폐율점수":"--",
            "세대당주차수":80,
            "난방방식":30,
            "공급면적":"--",
            "전용률":"--",
            "욕실수":100,
            "현관타입":100,
            "주거총점":49.5,
            "지역구공급총점":0.0,
            "역세권":0,
            "30분내 이동가능 거점":40,
            "1시간내 이동가능 거점":60,
            "교통총점":24.0,
            "백화점":0,
            "아울렛몰":0,
            "대형마트":0,
            "은행":0,
            "병원":60,
            "종합병원":100,
            "공원":0,
            "혐오시설":0,
            "인프라총점":26.0,
            "초등학군":89.44,
            "중학군":48.22,
            "학군총점":56.464,
            "인구수":42.82,
            "인구증감":12.58,
            "인구총점":33.748,
            "일자리":18.0,
            "소득수준":54.28,
            "일자리총점":28.884,
            "가치 총점":34.5696,
            "매매실거래년":20211217.0,
            "매매실거래가":73000.0,
            "전세실거래년":20210830.0,
            "전세실거래가":32500.0,
            "전세가율":46.43,
            "장기전세가율평균":65.52,
            "전세가율거품지수":19.09,
            "검색코드":102184,
            "세대수":300.0,
            "준공년월":"2002-02-09",
            "준공년차":21.0,
            "가까운역이름":"서현",
            "가까운역거리":3674.67,
            "역세권여부":"비역세권",
            "30분이내주요거점역":2,
            "1시간이내주요거점역":6,
            "3km이내백화점수":0,
            "5km이내아울렛몰수":0,
            "1km이내대형먀트수":0,
            "500m이내은행수":0,
            "500m이내병원수":12,
            "5km이내대형병원수":3,
            "500m이내공원수":0,
            "3km이내혐오시설수":0,
            "초등학교학업성취도":89.44,
            "중학교학업성취도":79.1,
            "용적률":197,
            "건폐율":16,
            "Y":37.363781,
            "X":127.155339,
            "rank":14.0,
            "area_info":"51평(170.92), 58평(192.8), 62평(205.39)",
            "last_sales":"2021-12-17,73000.0,62평(205.39)"
        },
        {
            "index":22,
            "아파트명":"LG",
            "투자타입":"일반",
            "전용면적(m2)":"80.25",
            "전용면적(평)":"24평",
            "법정동주소":"경기도 광주시 곤지암읍 곤지암리 337-12",
            "도로명주소":"경기도 광주시 경충대로 555-5",
            "세대수":0,
            "입주년차":0,
            "용적률점수":"--",
            "건폐율점수":"--",
            "세대당주차수":0,
            "난방방식":30,
            "공급면적":"--",
            "전용률":"--",
            "욕실수":50,
            "현관타입":10,
            "주거총점":9.0,
            "지역구공급총점":0.0,
            "역세권":80,
            "30분내 이동가능 거점":20,
            "1시간내 이동가능 거점":60,
            "교통총점":58.0,
            "백화점":0,
            "아울렛몰":0,
            "대형마트":80,
            "은행":0,
            "병원":30,
            "종합병원":0,
            "공원":0,
            "혐오시설":0,
            "인프라총점":15.0,
            "초등학군":89.8,
            "중학군":42.36,
            "학군총점":51.848,
            "인구수":42.82,
            "인구증감":12.58,
            "인구총점":33.748,
            "일자리":18.0,
            "소득수준":54.28,
            "일자리총점":28.884,
            "가치 총점":34.3772,
            "매매실거래년":20220115.0,
            "매매실거래가":28000.0,
            "전세실거래년":20210820.0,
            "전세실거래가":21000.0,
            "전세가율":75.0,
            "장기전세가율평균":65.52,
            "전세가율거품지수":-9.48,
            "검색코드":3902,
            "세대수":222.0,
            "준공년월":"1997-04-28",
            "준공년차":26.0,
            "가까운역이름":"곤지암",
            "가까운역거리":389.77,
            "역세권여부":"역세권",
            "30분이내주요거점역":1,
            "1시간이내주요거점역":6,
            "3km이내백화점수":0,
            "5km이내아울렛몰수":0,
            "1km이내대형먀트수":1,
            "500m이내은행수":0,
            "500m이내병원수":8,
            "5km이내대형병원수":0,
            "500m이내공원수":0,
            "3km이내혐오시설수":0,
            "초등학교학업성취도":89.8,
            "중학교학업성취도":70.2,
            "용적률":371,
            "건폐율":28,
            "Y":37.34781,
            "X":127.346795,
            "rank":15.0,
            "area_info":"24평(80.25), 33평(109.82)",
            "last_sales":"2022-01-15,28000.0,24평(80.25)"
        },
        {
            "index":24,
            "아파트명":"곤지암쌍용2차",
            "투자타입":"일반",
            "전용면적(m2)":"75.95",
            "전용면적(평)":"22평",
            "법정동주소":"경기도 광주시 곤지암읍 곤지암리 457",
            "도로명주소":"경기도 광주시 곤지암로 108",
            "세대수":50,
            "입주년차":20,
            "용적률점수":"--",
            "건폐율점수":"--",
            "세대당주차수":30,
            "난방방식":30,
            "공급면적":"--",
            "전용률":"--",
            "욕실수":50,
            "현관타입":100,
            "주거총점":44.0,
            "지역구공급총점":0.0,
            "역세권":50,
            "30분내 이동가능 거점":0,
            "1시간내 이동가능 거점":50,
            "교통총점":35.0,
            "백화점":0,
            "아울렛몰":0,
            "대형마트":80,
            "은행":0,
            "병원":30,
            "종합병원":0,
            "공원":80,
            "혐오시설":0,
            "인프라총점":17.4,
            "초등학군":89.8,
            "중학군":42.36,
            "학군총점":51.848,
            "인구수":42.82,
            "인구증감":12.58,
            "인구총점":33.748,
            "일자리":18.0,
            "소득수준":54.28,
            "일자리총점":28.884,
            "가치 총점":34.0472,
            "매매실거래년":20211209.0,
            "매매실거래가":39400.0,
            "전세실거래년":20210415.0,
            "전세실거래가":17000.0,
            "전세가율":57.05,
            "장기전세가율평균":65.52,
            "전세가율거품지수":8.47,
            "검색코드":3901,
            "세대수":409.0,
            "준공년월":"2000-07-29",
            "준공년차":23.0,
            "가까운역이름":"곤지암",
            "가까운역거리":943.74,
            "역세권여부":"준역세권",
            "30분이내주요거점역":0,
            "1시간이내주요거점역":5,
            "3km이내백화점수":0,
            "5km이내아울렛몰수":0,
            "1km이내대형먀트수":1,
            "500m이내은행수":0,
            "500m이내병원수":9,
            "5km이내대형병원수":0,
            "500m이내공원수":1,
            "3km이내혐오시설수":0,
            "초등학교학업성취도":89.8,
            "중학교학업성취도":70.2,
            "용적률":261,
            "건폐율":20,
            "Y":37.346436,
            "X":127.338004,
            "rank":16.0,
            "area_info":"22평(75.95), 30평(101.74), 30평(101.91), 39평(131.47), 46평(152.56)",
            "last_sales":"2021-12-09,39400.0,30평(101.91)"
        },
        {
            "index":383,
            "아파트명":"태전효성해링턴플레이스",
            "투자타입":"일반",
            "전용면적(m2)":"98.86",
            "전용면적(평)":"29평",
            "법정동주소":"경기도 광주시 태전동 705",
            "도로명주소":"경기도 광주시 고불로 87",
            "세대수":80,
            "입주년차":80,
            "용적률점수":"--",
            "건폐율점수":"--",
            "세대당주차수":30,
            "난방방식":30,
            "공급면적":"--",
            "전용률":"--",
            "욕실수":100,
            "현관타입":100,
            "주거총점":71.5,
            "지역구공급총점":0.0,
            "역세권":0,
            "30분내 이동가능 거점":0,
            "1시간내 이동가능 거점":50,
            "교통총점":10.0,
            "백화점":0,
            "아울렛몰":0,
            "대형마트":0,
            "은행":20,
            "병원":60,
            "종합병원":80,
            "공원":0,
            "혐오시설":0,
            "인프라총점":24.0,
            "초등학군":88.78,
            "중학군":45.76,
            "학군총점":54.364,
            "인구수":42.82,
            "인구증감":12.58,
            "인구총점":33.748,
            "일자리":18.0,
            "소득수준":54.28,
            "일자리총점":28.884,
            "가치 총점":33.1546,
            "매매실거래년":20211122.0,
            "매매실거래가":60000.0,
            "전세실거래년":20211227.0,
            "전세실거래가":44000.0,
            "전세가율":73.33,
            "장기전세가율평균":65.52,
            "전세가율거품지수":-7.81,
            "검색코드":114475,
            "세대수":702.0,
            "준공년월":"2018-06-15",
            "준공년차":5.0,
            "가까운역이름":"삼동",
            "가까운역거리":2938.84,
            "역세권여부":"비역세권",
            "30분이내주요거점역":0,
            "1시간이내주요거점역":5,
            "3km이내백화점수":0,
            "5km이내아울렛몰수":0,
            "1km이내대형먀트수":0,
            "500m이내은행수":2,
            "500m이내병원수":12,
            "5km이내대형병원수":1,
            "500m이내공원수":0,
            "3km이내혐오시설수":0,
            "초등학교학업성취도":88.78,
            "중학교학업성취도":75.8,
            "용적률":229,
            "건폐율":19,
            "Y":37.391868,
            "X":127.228119,
            "rank":17.0,
            "area_info":"29평(98.86), 30평(99.38), 34평(112.95), 34평(113.56), 34평(113.56)",
            "last_sales":"2021-11-22,60000.0,34평(112.95)"
        },
        {
            "index":98,
            "아파트명":"e편한세상광주역3단지",
            "투자타입":"일반",
            "전용면적(m2)":"81.22",
            "전용면적(평)":"24평",
            "법정동주소":"경기도 광주시 역동 245",
            "도로명주소":"경기도 광주시 순암로36번길 87",
            "세대수":50,
            "입주년차":80,
            "용적률점수":"--",
            "건폐율점수":"--",
            "세대당주차수":30,
            "난방방식":30,
            "공급면적":"--",
            "전용률":"--",
            "욕실수":100,
            "현관타입":100,
            "주거총점":61.0,
            "지역구공급총점":0.0,
            "역세권":0,
            "30분내 이동가능 거점":20,
            "1시간내 이동가능 거점":70,
            "교통총점":20.0,
            "백화점":0,
            "아울렛몰":0,
            "대형마트":0,
            "은행":0,
            "병원":30,
            "종합병원":80,
            "공원":0,
            "혐오시설":0,
            "인프라총점":19.0,
            "초등학군":89.54,
            "중학군":44.66,
            "학군총점":53.636,
            "인구수":42.82,
            "인구증감":12.58,
            "인구총점":33.748,
            "일자리":18.0,
            "소득수준":54.28,
            "일자리총점":28.884,
            "가치 총점":32.9454,
            "매매실거래년":20211006.0,
            "매매실거래가":75000.0,
            "전세실거래년":20211112.0,
            "전세실거래가":26400.0,
            "전세가율":39.11,
            "장기전세가율평균":65.52,
            "전세가율거품지수":26.41,
            "검색코드":108723,
            "세대수":423.0,
            "준공년월":"2016-10-31",
            "준공년차":7.0,
            "가까운역이름":"삼동",
            "가까운역거리":3883.49,
            "역세권여부":"비역세권",
            "30분이내주요거점역":1,
            "1시간이내주요거점역":7,
            "3km이내백화점수":0,
            "5km이내아울렛몰수":0,
            "1km이내대형먀트수":0,
            "500m이내은행수":0,
            "500m이내병원수":5,
            "5km이내대형병원수":1,
            "500m이내공원수":0,
            "3km이내혐오시설수":0,
            "초등학교학업성취도":89.54,
            "중학교학업성취도":74.1,
            "용적률":179,
            "건폐율":16,
            "Y":37.398708,
            "X":127.245165,
            "rank":18.0,
            "area_info":"24평(81.22), 29평(97.7), 29평(97.4), 29평(97.9), 33평(109.93), 33평(110.38), 33평(110.18)",
            "last_sales":"2021-10-06,75000.0,33평(110.18)"
        },
        {
            "index":266,
            "아파트명":"초월e-편한세상1단지",
            "투자타입":"일반",
            "전용면적(m2)":"104.42",
            "전용면적(평)":"31평",
            "법정동주소":"경기도 광주시 초월읍 쌍동리 393",
            "도로명주소":"경기도 광주시 경충대로1127번길 65",
            "세대수":0,
            "입주년차":40,
            "용적률점수":"--",
            "건폐율점수":"--",
            "세대당주차수":30,
            "난방방식":30,
            "공급면적":"--",
            "전용률":"--",
            "욕실수":100,
            "현관타입":100,
            "주거총점":35.5,
            "지역구공급총점":0.0,
            "역세권":50,
            "30분내 이동가능 거점":0,
            "1시간내 이동가능 거점":60,
            "교통총점":37.0,
            "백화점":0,
            "아울렛몰":0,
            "대형마트":0,
            "은행":0,
            "병원":0,
            "종합병원":80,
            "공원":0,
            "혐오시설":0,
            "인프라총점":16.0,
            "초등학군":92.84,
            "중학군":42.36,
            "학군총점":52.456,
            "인구수":42.82,
            "인구증감":12.58,
            "인구총점":33.748,
            "일자리":18.0,
            "소득수준":54.28,
            "일자리총점":28.884,
            "가치 총점":32.7184,
            "매매실거래년":20211023.0,
            "매매실거래가":54000.0,
            "전세실거래년":20220114.0,
            "전세실거래가":19000.0,
            "전세가율":35.92,
            "장기전세가율평균":65.52,
            "전세가율거품지수":29.6,
            "검색코드":25887,
            "세대수":266.0,
            "준공년월":"2007-05-31",
            "준공년차":16.0,
            "가까운역이름":"초월",
            "가까운역거리":766.87,
            "역세권여부":"준역세권",
            "30분이내주요거점역":0,
            "1시간이내주요거점역":6,
            "3km이내백화점수":0,
            "5km이내아울렛몰수":0,
            "1km이내대형먀트수":0,
            "500m이내은행수":0,
            "500m이내병원수":0,
            "5km이내대형병원수":1,
            "500m이내공원수":0,
            "3km이내혐오시설수":0,
            "초등학교학업성취도":92.84,
            "중학교학업성취도":70.2,
            "용적률":173,
            "건폐율":18,
            "Y":37.37652,
            "X":127.290734,
            "rank":19.0,
            "area_info":"31평(104.42), 33평(110.84)",
            "last_sales":"2021-10-23,54000.0,33평(110.84)"
        },
        {
            "index":268,
            "아파트명":"초월e-편한세상2단지",
            "투자타입":"일반",
            "전용면적(m2)":"109.79",
            "전용면적(평)":"33평",
            "법정동주소":"경기도 광주시 초월읍 쌍동리 394",
            "도로명주소":"경기도 광주시 경충대로1127번길 65",
            "세대수":0,
            "입주년차":40,
            "용적률점수":"--",
            "건폐율점수":"--",
            "세대당주차수":30,
            "난방방식":30,
            "공급면적":"--",
            "전용률":"--",
            "욕실수":100,
            "현관타입":100,
            "주거총점":35.5,
            "지역구공급총점":0.0,
            "역세권":50,
            "30분내 이동가능 거점":0,
            "1시간내 이동가능 거점":60,
            "교통총점":37.0,
            "백화점":0,
            "아울렛몰":0,
            "대형마트":0,
            "은행":0,
            "병원":0,
            "종합병원":80,
            "공원":0,
            "혐오시설":0,
            "인프라총점":16.0,
            "초등학군":92.84,
            "중학군":42.36,
            "학군총점":52.456,
            "인구수":42.82,
            "인구증감":12.58,
            "인구총점":33.748,
            "일자리":18.0,
            "소득수준":54.28,
            "일자리총점":28.884,
            "가치 총점":32.7184,
            "매매실거래년":20211226.0,
            "매매실거래가":68000.0,
            "전세실거래년":20211117.0,
            "전세실거래가":32000.0,
            "전세가율":59.48,
            "장기전세가율평균":65.52,
            "전세가율거품지수":6.04,
            "검색코드":25888,
            "세대수":296.0,
            "준공년월":"2007-05-31",
            "준공년차":16.0,
            "가까운역이름":"초월",
            "가까운역거리":864.7,
            "역세권여부":"준역세권",
            "30분이내주요거점역":0,
            "1시간이내주요거점역":6,
            "3km이내백화점수":0,
            "5km이내아울렛몰수":0,
            "1km이내대형먀트수":0,
            "500m이내은행수":0,
            "500m이내병원수":0,
            "5km이내대형병원수":1,
            "500m이내공원수":0,
            "3km이내혐오시설수":0,
            "초등학교학업성취도":92.84,
            "중학교학업성취도":70.2,
            "용적률":178,
            "건폐율":16,
            "Y":37.375304,
            "X":127.289278,
            "rank":19.0,
            "area_info":"33평(109.79), 51평(171.45), 53평(176.28), 92평(307.05), 95평(316.85)",
            "last_sales":"2021-12-26,68000.0,53평(176.28)"
        },
        {
            "index":193,
            "아파트명":"오포e-편한세상2차",
            "투자타입":"일반",
            "전용면적(m2)":"105.23",
            "전용면적(평)":"31평",
            "법정동주소":"경기도 광주시 오포읍 신현리 1230",
            "도로명주소":"경기도 광주시 태재로 20-20",
            "세대수":0,
            "입주년차":60,
            "용적률점수":"--",
            "건폐율점수":"--",
            "세대당주차수":30,
            "난방방식":30,
            "공급면적":"--",
            "전용률":"--",
            "욕실수":100,
            "현관타입":10,
            "주거총점":30.5,
            "지역구공급총점":0.0,
            "역세권":0,
            "30분내 이동가능 거점":40,
            "1시간내 이동가능 거점":90,
            "교통총점":30.0,
            "백화점":0,
            "아울렛몰":0,
            "대형마트":0,
            "은행":0,
            "병원":30,
            "종합병원":100,
            "공원":80,
            "혐오시설":0,
            "인프라총점":25.4,
            "초등학군":90.0,
            "중학군":48.22,
            "학군총점":56.576,
            "인구수":42.82,
            "인구증감":12.58,
            "인구총점":33.748,
            "일자리":18.0,
            "소득수준":54.28,
            "일자리총점":28.884,
            "가치 총점":32.7064,
            "매매실거래년":20200221.0,
            "매매실거래가":42000.0,
            "전세실거래년":20200203.0,
            "전세실거래가":35000.0,
            "전세가율":83.33,
            "장기전세가율평균":65.52,
            "전세가율거품지수":-17.81,
            "검색코드":102799,
            "세대수":135.0,
            "준공년월":"2010-11-23",
            "준공년차":13.0,
            "가까운역이름":"미금",
            "가까운역거리":3728.17,
            "역세권여부":"비역세권",
            "30분이내주요거점역":2,
            "1시간이내주요거점역":9,
            "3km이내백화점수":0,
            "5km이내아울렛몰수":0,
            "1km이내대형먀트수":0,
            "500m이내은행수":0,
            "500m이내병원수":6,
            "5km이내대형병원수":3,
            "500m이내공원수":1,
            "3km이내혐오시설수":0,
            "초등학교학업성취도":90.0,
            "중학교학업성취도":79.1,
            "용적률":149,
            "건폐율":20,
            "Y":37.358587,
            "X":127.149708,
            "rank":20.0,
            "area_info":"31평(105.23), 32평(106.04)",
            "last_sales":"2020-02-21,42000.0,31평(105.23)"
        },
        {
            "index":165,
            "아파트명":"신현라온프라이빗",
            "투자타입":"일반",
            "전용면적(m2)":"79.46",
            "전용면적(평)":"24평",
            "법정동주소":"경기도 광주시 오포읍 신현리 1233",
            "도로명주소":"경기도 광주시 태재로 20-30",
            "세대수":0,
            "입주년차":80,
            "용적률점수":"--",
            "건폐율점수":"--",
            "세대당주차수":30,
            "난방방식":30,
            "공급면적":"--",
            "전용률":"--",
            "욕실수":100,
            "현관타입":100,
            "주거총점":43.5,
            "지역구공급총점":0.0,
            "역세권":0,
            "30분내 이동가능 거점":40,
            "1시간내 이동가능 거점":60,
            "교통총점":24.0,
            "백화점":0,
            "아울렛몰":0,
            "대형마트":0,
            "은행":0,
            "병원":10,
            "종합병원":100,
            "공원":80,
            "혐오시설":0,
            "인프라총점":23.4,
            "초등학군":90.0,
            "중학군":48.22,
            "학군총점":56.576,
            "인구수":42.82,
            "인구증감":12.58,
            "인구총점":33.748,
            "일자리":18.0,
            "소득수준":54.28,
            "일자리총점":28.884,
            "가치 총점":32.6064,
            "매매실거래년":20211202.0,
            "매매실거래가":55000.0,
            "전세실거래년":20220104.0,
            "전세실거래가":31500.0,
            "전세가율":57.27,
            "장기전세가율평균":65.52,
            "전세가율거품지수":8.25,
            "검색코드":109566,
            "세대수":223.0,
            "준공년월":"2016-10-31",
            "준공년차":7.0,
            "가까운역이름":"미금",
            "가까운역거리":3777.01,
            "역세권여부":"비역세권",
            "30분이내주요거점역":2,
            "1시간이내주요거점역":6,
            "3km이내백화점수":0,
            "5km이내아울렛몰수":0,
            "1km이내대형먀트수":0,
            "500m이내은행수":0,
            "500m이내병원수":4,
            "5km이내대형병원수":3,
            "500m이내공원수":1,
            "3km이내혐오시설수":0,
            "초등학교학업성취도":90.0,
            "중학교학업성취도":79.1,
            "용적률":151,
            "건폐율":15,
            "Y":37.356567,
            "X":127.150854,
            "rank":21.0,
            "area_info":"24평(79.46), 28평(95.6), 33평(110.55)",
            "last_sales":"2021-12-02,55000.0,24평(79.46)"
        },
        {
            "index":110,
            "아파트명":"e편한세상광주역5단지",
            "투자타입":"일반",
            "전용면적(m2)":"97.56",
            "전용면적(평)":"29평",
            "법정동주소":"경기도 광주시 역동 247",
            "도로명주소":"경기도 광주시 순암로36번길 41",
            "세대수":30,
            "입주년차":80,
            "용적률점수":"--",
            "건폐율점수":"--",
            "세대당주차수":60,
            "난방방식":30,
            "공급면적":"--",
            "전용률":"--",
            "욕실수":100,
            "현관타입":100,
            "주거총점":58.5,
            "지역구공급총점":0.0,
            "역세권":0,
            "30분내 이동가능 거점":20,
            "1시간내 이동가능 거점":70,
            "교통총점":20.0,
            "백화점":0,
            "아울렛몰":0,
            "대형마트":0,
            "은행":0,
            "병원":30,
            "종합병원":80,
            "공원":0,
            "혐오시설":0,
            "인프라총점":19.0,
            "초등학군":89.54,
            "중학군":44.66,
            "학군총점":53.636,
            "인구수":42.82,
            "인구증감":12.58,
            "인구총점":33.748,
            "일자리":18.0,
            "소득수준":54.28,
            "일자리총점":28.884,
            "가치 총점":32.4454,
            "매매실거래년":20210819.0,
            "매매실거래가":79400.0,
            "전세실거래년":20210317.0,
            "전세실거래가":48000.0,
            "전세가율":75.59,
            "장기전세가율평균":65.52,
            "전세가율거품지수":-10.07,
            "검색코드":108725,
            "세대수":314.0,
            "준공년월":"2016-10-31",
            "준공년차":7.0,
            "가까운역이름":"삼동",
            "가까운역거리":4032.89,
            "역세권여부":"비역세권",
            "30분이내주요거점역":1,
            "1시간이내주요거점역":7,
            "3km이내백화점수":0,
            "5km이내아울렛몰수":0,
            "1km이내대형먀트수":0,
            "500m이내은행수":0,
            "500m이내병원수":5,
            "5km이내대형병원수":1,
            "500m이내공원수":0,
            "3km이내혐오시설수":0,
            "초등학교학업성취도":89.54,
            "중학교학업성취도":74.1,
            "용적률":188,
            "건폐율":17,
            "Y":37.397686,
            "X":127.246517,
            "rank":22.0,
            "area_info":"29평(97.56), 29평(97.86), 33평(110.44), 33평(110.89)",
            "last_sales":"2021-08-19,79400.0,33평(110.89)"
        },
        {
            "index":153,
            "아파트명":"광주오포금강KCC",
            "투자타입":"일반",
            "전용면적(m2)":"109.79",
            "전용면적(평)":"33평",
            "법정동주소":"경기도 광주시 오포읍 능평리 914",
            "도로명주소":"경기도 광주시 태재로 130",
            "세대수":0,
            "입주년차":40,
            "용적률점수":"--",
            "건폐율점수":"--",
            "세대당주차수":30,
            "난방방식":30,
            "공급면적":"--",
            "전용률":"--",
            "욕실수":100,
            "현관타입":100,
            "주거총점":35.5,
            "지역구공급총점":0.0,
            "역세권":0,
            "30분내 이동가능 거점":40,
            "1시간내 이동가능 거점":90,
            "교통총점":30.0,
            "백화점":0,
            "아울렛몰":0,
            "대형마트":0,
            "은행":0,
            "병원":10,
            "종합병원":100,
            "공원":0,
            "혐오시설":0,
            "인프라총점":21.0,
            "초등학군":89.44,
            "중학군":48.22,
            "학군총점":56.464,
            "인구수":42.82,
            "인구증감":12.58,
            "인구총점":33.748,
            "일자리":18.0,
            "소득수준":54.28,
            "일자리총점":28.884,
            "가치 총점":32.3696,
            "매매실거래년":20210717.0,
            "매매실거래가":50000.0,
            "전세실거래년":20220106.0,
            "전세실거래가":23100.0,
            "전세가율":46.2,
            "장기전세가율평균":65.52,
            "전세가율거품지수":19.32,
            "검색코드":10714,
            "세대수":116.0,
            "준공년월":"2004-08-10",
            "준공년차":19.0,
            "가까운역이름":"서현",
            "가까운역거리":4649.32,
            "역세권여부":"비역세권",
            "30분이내주요거점역":2,
            "1시간이내주요거점역":9,
            "3km이내백화점수":0,
            "5km이내아울렛몰수":0,
            "1km이내대형먀트수":0,
            "500m이내은행수":1,
            "500m이내병원수":3,
            "5km이내대형병원수":3,
            "500m이내공원수":0,
            "3km이내혐오시설수":0,
            "초등학교학업성취도":89.44,
            "중학교학업성취도":79.1,
            "용적률":66,
            "건폐율":18,
            "Y":37.35722,
            "X":127.162772,
            "rank":23.0,
            "area_info":"33평(109.79)",
            "last_sales":"2021-07-17,50000.0,33평(109.79)"
        },
        {
            "index":89,
            "아파트명":"e편한세상광주역1단지",
            "투자타입":"일반",
            "전용면적(m2)":"82.01",
            "전용면적(평)":"24평",
            "법정동주소":"경기도 광주시 역동 243",
            "도로명주소":"경기도 광주시 순암로36번길 88",
            "세대수":50,
            "입주년차":80,
            "용적률점수":"--",
            "건폐율점수":"--",
            "세대당주차수":30,
            "난방방식":30,
            "공급면적":"--",
            "전용률":"--",
            "욕실수":100,
            "현관타입":100,
            "주거총점":61.0,
            "지역구공급총점":0.0,
            "역세권":0,
            "30분내 이동가능 거점":20,
            "1시간내 이동가능 거점":70,
            "교통총점":20.0,
            "백화점":0,
            "아울렛몰":0,
            "대형마트":0,
            "은행":0,
            "병원":10,
            "종합병원":80,
            "공원":0,
            "혐오시설":0,
            "인프라총점":17.0,
            "초등학군":89.54,
            "중학군":44.66,
            "학군총점":53.636,
            "인구수":42.82,
            "인구증감":12.58,
            "인구총점":33.748,
            "일자리":18.0,
            "소득수준":54.28,
            "일자리총점":28.884,
            "가치 총점":32.3454,
            "매매실거래년":20211230.0,
            "매매실거래가":60000.0,
            "전세실거래년":20220109.0,
            "전세실거래가":30000.0,
            "전세가율":50.0,
            "장기전세가율평균":65.52,
            "전세가율거품지수":15.52,
            "검색코드":108718,
            "세대수":441.0,
            "준공년월":"2016-10-01",
            "준공년차":7.0,
            "가까운역이름":"삼동",
            "가까운역거리":3930.11,
            "역세권여부":"비역세권",
            "30분이내주요거점역":1,
            "1시간이내주요거점역":7,
            "3km이내백화점수":0,
            "5km이내아울렛몰수":0,
            "1km이내대형먀트수":0,
            "500m이내은행수":0,
            "500m이내병원수":4,
            "5km이내대형병원수":1,
            "500m이내공원수":0,
            "3km이내혐오시설수":0,
            "초등학교학업성취도":89.54,
            "중학교학업성취도":74.1,
            "용적률":186,
            "건폐율":16,
            "Y":37.400366,
            "X":127.246335,
            "rank":24.0,
            "area_info":"24평(82.01), 29평(96.88), 29평(97.38), 29평(97.18), 33평(110.0), 33평(110.46)",
            "last_sales":"2021-12-30,60000.0,24평(82.01)"
        },
        {
            "index":442,
            "아파트명":"힐스테이트태전에듀포레2차(C11블록)",
            "투자타입":"일반",
            "전용면적(m2)":"85.51",
            "전용면적(평)":"25평",
            "법정동주소":"경기도 광주시 태전동 732",
            "도로명주소":"경기도 광주시 태봉로 163-1",
            "세대수":80,
            "입주년차":100,
            "용적률점수":"--",
            "건폐율점수":"--",
            "세대당주차수":30,
            "난방방식":30,
            "공급면적":"--",
            "전용률":"--",
            "욕실수":100,
            "현관타입":100,
            "주거총점":75.5,
            "지역구공급총점":0.0,
            "역세권":0,
            "30분내 이동가능 거점":0,
            "1시간내 이동가능 거점":40,
            "교통총점":8.0,
            "백화점":0,
            "아울렛몰":0,
            "대형마트":0,
            "은행":0,
            "병원":10,
            "종합병원":80,
            "공원":100,
            "혐오시설":0,
            "인프라총점":20.0,
            "초등학군":93.18,
            "중학군":45.76,
            "학군총점":55.244,
            "인구수":42.82,
            "인구증감":12.58,
            "인구총점":33.748,
            "일자리":18.0,
            "소득수준":54.28,
            "일자리총점":28.884,
            "가치 총점":32.1866,
            "매매실거래년":20211030.0,
            "매매실거래가":80000.0,
            "전세실거래년":20211227.0,
            "전세실거래가":25200.0,
            "전세가율":42.07,
            "장기전세가율평균":65.52,
            "전세가율거품지수":23.45,
            "검색코드":115542,
            "세대수":706.0,
            "준공년월":"2019-08-29",
            "준공년차":4.0,
            "가까운역이름":"삼동",
            "가까운역거리":4281.83,
            "역세권여부":"비역세권",
            "30분이내주요거점역":0,
            "1시간이내주요거점역":4,
            "3km이내백화점수":0,
            "5km이내아울렛몰수":0,
            "1km이내대형먀트수":0,
            "500m이내은행수":0,
            "500m이내병원수":3,
            "5km이내대형병원수":1,
            "500m이내공원수":4,
            "3km이내혐오시설수":0,
            "초등학교학업성취도":93.18,
            "중학교학업성취도":75.8,
            "용적률":199,
            "건폐율":14,
            "Y":37.378637,
            "X":127.232308,
            "rank":25.0,
            "area_info":"25평(85.51), 25평(85.7), 29평(98.01), 29평(99.05), 34평(113.52)",
            "last_sales":"2021-10-30,80000.0,34평(113.52)"
        },
        {
            "index":195,
            "아파트명":"오포롯데캐슬포레스트",
            "투자타입":"일반",
            "전용면적(m2)":"125.4",
            "전용면적(평)":"37평",
            "법정동주소":"경기도 광주시 오포읍 능평리 917",
            "도로명주소":"경기도 광주시 수레실길 7",
            "세대수":0,
            "입주년차":60,
            "용적률점수":"--",
            "건폐율점수":"--",
            "세대당주차수":60,
            "난방방식":30,
            "공급면적":"--",
            "전용률":"--",
            "욕실수":100,
            "현관타입":100,
            "주거총점":44.0,
            "지역구공급총점":0.0,
            "역세권":0,
            "30분내 이동가능 거점":40,
            "1시간내 이동가능 거점":60,
            "교통총점":24.0,
            "백화점":0,
            "아울렛몰":0,
            "대형마트":0,
            "은행":0,
            "병원":10,
            "종합병원":100,
            "공원":0,
            "혐오시설":0,
            "인프라총점":21.0,
            "초등학군":89.44,
            "중학군":48.22,
            "학군총점":56.464,
            "인구수":42.82,
            "인구증감":12.58,
            "인구총점":33.748,
            "일자리":18.0,
            "소득수준":54.28,
            "일자리총점":28.884,
            "가치 총점":31.9696,
            "매매실거래년":20220115.0,
            "매매실거래가":53500.0,
            "전세실거래년":20210726.0,
            "전세실거래가":48000.0,
            "전세가율":89.72,
            "장기전세가율평균":65.52,
            "전세가율거품지수":-24.2,
            "검색코드":26923,
            "세대수":204.0,
            "준공년월":"2009-02-19",
            "준공년차":14.0,
            "가까운역이름":"미금",
            "가까운역거리":4956.47,
            "역세권여부":"비역세권",
            "30분이내주요거점역":2,
            "1시간이내주요거점역":6,
            "3km이내백화점수":0,
            "5km이내아울렛몰수":0,
            "1km이내대형먀트수":0,
            "500m이내은행수":0,
            "500m이내병원수":3,
            "5km이내대형병원수":2,
            "500m이내공원수":0,
            "3km이내혐오시설수":0,
            "초등학교학업성취도":89.44,
            "중학교학업성취도":79.1,
            "용적률":102,
            "건폐율":8,
            "Y":37.350595,
            "X":127.164979,
            "rank":26.0,
            "area_info":"37평(125.4), 46평(153.86), 48평(158.82), 51평(171.1), 68평(225.28)",
            "last_sales":"2022-01-15,53500.0,37평(125.4)"
        },
        {
            "index":209,
            "아파트명":"오포우림필유골드135",
            "투자타입":"일반",
            "전용면적(m2)":"172.4",
            "전용면적(평)":"52평",
            "법정동주소":"경기도 광주시 오포읍 능평리 916",
            "도로명주소":"경기도 광주시 능평로 21",
            "세대수":0,
            "입주년차":40,
            "용적률점수":"--",
            "건폐율점수":"--",
            "세대당주차수":80,
            "난방방식":30,
            "공급면적":"--",
            "전용률":"--",
            "욕실수":100,
            "현관타입":100,
            "주거총점":43.0,
            "지역구공급총점":0.0,
            "역세권":0,
            "30분내 이동가능 거점":40,
            "1시간내 이동가능 거점":60,
            "교통총점":24.0,
            "백화점":0,
            "아울렛몰":0,
            "대형마트":0,
            "은행":0,
            "병원":10,
            "종합병원":100,
            "공원":0,
            "혐오시설":0,
            "인프라총점":21.0,
            "초등학군":89.44,
            "중학군":48.22,
            "학군총점":56.464,
            "인구수":42.82,
            "인구증감":12.58,
            "인구총점":33.748,
            "일자리":18.0,
            "소득수준":54.28,
            "일자리총점":28.884,
            "가치 총점":31.7696,
            "매매실거래년":20210605.0,
            "매매실거래가":75000.0,
            "전세실거래년":20210609.0,
            "전세실거래가":70000.0,
            "전세가율":118.64,
            "장기전세가율평균":65.52,
            "전세가율거품지수":-53.12,
            "검색코드":26922,
            "세대수":135.0,
            "준공년월":"2008-11-03",
            "준공년차":15.0,
            "가까운역이름":"서현",
            "가까운역거리":5089.15,
            "역세권여부":"비역세권",
            "30분이내주요거점역":2,
            "1시간이내주요거점역":6,
            "3km이내백화점수":0,
            "5km이내아울렛몰수":0,
            "1km이내대형먀트수":0,
            "500m이내은행수":1,
            "500m이내병원수":3,
            "5km이내대형병원수":2,
            "500m이내공원수":0,
            "3km이내혐오시설수":0,
            "초등학교학업성취도":89.44,
            "중학교학업성취도":79.1,
            "용적률":109,
            "건폐율":7,
            "Y":37.354425,
            "X":127.166302,
            "rank":27.0,
            "area_info":"52평(172.4), 52평(172.34), 62평(206.76)",
            "last_sales":"2021-06-05,75000.0,62평(206.76)"
        },
        {
            "index":35,
            "아파트명":"쌍용1차",
            "투자타입":"일반",
            "전용면적(m2)":"75.18",
            "전용면적(평)":"22평",
            "법정동주소":"경기도 광주시 곤지암읍 곤지암리 459",
            "도로명주소":"경기도 광주시 곤지암로 120",
            "세대수":50,
            "입주년차":0,
            "용적률점수":"--",
            "건폐율점수":"--",
            "세대당주차수":30,
            "난방방식":30,
            "공급면적":"--",
            "전용률":"--",
            "욕실수":50,
            "현관타입":100,
            "주거총점":40.0,
            "지역구공급총점":0.0,
            "역세권":50,
            "30분내 이동가능 거점":0,
            "1시간내 이동가능 거점":50,
            "교통총점":35.0,
            "백화점":0,
            "아울렛몰":0,
            "대형마트":80,
            "은행":0,
            "병원":0,
            "종합병원":0,
            "공원":0,
            "혐오시설":0,
            "인프라총점":12.0,
            "초등학군":89.8,
            "중학군":42.36,
            "학군총점":51.848,
            "인구수":42.82,
            "인구증감":12.58,
            "인구총점":33.748,
            "일자리":18.0,
            "소득수준":54.28,
            "일자리총점":28.884,
            "가치 총점":31.6272,
            "매매실거래년":20211206.0,
            "매매실거래가":28250.0,
            "전세실거래년":20211229.0,
            "전세실거래가":24000.0,
            "전세가율":84.96,
            "장기전세가율평균":65.52,
            "전세가율거품지수":-19.44,
            "검색코드":3900,
            "세대수":440.0,
            "준공년월":"1998-12-29",
            "준공년차":25.0,
            "가까운역이름":"곤지암",
            "가까운역거리":991.63,
            "역세권여부":"준역세권",
            "30분이내주요거점역":0,
            "1시간이내주요거점역":5,
            "3km이내백화점수":0,
            "5km이내아울렛몰수":0,
            "1km이내대형먀트수":1,
            "500m이내은행수":0,
            "500m이내병원수":1,
            "5km이내대형병원수":0,
            "500m이내공원수":0,
            "3km이내혐오시설수":0,
            "초등학교학업성취도":89.8,
            "중학교학업성취도":70.2,
            "용적률":287,
            "건폐율":20,
            "Y":37.345187,
            "X":127.33859,
            "rank":28.0,
            "area_info":"22평(75.18), 30평(100.55), 45평(151.31)",
            "last_sales":"2021-12-06,28250.0,22평(75.18)"
        },
        {
            "index":105,
            "아파트명":"e편한세상광주역4단지",
            "투자타입":"일반",
            "전용면적(m2)":"82.61",
            "전용면적(평)":"24평",
            "법정동주소":"경기도 광주시 역동 246",
            "도로명주소":"경기도 광주시 순암로36번길 61",
            "세대수":30,
            "입주년차":80,
            "용적률점수":"--",
            "건폐율점수":"--",
            "세대당주차수":30,
            "난방방식":30,
            "공급면적":"--",
            "전용률":"--",
            "욕실수":100,
            "현관타입":100,
            "주거총점":54.0,
            "지역구공급총점":0.0,
            "역세권":0,
            "30분내 이동가능 거점":20,
            "1시간내 이동가능 거점":70,
            "교통총점":20.0,
            "백화점":0,
            "아울렛몰":0,
            "대형마트":0,
            "은행":0,
            "병원":30,
            "종합병원":80,
            "공원":0,
            "혐오시설":0,
            "인프라총점":19.0,
            "초등학군":89.54,
            "중학군":44.66,
            "학군총점":53.636,
            "인구수":42.82,
            "인구증감":12.58,
            "인구총점":33.748,
            "일자리":18.0,
            "소득수준":54.28,
            "일자리총점":28.884,
            "가치 총점":31.5454,
            "매매실거래년":20210911.0,
            "매매실거래가":81000.0,
            "전세실거래년":20220107.0,
            "전세실거래가":39000.0,
            "전세가율":58.47,
            "장기전세가율평균":65.52,
            "전세가율거품지수":7.05,
            "검색코드":108724,
            "세대수":331.0,
            "준공년월":"2016-10-31",
            "준공년차":7.0,
            "가까운역이름":"삼동",
            "가까운역거리":3985.54,
            "역세권여부":"비역세권",
            "30분이내주요거점역":1,
            "1시간이내주요거점역":7,
            "3km이내백화점수":0,
            "5km이내아울렛몰수":0,
            "1km이내대형먀트수":0,
            "500m이내은행수":0,
            "500m이내병원수":5,
            "5km이내대형병원수":1,
            "500m이내공원수":0,
            "3km이내혐오시설수":0,
            "초등학교학업성취도":89.54,
            "중학교학업성취도":74.1,
            "용적률":191,
            "건폐율":19,
            "Y":37.399188,
            "X":127.246565,
            "rank":29.0,
            "area_info":"24평(82.61), 29평(96.92), 29평(97.22), 29평(97.42), 33평(111.47)",
            "last_sales":"2021-09-11,81000.0,33평(111.47)"
        },
        {
            "index":0,
            "아파트명":"경안대우",
            "투자타입":"일반",
            "전용면적(m2)":"80.5",
            "전용면적(평)":"24평",
            "법정동주소":"경기도 광주시 경안동 157-2",
            "도로명주소":"경기도 광주시 문화로101번길 9",
            "세대수":30,
            "입주년차":20,
            "용적률점수":"--",
            "건폐율점수":"--",
            "세대당주차수":0,
            "난방방식":30,
            "공급면적":"--",
            "전용률":"--",
            "욕실수":100,
            "현관타입":100,
            "주거총점":37.5,
            "지역구공급총점":0.0,
            "역세권":0,
            "30분내 이동가능 거점":20,
            "1시간내 이동가능 거점":60,
            "교통총점":18.0,
            "백화점":0,
            "아울렛몰":0,
            "대형마트":80,
            "은행":0,
            "병원":30,
            "종합병원":80,
            "공원":100,
            "혐오시설":0,
            "인프라총점":34.0,
            "초등학군":90.0,
            "중학군":39.98,
            "학군총점":49.984,
            "인구수":42.82,
            "인구증감":12.58,
            "인구총점":33.748,
            "일자리":18.0,
            "소득수준":54.28,
            "일자리총점":28.884,
            "가치 총점":31.4976,
            "매매실거래년":20211118.0,
            "매매실거래가":49000.0,
            "전세실거래년":20211213.0,
            "전세실거래가":23000.0,
            "전세가율":55.02,
            "장기전세가율평균":65.52,
            "전세가율거품지수":10.5,
            "검색코드":9728,
            "세대수":338.0,
            "준공년월":"2002-12-27",
            "준공년차":21.0,
            "가까운역이름":"삼동",
            "가까운역거리":4180.2,
            "역세권여부":"비역세권",
            "30분이내주요거점역":1,
            "1시간이내주요거점역":6,
            "3km이내백화점수":0,
            "5km이내아울렛몰수":0,
            "1km이내대형먀트수":1,
            "500m이내은행수":0,
            "500m이내병원수":8,
            "5km이내대형병원수":1,
            "500m이내공원수":2,
            "3km이내혐오시설수":0,
            "초등학교학업성취도":90.0,
            "중학교학업성취도":66.5,
            "용적률":186,
            "건폐율":22,
            "Y":37.411379,
            "X":127.250631,
            "rank":30.0,
            "area_info":"24평(80.5), 24평(81.64), 28평(93.99), 32평(106.69), 32평(108.36)",
            "last_sales":"2021-11-18,49000.0,32평(106.69)"
        },
        {
            "index":360,
            "아파트명":"태전아이파크",
            "투자타입":"일반",
            "전용면적(m2)":"79.63",
            "전용면적(평)":"24평",
            "법정동주소":"경기도 광주시 태전동 735",
            "도로명주소":"경기도 광주시 태봉로 110",
            "세대수":50,
            "입주년차":80,
            "용적률점수":"--",
            "건폐율점수":"--",
            "세대당주차수":30,
            "난방방식":30,
            "공급면적":"--",
            "전용률":"--",
            "욕실수":100,
            "현관타입":100,
            "주거총점":61.0,
            "지역구공급총점":0.0,
            "역세권":0,
            "30분내 이동가능 거점":0,
            "1시간내 이동가능 거점":50,
            "교통총점":10.0,
            "백화점":0,
            "아울렛몰":0,
            "대형마트":0,
            "은행":0,
            "병원":60,
            "종합병원":80,
            "공원":100,
            "혐오시설":0,
            "인프라총점":25.0,
            "초등학군":90.56,
            "중학군":45.76,
            "학군총점":54.72,
            "인구수":42.82,
            "인구증감":12.58,
            "인구총점":33.748,
            "일자리":18.0,
            "소득수준":54.28,
            "일자리총점":28.884,
            "가치 총점":31.408,
            "매매실거래년":20211001.0,
            "매매실거래가":69900.0,
            "전세실거래년":20220108.0,
            "전세실거래가":39000.0,
            "전세가율":68.66,
            "장기전세가율평균":65.52,
            "전세가율거품지수":-3.14,
            "검색코드":110495,
            "세대수":640.0,
            "준공년월":"2017-08-01",
            "준공년차":6.0,
            "가까운역이름":"삼동",
            "가까운역거리":3579.97,
            "역세권여부":"비역세권",
            "30분이내주요거점역":0,
            "1시간이내주요거점역":5,
            "3km이내백화점수":0,
            "5km이내아울렛몰수":0,
            "1km이내대형먀트수":0,
            "500m이내은행수":0,
            "500m이내병원수":21,
            "5km이내대형병원수":1,
            "500m이내공원수":4,
            "3km이내혐오시설수":0,
            "초등학교학업성취도":90.56,
            "중학교학업성취도":75.8,
            "용적률":0,
            "건폐율":0,
            "Y":37.384613,
            "X":127.229036,
            "rank":31.0,
            "area_info":"24평(79.63), 33평(110.5), 33평(111.5)",
            "last_sales":"2021-10-01,69900.0,33평(111.5)"
        },
        {
            "index":407,
            "아파트명":"힐스테이트태전(5지구C6블럭)",
            "투자타입":"일반",
            "전용면적(m2)":"81.3",
            "전용면적(평)":"24평",
            "법정동주소":"경기도 광주시 태전동 700",
            "도로명주소":"경기도 광주시 태전동로 54",
            "세대수":50,
            "입주년차":80,
            "용적률점수":"--",
            "건폐율점수":"--",
            "세대당주차수":30,
            "난방방식":30,
            "공급면적":"--",
            "전용률":"--",
            "욕실수":100,
            "현관타입":100,
            "주거총점":61.0,
            "지역구공급총점":0.0,
            "역세권":0,
            "30분내 이동가능 거점":0,
            "1시간내 이동가능 거점":50,
            "교통총점":10.0,
            "백화점":0,
            "아울렛몰":0,
            "대형마트":0,
            "은행":0,
            "병원":60,
            "종합병원":80,
            "공원":100,
            "혐오시설":0,
            "인프라총점":25.0,
            "초등학군":90.56,
            "중학군":45.76,
            "학군총점":54.72,
            "인구수":42.82,
            "인구증감":12.58,
            "인구총점":33.748,
            "일자리":18.0,
            "소득수준":54.28,
            "일자리총점":28.884,
            "가치 총점":31.408,
            "매매실거래년":20210918.0,
            "매매실거래가":67500.0,
            "전세실거래년":20211113.0,
            "전세실거래가":24150.0,
            "전세가율":42.74,
            "장기전세가율평균":65.52,
            "전세가율거품지수":22.78,
            "검색코드":110509,
            "세대수":459.0,
            "준공년월":"2017-09-28",
            "준공년차":6.0,
            "가까운역이름":"삼동",
            "가까운역거리":3853.34,
            "역세권여부":"비역세권",
            "30분이내주요거점역":0,
            "1시간이내주요거점역":5,
            "3km이내백화점수":0,
            "5km이내아울렛몰수":0,
            "1km이내대형먀트수":0,
            "500m이내은행수":0,
            "500m이내병원수":15,
            "5km이내대형병원수":1,
            "500m이내공원수":6,
            "3km이내혐오시설수":0,
            "초등학교학업성취도":90.56,
            "중학교학업성취도":75.8,
            "용적률":198,
            "건폐율":16,
            "Y":37.383432,
            "X":127.232069,
            "rank":31.0,
            "area_info":"24평(81.3), 24평(81.76), 26평(88.18), 29평(98.44), 34평(114.6), 34평(114.32), 34평(114.02)",
            "last_sales":"2021-09-18,67500.0,29평(98.44)"
        },
        {
            "index":388,
            "아파트명":"힐스테이트태전(5지구C4블럭)",
            "투자타입":"일반",
            "전용면적(m2)":"81.49",
            "전용면적(평)":"24평",
            "법정동주소":"경기도 광주시 태전동 698",
            "도로명주소":"경기도 광주시 태성로 25",
            "세대수":50,
            "입주년차":80,
            "용적률점수":"--",
            "건폐율점수":"--",
            "세대당주차수":30,
            "난방방식":30,
            "공급면적":"--",
            "전용률":"--",
            "욕실수":100,
            "현관타입":100,
            "주거총점":61.0,
            "지역구공급총점":0.0,
            "역세권":0,
            "30분내 이동가능 거점":0,
            "1시간내 이동가능 거점":50,
            "교통총점":10.0,
            "백화점":0,
            "아울렛몰":0,
            "대형마트":0,
            "은행":0,
            "병원":60,
            "종합병원":80,
            "공원":100,
            "혐오시설":0,
            "인프라총점":25.0,
            "초등학군":90.56,
            "중학군":45.76,
            "학군총점":54.72,
            "인구수":42.82,
            "인구증감":12.58,
            "인구총점":33.748,
            "일자리":18.0,
            "소득수준":54.28,
            "일자리총점":28.884,
            "가치 총점":31.408,
            "매매실거래년":20211111.0,
            "매매실거래가":59900.0,
            "전세실거래년":20211027.0,
            "전세실거래가":24150.0,
            "전세가율":40.32,
            "장기전세가율평균":65.52,
            "전세가율거품지수":25.2,
            "검색코드":110503,
            "세대수":405.0,
            "준공년월":"2017-09-28",
            "준공년차":6.0,
            "가까운역이름":"삼동",
            "가까운역거리":3611.43,
            "역세권여부":"비역세권",
            "30분이내주요거점역":0,
            "1시간이내주요거점역":5,
            "3km이내백화점수":0,
            "5km이내아울렛몰수":0,
            "1km이내대형먀트수":0,
            "500m이내은행수":1,
            "500m이내병원수":22,
            "5km이내대형병원수":1,
            "500m이내공원수":3,
            "3km이내혐오시설수":0,
            "초등학교학업성취도":90.56,
            "중학교학업성취도":75.8,
            "용적률":200,
            "건폐율":16,
            "Y":37.385647,
            "X":127.231076,
            "rank":31.0,
            "area_info":"24평(81.49), 24평(81.95), 24평(82.24), 29평(98.67), 29평(98.83), 29평(98.84), 34평(114.29), 34평(114.59), 34평(114.45), 34평(114.86)",
            "last_sales":"2021-11-11,59900.0,24평(81.49)"
        },
        {
            "index":398,
            "아파트명":"힐스테이트태전(5지구C5블럭)",
            "투자타입":"일반",
            "전용면적(m2)":"81.07",
            "전용면적(평)":"24평",
            "법정동주소":"경기도 광주시 태전동 699",
            "도로명주소":"경기도 광주시 태전동로 50",
            "세대수":50,
            "입주년차":80,
            "용적률점수":"--",
            "건폐율점수":"--",
            "세대당주차수":30,
            "난방방식":30,
            "공급면적":"--",
            "전용률":"--",
            "욕실수":100,
            "현관타입":100,
            "주거총점":61.0,
            "지역구공급총점":0.0,
            "역세권":0,
            "30분내 이동가능 거점":0,
            "1시간내 이동가능 거점":50,
            "교통총점":10.0,
            "백화점":0,
            "아울렛몰":0,
            "대형마트":0,
            "은행":0,
            "병원":60,
            "종합병원":80,
            "공원":100,
            "혐오시설":0,
            "인프라총점":25.0,
            "초등학군":90.56,
            "중학군":45.76,
            "학군총점":54.72,
            "인구수":42.82,
            "인구증감":12.58,
            "인구총점":33.748,
            "일자리":18.0,
            "소득수준":54.28,
            "일자리총점":28.884,
            "가치 총점":31.408,
            "매매실거래년":20210716.0,
            "매매실거래가":74700.0,
            "전세실거래년":20210830.0,
            "전세실거래가":26500.0,
            "전세가율":48.62,
            "장기전세가율평균":65.52,
            "전세가율거품지수":16.9,
            "검색코드":110504,
            "세대수":597.0,
            "준공년월":"2017-09-28",
            "준공년차":6.0,
            "가까운역이름":"삼동",
            "가까운역거리":3731.54,
            "역세권여부":"비역세권",
            "30분이내주요거점역":0,
            "1시간이내주요거점역":5,
            "3km이내백화점수":0,
            "5km이내아울렛몰수":0,
            "1km이내대형먀트수":0,
            "500m이내은행수":0,
            "500m이내병원수":22,
            "5km이내대형병원수":1,
            "500m이내공원수":4,
            "3km이내혐오시설수":0,
            "초등학교학업성취도":90.56,
            "중학교학업성취도":75.8,
            "용적률":199,
            "건폐율":15,
            "Y":37.384783,
            "X":127.231902,
            "rank":31.0,
            "area_info":"24평(81.07), 24평(81.53), 26평(87.93), 29평(98.33), 29평(98.16), 29평(98.32), 29평(98.12), 34평(114.27), 34평(114.0)",
            "last_sales":"2021-07-16,74700.0,34평(114.0)"
        },
        {
            "index":328,
            "아파트명":"광주태전우림필유",
            "투자타입":"일반",
            "전용면적(m2)":"109.2",
            "전용면적(평)":"33평",
            "법정동주소":"경기도 광주시 태전동 692",
            "도로명주소":"경기도 광주시 태봉로 86",
            "세대수":50,
            "입주년차":60,
            "용적률점수":"--",
            "건폐율점수":"--",
            "세대당주차수":60,
            "난방방식":30,
            "공급면적":"--",
            "전용률":"--",
            "욕실수":100,
            "현관타입":100,
            "주거총점":61.5,
            "지역구공급총점":0.0,
            "역세권":0,
            "30분내 이동가능 거점":0,
            "1시간내 이동가능 거점":50,
            "교통총점":10.0,
            "백화점":0,
            "아울렛몰":0,
            "대형마트":0,
            "은행":0,
            "병원":60,
            "종합병원":80,
            "공원":80,
            "혐오시설":0,
            "인프라총점":24.4,
            "초등학군":90.56,
            "중학군":45.76,
            "학군총점":54.72,
            "인구수":42.82,
            "인구증감":12.58,
            "인구총점":33.748,
            "일자리":18.0,
            "소득수준":54.28,
            "일자리총점":28.884,
            "가치 총점":31.328,
            "매매실거래년":20210830.0,
            "매매실거래가":62700.0,
            "전세실거래년":20210413.0,
            "전세실거래가":37000.0,
            "전세가율":100.0,
            "장기전세가율평균":65.52,
            "전세가율거품지수":-34.48,
            "검색코드":27387,
            "세대수":475.0,
            "준공년월":"2010-10-29",
            "준공년차":13.0,
            "가까운역이름":"삼동",
            "가까운역거리":3413.92,
            "역세권여부":"비역세권",
            "30분이내주요거점역":0,
            "1시간이내주요거점역":5,
            "3km이내백화점수":0,
            "5km이내아울렛몰수":0,
            "1km이내대형먀트수":0,
            "500m이내은행수":1,
            "500m이내병원수":18,
            "5km이내대형병원수":1,
            "500m이내공원수":1,
            "3km이내혐오시설수":0,
            "초등학교학업성취도":90.56,
            "중학교학업성취도":75.8,
            "용적률":223,
            "건폐율":18,
            "Y":37.386204,
            "X":127.2285,
            "rank":32.0,
            "area_info":"33평(109.2), 33평(109.17), 39평(129.83), 39평(129.99), 39평(130.02), 47평(156.73), 47평(157.56), 53평(175.33), 64평(212.03), 71평(237.71)",
            "last_sales":"2021-08-30,62700.0,39평(130.02)"
        },
        {
            "index":114,
            "아파트명":"e편한세상광주역6단지",
            "투자타입":"일반",
            "전용면적(m2)":"82.44",
            "전용면적(평)":"24평",
            "법정동주소":"경기도 광주시 역동 248",
            "도로명주소":"경기도 광주시 순암로36번길 30",
            "세대수":30,
            "입주년차":80,
            "용적률점수":"--",
            "건폐율점수":"--",
            "세대당주차수":30,
            "난방방식":30,
            "공급면적":"--",
            "전용률":"--",
            "욕실수":100,
            "현관타입":100,
            "주거총점":54.0,
            "지역구공급총점":0.0,
            "역세권":0,
            "30분내 이동가능 거점":20,
            "1시간내 이동가능 거점":60,
            "교통총점":18.0,
            "백화점":0,
            "아울렛몰":0,
            "대형마트":0,
            "은행":0,
            "병원":30,
            "종합병원":80,
            "공원":0,
            "혐오시설":0,
            "인프라총점":19.0,
            "초등학군":89.54,
            "중학군":44.66,
            "학군총점":53.636,
            "인구수":42.82,
            "인구증감":12.58,
            "인구총점":33.748,
            "일자리":18.0,
            "소득수준":54.28,
            "일자리총점":28.884,
            "가치 총점":30.8454,
            "매매실거래년":20211020.0,
            "매매실거래가":68000.0,
            "전세실거래년":20211218.0,
            "전세실거래가":40000.0,
            "전세가율":58.82,
            "장기전세가율평균":65.52,
            "전세가율거품지수":6.7,
            "검색코드":108721,
            "세대수":324.0,
            "준공년월":"2016-10-31",
            "준공년차":7.0,
            "가까운역이름":"삼동",
            "가까운역거리":4074.02,
            "역세권여부":"비역세권",
            "30분이내주요거점역":1,
            "1시간이내주요거점역":6,
            "3km이내백화점수":0,
            "5km이내아울렛몰수":0,
            "1km이내대형먀트수":0,
            "500m이내은행수":0,
            "500m이내병원수":5,
            "5km이내대형병원수":1,
            "500m이내공원수":0,
            "3km이내혐오시설수":0,
            "초등학교학업성취도":89.54,
            "중학교학업성취도":74.1,
            "용적률":190,
            "건폐율":15,
            "Y":37.395755,
            "X":127.246102,
            "rank":33.0,
            "area_info":"24평(82.44), 33평(111.48), 33평(111.93)",
            "last_sales":"2021-10-20,68000.0,24평(82.44)"
        },
        {
            "index":149,
            "아파트명":"광주역우방아이유쉘2단지",
            "투자타입":"일반",
            "전용면적(m2)":"81.17",
            "전용면적(평)":"24평",
            "법정동주소":"경기도 광주시 오포읍 양벌리 1111",
            "도로명주소":"경기도 광주시 청석로 74",
            "세대수":50,
            "입주년차":80,
            "용적률점수":"--",
            "건폐율점수":"--",
            "세대당주차수":30,
            "난방방식":30,
            "공급면적":"--",
            "전용률":"--",
            "욕실수":100,
            "현관타입":100,
            "주거총점":61.0,
            "지역구공급총점":0.0,
            "역세권":0,
            "30분내 이동가능 거점":20,
            "1시간내 이동가능 거점":60,
            "교통총점":18.0,
            "백화점":0,
            "아울렛몰":0,
            "대형마트":0,
            "은행":0,
            "병원":0,
            "종합병원":80,
            "공원":0,
            "혐오시설":-100,
            "인프라총점":14.0,
            "초등학군":89.54,
            "중학군":44.66,
            "학군총점":53.636,
            "인구수":42.82,
            "인구증감":12.58,
            "인구총점":33.748,
            "일자리":18.0,
            "소득수준":54.28,
            "일자리총점":28.884,
            "가치 총점":30.7454,
            "매매실거래년":20211021.0,
            "매매실거래가":58000.0,
            "전세실거래년":20211227.0,
            "전세실거래가":27300.0,
            "전세가율":47.07,
            "장기전세가율평균":65.52,
            "전세가율거품지수":18.45,
            "검색코드":112501,
            "세대수":446.0,
            "준공년월":"2018-09-14",
            "준공년차":5.0,
            "가까운역이름":"초월",
            "가까운역거리":4112.67,
            "역세권여부":"비역세권",
            "30분이내주요거점역":1,
            "1시간이내주요거점역":6,
            "3km이내백화점수":0,
            "5km이내아울렛몰수":0,
            "1km이내대형먀트수":0,
            "500m이내은행수":0,
            "500m이내병원수":0,
            "5km이내대형병원수":1,
            "500m이내공원수":0,
            "3km이내혐오시설수":2,
            "초등학교학업성취도":89.54,
            "중학교학업성취도":74.1,
            "용적률":158,
            "건폐율":16,
            "Y":37.394775,
            "X":127.260136,
            "rank":34.0,
            "area_info":"24평(81.17), 31평(103.65), 34평(112.91), 34평(114.1)",
            "last_sales":"2021-10-21,58000.0,24평(81.17)"
        },
        {
            "index":154,
            "아파트명":"광주오포현대",
            "투자타입":"일반",
            "전용면적(m2)":"93.51",
            "전용면적(평)":"28평",
            "법정동주소":"경기도 광주시 오포읍 능평리 463-1",
            "도로명주소":"경기도 광주시 능평로 38",
            "세대수":30,
            "입주년차":20,
            "용적률점수":"--",
            "건폐율점수":"--",
            "세대당주차수":30,
            "난방방식":30,
            "공급면적":"--",
            "전용률":"--",
            "욕실수":50,
            "현관타입":100,
            "주거총점":37.0,
            "지역구공급총점":0.0,
            "역세권":0,
            "30분내 이동가능 거점":40,
            "1시간내 이동가능 거점":60,
            "교통총점":24.0,
            "백화점":0,
            "아울렛몰":0,
            "대형마트":0,
            "은행":0,
            "병원":10,
            "종합병원":100,
            "공원":0,
            "혐오시설":0,
            "인프라총점":21.0,
            "초등학군":89.44,
            "중학군":48.22,
            "학군총점":56.464,
            "인구수":42.82,
            "인구증감":12.58,
            "인구총점":33.748,
            "일자리":18.0,
            "소득수준":54.28,
            "일자리총점":28.884,
            "가치 총점":30.5696,
            "매매실거래년":20210814.0,
            "매매실거래가":45000.0,
            "전세실거래년":null,
            "전세실거래가":null,
            "전세가율":null,
            "장기전세가율평균":65.52,
            "전세가율거품지수":null,
            "검색코드":3905,
            "세대수":300.0,
            "준공년월":"2001-06-19",
            "준공년차":22.0,
            "가까운역이름":"미금",
            "가까운역거리":4787.54,
            "역세권여부":"비역세권",
            "30분이내주요거점역":2,
            "1시간이내주요거점역":6,
            "3km이내백화점수":0,
            "5km이내아울렛몰수":0,
            "1km이내대형먀트수":0,
            "500m이내은행수":1,
            "500m이내병원수":3,
            "5km이내대형병원수":2,
            "500m이내공원수":0,
            "3km이내혐오시설수":0,
            "초등학교학업성취도":89.44,
            "중학교학업성취도":79.1,
            "용적률":184,
            "건폐율":18,
            "Y":37.353716,
            "X":127.162879,
            "rank":35.0,
            "area_info":"28평(93.51), 35평(115.86), 45평(149.18)",
            "last_sales":"2021-08-14,45000.0,45평(149.18)"
        },
        {
            "index":345,
            "아파트명":"성원2단지",
            "투자타입":"일반",
            "전용면적(m2)":"106.48",
            "전용면적(평)":"32평",
            "법정동주소":"경기도 광주시 태전동 222",
            "도로명주소":"경기도 광주시 태봉로 61",
            "세대수":50,
            "입주년차":20,
            "용적률점수":"--",
            "건폐율점수":"--",
            "세대당주차수":60,
            "난방방식":30,
            "공급면적":"--",
            "전용률":"--",
            "욕실수":100,
            "현관타입":100,
            "주거총점":53.5,
            "지역구공급총점":0.0,
            "역세권":0,
            "30분내 이동가능 거점":0,
            "1시간내 이동가능 거점":50,
            "교통총점":10.0,
            "백화점":0,
            "아울렛몰":0,
            "대형마트":0,
            "은행":20,
            "병원":60,
            "종합병원":80,
            "공원":80,
            "혐오시설":0,
            "인프라총점":26.4,
            "초등학군":88.78,
            "중학군":45.76,
            "학군총점":54.364,
            "인구수":42.82,
            "인구증감":12.58,
            "인구총점":33.748,
            "일자리":18.0,
            "소득수준":54.28,
            "일자리총점":28.884,
            "가치 총점":30.2746,
            "매매실거래년":20211220.0,
            "매매실거래가":48000.0,
            "전세실거래년":20211204.0,
            "전세실거래가":19950.0,
            "전세가율":41.56,
            "장기전세가율평균":65.52,
            "전세가율거품지수":23.96,
            "검색코드":3915,
            "세대수":435.0,
            "준공년월":"2000-12-28",
            "준공년차":23.0,
            "가까운역이름":"삼동",
            "가까운역거리":3360.88,
            "역세권여부":"비역세권",
            "30분이내주요거점역":0,
            "1시간이내주요거점역":5,
            "3km이내백화점수":0,
            "5km이내아울렛몰수":0,
            "1km이내대형먀트수":0,
            "500m이내은행수":2,
            "500m이내병원수":20,
            "5km이내대형병원수":1,
            "500m이내공원수":1,
            "3km이내혐오시설수":0,
            "초등학교학업성취도":88.78,
            "중학교학업성취도":75.8,
            "용적률":249,
            "건폐율":18,
            "Y":37.388062,
            "X":127.230152,
            "rank":36.0,
            "area_info":"32평(106.48), 38평(127.63), 51평(169.05)",
            "last_sales":"2021-12-20,48000.0,32평(106.48)"
        },
        {
            "index":61,
            "아파트명":"현대",
            "투자타입":"일반",
            "전용면적(m2)":"112.29",
            "전용면적(평)":"33평",
            "법정동주소":"경기도 광주시 송정동 55",
            "도로명주소":"경기도 광주시 광주대로129번길 11-5",
            "세대수":30,
            "입주년차":20,
            "용적률점수":"--",
            "건폐율점수":"--",
            "세대당주차수":30,
            "난방방식":30,
            "공급면적":"--",
            "전용률":"--",
            "욕실수":100,
            "현관타입":100,
            "주거총점":42.0,
            "지역구공급총점":0.0,
            "역세권":0,
            "30분내 이동가능 거점":0,
            "1시간내 이동가능 거점":60,
            "교통총점":12.0,
            "백화점":0,
            "아울렛몰":0,
            "대형마트":80,
            "은행":0,
            "병원":10,
            "종합병원":80,
            "공원":0,
            "혐오시설":0,
            "인프라총점":29.0,
            "초등학군":88.8,
            "중학군":50.4,
            "학군총점":58.08,
            "인구수":42.82,
            "인구증감":12.58,
            "인구총점":33.748,
            "일자리":18.0,
            "소득수준":54.28,
            "일자리총점":28.884,
            "가치 총점":30.012,
            "매매실거래년":20210722.0,
            "매매실거래가":44500.0,
            "전세실거래년":20220108.0,
            "전세실거래가":32000.0,
            "전세가율":71.91,
            "장기전세가율평균":65.52,
            "전세가율거품지수":-6.39,
            "검색코드":9987,
            "세대수":326.0,
            "준공년월":"2002-07-19",
            "준공년차":21.0,
            "가까운역이름":"삼동",
            "가까운역거리":4917.26,
            "역세권여부":"비역세권",
            "30분이내주요거점역":0,
            "1시간이내주요거점역":6,
            "3km이내백화점수":0,
            "5km이내아울렛몰수":0,
            "1km이내대형먀트수":1,
            "500m이내은행수":0,
            "500m이내병원수":4,
            "5km이내대형병원수":1,
            "500m이내공원수":0,
            "3km이내혐오시설수":0,
            "초등학교학업성취도":88.8,
            "중학교학업성취도":82.6,
            "용적률":289,
            "건폐율":19,
            "Y":37.41764,
            "X":127.25809,
            "rank":37.0,
            "area_info":"33평(112.29), 48평(159.37)",
            "last_sales":"2021-07-22,44500.0,33평(112.29)"
        },
        {
            "index":348,
            "아파트명":"성원3단지",
            "투자타입":"일반",
            "전용면적(m2)":"106.17",
            "전용면적(평)":"32평",
            "법정동주소":"경기도 광주시 태전동 193",
            "도로명주소":"경기도 광주시 태봉로 77",
            "세대수":50,
            "입주년차":20,
            "용적률점수":"--",
            "건폐율점수":"--",
            "세대당주차수":60,
            "난방방식":30,
            "공급면적":"--",
            "전용률":"--",
            "욕실수":100,
            "현관타입":100,
            "주거총점":53.5,
            "지역구공급총점":0.0,
            "역세권":0,
            "30분내 이동가능 거점":0,
            "1시간내 이동가능 거점":50,
            "교통총점":10.0,
            "백화점":0,
            "아울렛몰":0,
            "대형마트":0,
            "은행":0,
            "병원":60,
            "종합병원":80,
            "공원":80,
            "혐오시설":0,
            "인프라총점":24.4,
            "초등학군":90.56,
            "중학군":45.76,
            "학군총점":54.72,
            "인구수":42.82,
            "인구증감":12.58,
            "인구총점":33.748,
            "일자리":18.0,
            "소득수준":54.28,
            "일자리총점":28.884,
            "가치 총점":29.728,
            "매매실거래년":20211214.0,
            "매매실거래가":60000.0,
            "전세실거래년":20210724.0,
            "전세실거래가":37000.0,
            "전세가율":82.22,
            "장기전세가율평균":65.52,
            "전세가율거품지수":-16.7,
            "검색코드":3916,
            "세대수":427.0,
            "준공년월":"2000-12-28",
            "준공년차":23.0,
            "가까운역이름":"삼동",
            "가까운역거리":3475.74,
            "역세권여부":"비역세권",
            "30분이내주요거점역":0,
            "1시간이내주요거점역":5,
            "3km이내백화점수":0,
            "5km이내아울렛몰수":0,
            "1km이내대형먀트수":0,
            "500m이내은행수":1,
            "500m이내병원수":20,
            "5km이내대형병원수":1,
            "500m이내공원수":1,
            "3km이내혐오시설수":0,
            "초등학교학업성취도":90.56,
            "중학교학업성취도":75.8,
            "용적률":0,
            "건폐율":0,
            "Y":37.38683,
            "X":127.23042,
            "rank":38.0,
            "area_info":"32평(106.17), 38평(127.28), 50평(168.58)",
            "last_sales":"2021-12-14,60000.0,50평(168.58)"
        },
        {
            "index":143,
            "아파트명":"광주양촌현대",
            "투자타입":"일반",
            "전용면적(m2)":"107.39",
            "전용면적(평)":"32평",
            "법정동주소":"경기도 광주시 오포읍 양벌리 616",
            "도로명주소":"경기도 광주시 양촌길 134",
            "세대수":30,
            "입주년차":20,
            "용적률점수":"--",
            "건폐율점수":"--",
            "세대당주차수":30,
            "난방방식":30,
            "공급면적":"--",
            "전용률":"--",
            "욕실수":100,
            "현관타입":100,
            "주거총점":42.0,
            "지역구공급총점":0.0,
            "역세권":0,
            "30분내 이동가능 거점":0,
            "1시간내 이동가능 거점":30,
            "교통총점":6.0,
            "백화점":0,
            "아울렛몰":0,
            "대형마트":80,
            "은행":0,
            "병원":60,
            "종합병원":80,
            "공원":80,
            "혐오시설":0,
            "인프라총점":36.4,
            "초등학군":90.66,
            "중학군":45.76,
            "학군총점":54.74,
            "인구수":42.82,
            "인구증감":12.58,
            "인구총점":33.748,
            "일자리":18.0,
            "소득수준":54.28,
            "일자리총점":28.884,
            "가치 총점":29.631,
            "매매실거래년":20211127.0,
            "매매실거래가":42500.0,
            "전세실거래년":20211106.0,
            "전세실거래가":20000.0,
            "전세가율":47.06,
            "장기전세가율평균":65.52,
            "전세가율거품지수":18.46,
            "검색코드":3907,
            "세대수":390.0,
            "준공년월":"2000-11-17",
            "준공년차":23.0,
            "가까운역이름":"초월",
            "가까운역거리":4459.16,
            "역세권여부":"비역세권",
            "30분이내주요거점역":0,
            "1시간이내주요거점역":3,
            "3km이내백화점수":0,
            "5km이내아울렛몰수":0,
            "1km이내대형먀트수":1,
            "500m이내은행수":0,
            "500m이내병원수":10,
            "5km이내대형병원수":1,
            "500m이내공원수":1,
            "3km이내혐오시설수":0,
            "초등학교학업성취도":90.66,
            "중학교학업성취도":75.8,
            "용적률":207,
            "건폐율":14,
            "Y":37.370404,
            "X":127.248792,
            "rank":39.0,
            "area_info":"32평(107.39), 38평(126.57)",
            "last_sales":"2021-11-27,42500.0,32평(107.39)"
        },
        {
            "index":145,
            "아파트명":"광주역우방아이유쉘1단지",
            "투자타입":"일반",
            "전용면적(m2)":"80.67",
            "전용면적(평)":"24평",
            "법정동주소":"경기도 광주시 오포읍 양벌리 1112",
            "도로명주소":"경기도 광주시 청석로 70",
            "세대수":30,
            "입주년차":80,
            "용적률점수":"--",
            "건폐율점수":"--",
            "세대당주차수":30,
            "난방방식":30,
            "공급면적":"--",
            "전용률":"--",
            "욕실수":100,
            "현관타입":100,
            "주거총점":54.0,
            "지역구공급총점":0.0,
            "역세권":0,
            "30분내 이동가능 거점":20,
            "1시간내 이동가능 거점":60,
            "교통총점":18.0,
            "백화점":0,
            "아울렛몰":0,
            "대형마트":0,
            "은행":0,
            "병원":0,
            "종합병원":80,
            "공원":0,
            "혐오시설":-100,
            "인프라총점":14.0,
            "초등학군":89.54,
            "중학군":44.66,
            "학군총점":53.636,
            "인구수":42.82,
            "인구증감":12.58,
            "인구총점":33.748,
            "일자리":18.0,
            "소득수준":54.28,
            "일자리총점":28.884,
            "가치 총점":29.3454,
            "매매실거래년":20211205.0,
            "매매실거래가":62000.0,
            "전세실거래년":20210926.0,
            "전세실거래가":40000.0,
            "전세가율":67.45,
            "장기전세가율평균":65.52,
            "전세가율거품지수":-1.93,
            "검색코드":112500,
            "세대수":352.0,
            "준공년월":"2018-09-14",
            "준공년차":5.0,
            "가까운역이름":"초월",
            "가까운역거리":4157.21,
            "역세권여부":"비역세권",
            "30분이내주요거점역":1,
            "1시간이내주요거점역":6,
            "3km이내백화점수":0,
            "5km이내아울렛몰수":0,
            "1km이내대형먀트수":0,
            "500m이내은행수":0,
            "500m이내병원수":0,
            "5km이내대형병원수":1,
            "500m이내공원수":0,
            "3km이내혐오시설수":2,
            "초등학교학업성취도":89.54,
            "중학교학업성취도":74.1,
            "용적률":137,
            "건폐율":17,
            "Y":37.393447,
            "X":127.258498,
            "rank":40.0,
            "area_info":"24평(80.67), 31평(102.99), 33평(112.19), 34평(113.38)",
            "last_sales":"2021-12-05,62000.0,31평(102.99)"
        },
        {
            "index":414,
            "아파트명":"힐스테이트태전(6지구C7블럭)",
            "투자타입":"일반",
            "전용면적(m2)":"81.27",
            "전용면적(평)":"24평",
            "법정동주소":"경기도 광주시 태전동 702",
            "도로명주소":"경기도 광주시 태성로 107",
            "세대수":50,
            "입주년차":80,
            "용적률점수":"--",
            "건폐율점수":"--",
            "세대당주차수":30,
            "난방방식":30,
            "공급면적":"--",
            "전용률":"--",
            "욕실수":100,
            "현관타입":100,
            "주거총점":61.0,
            "지역구공급총점":0.0,
            "역세권":0,
            "30분내 이동가능 거점":0,
            "1시간내 이동가능 거점":40,
            "교통총점":8.0,
            "백화점":0,
            "아울렛몰":0,
            "대형마트":0,
            "은행":0,
            "병원":10,
            "종합병원":80,
            "공원":100,
            "혐오시설":0,
            "인프라총점":20.0,
            "초등학군":93.18,
            "중학군":45.76,
            "학군총점":55.244,
            "인구수":42.82,
            "인구증감":12.58,
            "인구총점":33.748,
            "일자리":18.0,
            "소득수준":54.28,
            "일자리총점":28.884,
            "가치 총점":29.2866,
            "매매실거래년":20210816.0,
            "매매실거래가":77500.0,
            "전세실거래년":20211226.0,
            "전세실거래가":40000.0,
            "전세가율":71.68,
            "장기전세가율평균":65.52,
            "전세가율거품지수":-6.16,
            "검색코드":110510,
            "세대수":556.0,
            "준공년월":"2017-10-30",
            "준공년차":6.0,
            "가까운역이름":"삼동",
            "가까운역거리":3930.94,
            "역세권여부":"비역세권",
            "30분이내주요거점역":0,
            "1시간이내주요거점역":4,
            "3km이내백화점수":0,
            "5km이내아울렛몰수":0,
            "1km이내대형먀트수":0,
            "500m이내은행수":0,
            "500m이내병원수":3,
            "5km이내대형병원수":1,
            "500m이내공원수":4,
            "3km이내혐오시설수":0,
            "초등학교학업성취도":93.18,
            "중학교학업성취도":75.8,
            "용적률":201,
            "건폐율":16,
            "Y":37.38061,
            "X":127.228966,
            "rank":41.0,
            "area_info":"24평(81.27), 24평(81.74), 24평(82.02), 26평(88.15), 29평(98.58), 29평(98.57), 29평(98.37), 34평(113.99), 34평(114.56), 34평(114.29)",
            "last_sales":"2021-08-16,77500.0,34평(114.56)"
        },
        {
            "index":424,
            "아파트명":"힐스테이트태전(6지구C8블럭)",
            "투자타입":"일반",
            "전용면적(m2)":"81.63",
            "전용면적(평)":"24평",
            "법정동주소":"경기도 광주시 태전동 703",
            "도로명주소":"경기도 광주시 태봉로 176",
            "세대수":50,
            "입주년차":80,
            "용적률점수":"--",
            "건폐율점수":"--",
            "세대당주차수":30,
            "난방방식":30,
            "공급면적":"--",
            "전용률":"--",
            "욕실수":100,
            "현관타입":100,
            "주거총점":61.0,
            "지역구공급총점":0.0,
            "역세권":0,
            "30분내 이동가능 거점":0,
            "1시간내 이동가능 거점":40,
            "교통총점":8.0,
            "백화점":0,
            "아울렛몰":0,
            "대형마트":0,
            "은행":0,
            "병원":10,
            "종합병원":80,
            "공원":100,
            "혐오시설":0,
            "인프라총점":20.0,
            "초등학군":93.18,
            "중학군":45.76,
            "학군총점":55.244,
            "인구수":42.82,
            "인구증감":12.58,
            "인구총점":33.748,
            "일자리":18.0,
            "소득수준":54.28,
            "일자리총점":28.884,
            "가치 총점":29.2866,
            "매매실거래년":20211127.0,
            "매매실거래가":58700.0,
            "전세실거래년":20211208.0,
            "전세실거래가":23100.0,
            "전세가율":39.35,
            "장기전세가율평균":65.52,
            "전세가율거품지수":26.17,
            "검색코드":110511,
            "세대수":620.0,
            "준공년월":"2017-10-30",
            "준공년차":6.0,
            "가까운역이름":"삼동",
            "가까운역거리":4137.75,
            "역세권여부":"비역세권",
            "30분이내주요거점역":0,
            "1시간이내주요거점역":4,
            "3km이내백화점수":0,
            "5km이내아울렛몰수":0,
            "1km이내대형먀트수":0,
            "500m이내은행수":0,
            "500m이내병원수":3,
            "5km이내대형병원수":1,
            "500m이내공원수":4,
            "3km이내혐오시설수":0,
            "초등학교학업성취도":93.18,
            "중학교학업성취도":75.8,
            "용적률":199,
            "건폐율":15,
            "Y":37.378709,
            "X":127.22962,
            "rank":41.0,
            "area_info":"24평(81.63), 24평(82.09), 26평(88.53), 29평(98.84), 29평(99.01), 29평(99.0)",
            "last_sales":"2021-11-27,58700.0,24평(81.63)"
        },
        {
            "index":174,
            "아파트명":"양벌리세양청마루",
            "투자타입":"일반",
            "전용면적(m2)":"78.97",
            "전용면적(평)":"23평",
            "법정동주소":"경기도 광주시 오포읍 양벌리 1104",
            "도로명주소":"경기도 광주시 양촌안길 35-17",
            "세대수":50,
            "입주년차":40,
            "용적률점수":"--",
            "건폐율점수":"--",
            "세대당주차수":0,
            "난방방식":30,
            "공급면적":"--",
            "전용률":"--",
            "욕실수":100,
            "현관타입":100,
            "주거총점":48.5,
            "지역구공급총점":0.0,
            "역세권":0,
            "30분내 이동가능 거점":0,
            "1시간내 이동가능 거점":30,
            "교통총점":6.0,
            "백화점":0,
            "아울렛몰":0,
            "대형마트":80,
            "은행":0,
            "병원":0,
            "종합병원":80,
            "공원":80,
            "혐오시설":0,
            "인프라총점":30.4,
            "초등학군":90.66,
            "중학군":45.76,
            "학군총점":54.74,
            "인구수":42.82,
            "인구증감":12.58,
            "인구총점":33.748,
            "일자리":18.0,
            "소득수준":54.28,
            "일자리총점":28.884,
            "가치 총점":29.131,
            "매매실거래년":20210916.0,
            "매매실거래가":38500.0,
            "전세실거래년":20211205.0,
            "전세실거래가":20000.0,
            "전세가율":81.63,
            "장기전세가율평균":65.52,
            "전세가율거품지수":-16.11,
            "검색코드":9564,
            "세대수":408.0,
            "준공년월":"2004-01-20",
            "준공년차":19.0,
            "가까운역이름":"초월",
            "가까운역거리":4053.09,
            "역세권여부":"비역세권",
            "30분이내주요거점역":0,
            "1시간이내주요거점역":3,
            "3km이내백화점수":0,
            "5km이내아울렛몰수":0,
            "1km이내대형먀트수":1,
            "500m이내은행수":0,
            "500m이내병원수":0,
            "5km이내대형병원수":1,
            "500m이내공원수":1,
            "3km이내혐오시설수":0,
            "초등학교학업성취도":90.66,
            "중학교학업성취도":75.8,
            "용적률":201,
            "건폐율":18,
            "Y":37.372126,
            "X":127.253224,
            "rank":42.0,
            "area_info":"23평(78.97), 32평(106.68)",
            "last_sales":"2021-09-16,38500.0,32평(106.68)"
        },
        {
            "index":203,
            "아파트명":"오포베르빌",
            "투자타입":"일반",
            "전용면적(m2)":"116.64",
            "전용면적(평)":"35평",
            "법정동주소":"경기도 광주시 오포읍 능평리 141-2",
            "도로명주소":"경기도 광주시 능평로 193",
            "세대수":50,
            "입주년차":20,
            "용적률점수":"--",
            "건폐율점수":"--",
            "세대당주차수":60,
            "난방방식":30,
            "공급면적":"--",
            "전용률":"--",
            "욕실수":100,
            "현관타입":100,
            "주거총점":53.5,
            "지역구공급총점":0.0,
            "역세권":0,
            "30분내 이동가능 거점":0,
            "1시간내 이동가능 거점":60,
            "교통총점":12.0,
            "백화점":0,
            "아울렛몰":0,
            "대형마트":0,
            "은행":0,
            "병원":30,
            "종합병원":80,
            "공원":0,
            "혐오시설":0,
            "인프라총점":19.0,
            "초등학군":89.39,
            "중학군":48.22,
            "학군총점":56.454,
            "인구수":42.82,
            "인구증감":12.58,
            "인구총점":33.748,
            "일자리":18.0,
            "소득수준":54.28,
            "일자리총점":28.884,
            "가치 총점":29.0681,
            "매매실거래년":20211207.0,
            "매매실거래가":42000.0,
            "전세실거래년":20220113.0,
            "전세실거래가":33000.0,
            "전세가율":78.57,
            "장기전세가율평균":65.52,
            "전세가율거품지수":-13.05,
            "검색코드":3570,
            "세대수":436.0,
            "준공년월":"2001-12-12",
            "준공년차":22.0,
            "가까운역이름":"미금",
            "가까운역거리":6062.41,
            "역세권여부":"비역세권",
            "30분이내주요거점역":0,
            "1시간이내주요거점역":6,
            "3km이내백화점수":0,
            "5km이내아울렛몰수":0,
            "1km이내대형먀트수":0,
            "500m이내은행수":0,
            "500m이내병원수":5,
            "5km이내대형병원수":1,
            "500m이내공원수":0,
            "3km이내혐오시설수":0,
            "초등학교학업성취도":89.39,
            "중학교학업성취도":79.1,
            "용적률":0,
            "건폐율":0,
            "Y":37.346203,
            "X":127.177319,
            "rank":43.0,
            "area_info":"35평(116.64), 46평(154.42), 57평(191.49)",
            "last_sales":"2021-12-07,42000.0,35평(116.64)"
        },
        {
            "index":63,
            "아파트명":"광주센트럴푸르지오",
            "투자타입":"일반",
            "전용면적(m2)":"87.02",
            "전용면적(평)":"26평",
            "법정동주소":"경기도 광주시 쌍령동 503",
            "도로명주소":"경기도 광주시 경충대로1461번길 43",
            "세대수":90,
            "입주년차":80,
            "용적률점수":"--",
            "건폐율점수":"--",
            "세대당주차수":30,
            "난방방식":30,
            "공급면적":"--",
            "전용률":"--",
            "욕실수":100,
            "현관타입":100,
            "주거총점":75.0,
            "지역구공급총점":0.0,
            "역세권":0,
            "30분내 이동가능 거점":0,
            "1시간내 이동가능 거점":40,
            "교통총점":8.0,
            "백화점":0,
            "아울렛몰":0,
            "대형마트":0,
            "은행":0,
            "병원":0,
            "종합병원":80,
            "공원":80,
            "혐오시설":-100,
            "인프라총점":16.4,
            "초등학군":49.48,
            "중학군":39.98,
            "학군총점":41.88,
            "인구수":42.82,
            "인구증감":12.58,
            "인구총점":33.748,
            "일자리":18.0,
            "소득수준":54.28,
            "일자리총점":28.884,
            "가치 총점":29.002,
            "매매실거래년":20211215.0,
            "매매실거래가":58500.0,
            "전세실거래년":20211129.0,
            "전세실거래가":24670.0,
            "전세가율":43.51,
            "장기전세가율평균":65.52,
            "전세가율거품지수":22.01,
            "검색코드":112431,
            "세대수":1425.0,
            "준공년월":"2018-04-01",
            "준공년차":5.0,
            "가까운역이름":"초월",
            "가까운역거리":3610.27,
            "역세권여부":"비역세권",
            "30분이내주요거점역":0,
            "1시간이내주요거점역":4,
            "3km이내백화점수":0,
            "5km이내아울렛몰수":0,
            "1km이내대형먀트수":0,
            "500m이내은행수":0,
            "500m이내병원수":0,
            "5km이내대형병원수":1,
            "500m이내공원수":1,
            "3km이내혐오시설수":2,
            "초등학교학업성취도":49.48,
            "중학교학업성취도":66.5,
            "용적률":149,
            "건폐율":17,
            "Y":37.397194,
            "X":127.269877,
            "rank":44.0,
            "area_info":"26평(87.02), 30평(99.91), 29평(99.0), 33평(111.09)",
            "last_sales":"2021-12-15,58500.0,29평(99.0)"
        },
        {
            "index":375,
            "아파트명":"태전파크자이 14블록",
            "투자타입":"일반",
            "전용면적(m2)":"83.83",
            "전용면적(평)":"25평",
            "법정동주소":"경기도 광주시 태전동 728",
            "도로명주소":"경기도 광주시 벼루개길42번길 36-1",
            "세대수":30,
            "입주년차":100,
            "용적률점수":"--",
            "건폐율점수":"--",
            "세대당주차수":60,
            "난방방식":30,
            "공급면적":"--",
            "전용률":"--",
            "욕실수":100,
            "현관타입":100,
            "주거총점":62.5,
            "지역구공급총점":0.0,
            "역세권":0,
            "30분내 이동가능 거점":0,
            "1시간내 이동가능 거점":30,
            "교통총점":6.0,
            "백화점":0,
            "아울렛몰":0,
            "대형마트":0,
            "은행":0,
            "병원":10,
            "종합병원":80,
            "공원":100,
            "혐오시설":0,
            "인프라총점":20.0,
            "초등학군":93.18,
            "중학군":45.76,
            "학군총점":55.244,
            "인구수":42.82,
            "인구증감":12.58,
            "인구총점":33.748,
            "일자리":18.0,
            "소득수준":54.28,
            "일자리총점":28.884,
            "가치 총점":28.8866,
            "매매실거래년":20211113.0,
            "매매실거래가":60000.0,
            "전세실거래년":20211201.0,
            "전세실거래가":39000.0,
            "전세가율":64.46,
            "장기전세가율평균":65.52,
            "전세가율거품지수":1.06,
            "검색코드":115823,
            "세대수":340.0,
            "준공년월":"2019-08-01",
            "준공년차":4.0,
            "가까운역이름":"삼동",
            "가까운역거리":4245.2,
            "역세권여부":"비역세권",
            "30분이내주요거점역":0,
            "1시간이내주요거점역":3,
            "3km이내백화점수":0,
            "5km이내아울렛몰수":0,
            "1km이내대형먀트수":0,
            "500m이내은행수":0,
            "500m이내병원수":3,
            "5km이내대형병원수":1,
            "500m이내공원수":3,
            "3km이내혐오시설수":0,
            "초등학교학업성취도":93.18,
            "중학교학업성취도":75.8,
            "용적률":199,
            "건폐율":19,
            "Y":37.380262,
            "X":127.234228,
            "rank":45.0,
            "area_info":"25평(83.83), 25평(83.54), 25평(84.12), 25평(84.32), 29평(97.64), 29평(97.82), 30평(99.29), 34평(113.36)",
            "last_sales":"2021-11-13,60000.0,25평(84.32)"
        },
        {
            "index":95,
            "아파트명":"e편한세상광주역2단지",
            "투자타입":"일반",
            "전용면적(m2)":"109.77",
            "전용면적(평)":"33평",
            "법정동주소":"경기도 광주시 역동 244",
            "도로명주소":"경기도 광주시 순암로36번길 70",
            "세대수":0,
            "입주년차":80,
            "용적률점수":"--",
            "건폐율점수":"--",
            "세대당주차수":30,
            "난방방식":30,
            "공급면적":"--",
            "전용률":"--",
            "욕실수":100,
            "현관타입":100,
            "주거총점":43.5,
            "지역구공급총점":0.0,
            "역세권":0,
            "30분내 이동가능 거점":20,
            "1시간내 이동가능 거점":70,
            "교통총점":20.0,
            "백화점":0,
            "아울렛몰":0,
            "대형마트":0,
            "은행":0,
            "병원":10,
            "종합병원":80,
            "공원":0,
            "혐오시설":0,
            "인프라총점":17.0,
            "초등학군":89.54,
            "중학군":44.66,
            "학군총점":53.636,
            "인구수":42.82,
            "인구증감":12.58,
            "인구총점":33.748,
            "일자리":18.0,
            "소득수준":54.28,
            "일자리총점":28.884,
            "가치 총점":28.8454,
            "매매실거래년":20211119.0,
            "매매실거래가":85000.0,
            "전세실거래년":20211218.0,
            "전세실거래가":41000.0,
            "전세가율":47.84,
            "장기전세가율평균":65.52,
            "전세가율거품지수":17.68,
            "검색코드":108720,
            "세대수":289.0,
            "준공년월":"2016-11-01",
            "준공년차":7.0,
            "가까운역이름":"삼동",
            "가까운역거리":4117.62,
            "역세권여부":"비역세권",
            "30분이내주요거점역":1,
            "1시간이내주요거점역":7,
            "3km이내백화점수":0,
            "5km이내아울렛몰수":0,
            "1km이내대형먀트수":0,
            "500m이내은행수":0,
            "500m이내병원수":4,
            "5km이내대형병원수":1,
            "500m이내공원수":0,
            "3km이내혐오시설수":0,
            "초등학교학업성취도":89.54,
            "중학교학업성취도":74.1,
            "용적률":181,
            "건폐율":14,
            "Y":37.399837,
            "X":127.248354,
            "rank":46.0,
            "area_info":"33평(109.77), 33평(110.23), 33평(110.03)",
            "last_sales":"2021-11-19,85000.0,33평(110.23)"
        },
        {
            "index":436,
            "아파트명":"힐스테이트태전에듀포레2차(C10블록)",
            "투자타입":"일반",
            "전용면적(m2)":"85.0",
            "전용면적(평)":"25평",
            "법정동주소":"경기도 광주시 태전동 722",
            "도로명주소":"경기도 광주시 벼루개길42번길 24-1",
            "세대수":30,
            "입주년차":100,
            "용적률점수":"--",
            "건폐율점수":"--",
            "세대당주차수":30,
            "난방방식":30,
            "공급면적":"--",
            "전용률":"--",
            "욕실수":100,
            "현관타입":100,
            "주거총점":58.0,
            "지역구공급총점":0.0,
            "역세권":0,
            "30분내 이동가능 거점":0,
            "1시간내 이동가능 거점":40,
            "교통총점":8.0,
            "백화점":0,
            "아울렛몰":0,
            "대형마트":0,
            "은행":0,
            "병원":10,
            "종합병원":80,
            "공원":100,
            "혐오시설":0,
            "인프라총점":20.0,
            "초등학군":93.18,
            "중학군":45.76,
            "학군총점":55.244,
            "인구수":42.82,
            "인구증감":12.58,
            "인구총점":33.748,
            "일자리":18.0,
            "소득수준":54.28,
            "일자리총점":28.884,
            "가치 총점":28.6866,
            "매매실거래년":20211022.0,
            "매매실거래가":74100.0,
            "전세실거래년":20211115.0,
            "전세실거래가":22050.0,
            "전세가율":45.0,
            "장기전세가율평균":65.52,
            "전세가율거품지수":20.52,
            "검색코드":115541,
            "세대수":394.0,
            "준공년월":"2019-08-29",
            "준공년차":4.0,
            "가까운역이름":"삼동",
            "가까운역거리":4112.19,
            "역세권여부":"비역세권",
            "30분이내주요거점역":0,
            "1시간이내주요거점역":4,
            "3km이내백화점수":0,
            "5km이내아울렛몰수":0,
            "1km이내대형먀트수":0,
            "500m이내은행수":0,
            "500m이내병원수":3,
            "5km이내대형병원수":1,
            "500m이내공원수":4,
            "3km이내혐오시설수":0,
            "초등학교학업성취도":93.18,
            "중학교학업성취도":75.8,
            "용적률":206,
            "건폐율":14,
            "Y":37.38087,
            "X":127.232791,
            "rank":47.0,
            "area_info":"25평(85.0), 29평(97.42), 29평(97.25), 29평(98.48), 29평(98.47), 34평(112.84)",
            "last_sales":"2021-10-22,74100.0,34평(112.84)"
        },
        {
            "index":322,
            "아파트명":"e편한세상태전2차(C1블럭)",
            "투자타입":"일반",
            "전용면적(m2)":"110.65",
            "전용면적(평)":"33평",
            "법정동주소":"경기도 광주시 태전동 695",
            "도로명주소":"경기도 광주시 태전동로 12",
            "세대수":30,
            "입주년차":80,
            "용적률점수":"--",
            "건폐율점수":"--",
            "세대당주차수":30,
            "난방방식":30,
            "공급면적":"--",
            "전용률":"--",
            "욕실수":100,
            "현관타입":100,
            "주거총점":54.0,
            "지역구공급총점":0.0,
            "역세권":0,
            "30분내 이동가능 거점":0,
            "1시간내 이동가능 거점":30,
            "교통총점":6.0,
            "백화점":0,
            "아울렛몰":0,
            "대형마트":0,
            "은행":0,
            "병원":60,
            "종합병원":80,
            "공원":100,
            "혐오시설":0,
            "인프라총점":25.0,
            "초등학군":90.56,
            "중학군":45.76,
            "학군총점":54.72,
            "인구수":42.82,
            "인구증감":12.58,
            "인구총점":33.748,
            "일자리":18.0,
            "소득수준":54.28,
            "일자리총점":28.884,
            "가치 총점":28.608,
            "매매실거래년":20211009.0,
            "매매실거래가":68000.0,
            "전세실거래년":20211218.0,
            "전세실거래가":29000.0,
            "전세가율":41.73,
            "장기전세가율평균":65.52,
            "전세가율거품지수":23.79,
            "검색코드":110536,
            "세대수":322.0,
            "준공년월":"2017-09-26",
            "준공년차":6.0,
            "가까운역이름":"삼동",
            "가까운역거리":3518.04,
            "역세권여부":"비역세권",
            "30분이내주요거점역":0,
            "1시간이내주요거점역":3,
            "3km이내백화점수":0,
            "5km이내아울렛몰수":0,
            "1km이내대형먀트수":0,
            "500m이내은행수":1,
            "500m이내병원수":20,
            "5km이내대형병원수":1,
            "500m이내공원수":3,
            "3km이내혐오시설수":0,
            "초등학교학업성취도":90.56,
            "중학교학업성취도":75.8,
            "용적률":204,
            "건폐율":19,
            "Y":37.388297,
            "X":127.232894,
            "rank":48.0,
            "area_info":"33평(110.65), 33평(111.41), 33평(112.15), 33평(112.0)",
            "last_sales":"2021-10-09,68000.0,33평(111.41)"
        },
        {
            "index":316,
            "아파트명":"e편한세상태전2차",
            "투자타입":"일반",
            "전용면적(m2)":"110.4",
            "전용면적(평)":"33평",
            "법정동주소":"경기도 광주시 태전동 696",
            "도로명주소":"경기도 광주시 태전동로 16",
            "세대수":30,
            "입주년차":80,
            "용적률점수":"--",
            "건폐율점수":"--",
            "세대당주차수":30,
            "난방방식":30,
            "공급면적":"--",
            "전용률":"--",
            "욕실수":100,
            "현관타입":100,
            "주거총점":54.0,
            "지역구공급총점":0.0,
            "역세권":0,
            "30분내 이동가능 거점":0,
            "1시간내 이동가능 거점":30,
            "교통총점":6.0,
            "백화점":0,
            "아울렛몰":0,
            "대형마트":0,
            "은행":0,
            "병원":60,
            "종합병원":80,
            "공원":100,
            "혐오시설":0,
            "인프라총점":25.0,
            "초등학군":90.56,
            "중학군":45.76,
            "학군총점":54.72,
            "인구수":42.82,
            "인구증감":12.58,
            "인구총점":33.748,
            "일자리":18.0,
            "소득수준":54.28,
            "일자리총점":28.884,
            "가치 총점":28.608,
            "매매실거래년":20211224.0,
            "매매실거래가":69000.0,
            "전세실거래년":20211130.0,
            "전세실거래가":28000.0,
            "전세가율":40.58,
            "장기전세가율평균":65.52,
            "전세가율거품지수":24.94,
            "검색코드":110537,
            "세대수":305.0,
            "준공년월":"2017-09-26",
            "준공년차":6.0,
            "가까운역이름":"삼동",
            "가까운역거리":3501.84,
            "역세권여부":"비역세권",
            "30분이내주요거점역":0,
            "1시간이내주요거점역":3,
            "3km이내백화점수":0,
            "5km이내아울렛몰수":0,
            "1km이내대형먀트수":0,
            "500m이내은행수":1,
            "500m이내병원수":20,
            "5km이내대형병원수":1,
            "500m이내공원수":3,
            "3km이내혐오시설수":0,
            "초등학교학업성취도":90.56,
            "중학교학업성취도":75.8,
            "용적률":203,
            "건폐율":20,
            "Y":37.387751,
            "X":127.232004,
            "rank":48.0,
            "area_info":"33평(110.4), 33평(111.41), 33평(111.26)",
            "last_sales":"2021-12-24,69000.0,33평(110.4)"
        },
        {
            "index":430,
            "아파트명":"힐스테이트태전(6지구C9블럭)",
            "투자타입":"일반",
            "전용면적(m2)":"80.76",
            "전용면적(평)":"24평",
            "법정동주소":"경기도 광주시 태전동 704",
            "도로명주소":"경기도 광주시 태성로 130",
            "세대수":50,
            "입주년차":80,
            "용적률점수":"--",
            "건폐율점수":"--",
            "세대당주차수":30,
            "난방방식":30,
            "공급면적":"--",
            "전용률":"--",
            "욕실수":100,
            "현관타입":100,
            "주거총점":61.0,
            "지역구공급총점":0.0,
            "역세권":0,
            "30분내 이동가능 거점":0,
            "1시간내 이동가능 거점":30,
            "교통총점":6.0,
            "백화점":0,
            "아울렛몰":0,
            "대형마트":0,
            "은행":0,
            "병원":10,
            "종합병원":80,
            "공원":100,
            "혐오시설":0,
            "인프라총점":20.0,
            "초등학군":93.18,
            "중학군":45.76,
            "학군총점":55.244,
            "인구수":42.82,
            "인구증감":12.58,
            "인구총점":33.748,
            "일자리":18.0,
            "소득수준":54.28,
            "일자리총점":28.884,
            "가치 총점":28.5866,
            "매매실거래년":20211122.0,
            "매매실거래가":57900.0,
            "전세실거래년":20211216.0,
            "전세실거래가":41000.0,
            "전세가율":70.81,
            "장기전세가율평균":65.52,
            "전세가율거품지수":-5.29,
            "검색코드":110514,
            "세대수":509.0,
            "준공년월":"2017-10-30",
            "준공년차":6.0,
            "가까운역이름":"삼동",
            "가까운역거리":4013.81,
            "역세권여부":"비역세권",
            "30분이내주요거점역":0,
            "1시간이내주요거점역":3,
            "3km이내백화점수":0,
            "5km이내아울렛몰수":0,
            "1km이내대형먀트수":0,
            "500m이내은행수":0,
            "500m이내병원수":3,
            "5km이내대형병원수":1,
            "500m이내공원수":4,
            "3km이내혐오시설수":0,
            "초등학교학업성취도":93.18,
            "중학교학업성취도":75.8,
            "용적률":199,
            "건폐율":16,
            "Y":37.378677,
            "X":127.226961,
            "rank":49.0,
            "area_info":"24평(80.76), 24평(81.22), 26평(87.6), 29평(97.79), 29평(97.95), 34평(113.26)",
            "last_sales":"2021-11-22,57900.0,24평(80.76)"
        },
        {
            "index":357,
            "아파트명":"태전성원상떼빌5단지",
            "투자타입":"일반",
            "전용면적(m2)":"106.91",
            "전용면적(평)":"32평",
            "법정동주소":"경기도 광주시 태전동 228-1",
            "도로명주소":"경기도 광주시 태봉로 62",
            "세대수":50,
            "입주년차":20,
            "용적률점수":"--",
            "건폐율점수":"--",
            "세대당주차수":30,
            "난방방식":30,
            "공급면적":"--",
            "전용률":"--",
            "욕실수":100,
            "현관타입":100,
            "주거총점":49.0,
            "지역구공급총점":0.0,
            "역세권":0,
            "30분내 이동가능 거점":0,
            "1시간내 이동가능 거점":50,
            "교통총점":10.0,
            "백화점":0,
            "아울렛몰":0,
            "대형마트":0,
            "은행":20,
            "병원":30,
            "종합병원":80,
            "공원":80,
            "혐오시설":0,
            "인프라총점":23.4,
            "초등학군":88.78,
            "중학군":45.76,
            "학군총점":54.364,
            "인구수":42.82,
            "인구증감":12.58,
            "인구총점":33.748,
            "일자리":18.0,
            "소득수준":54.28,
            "일자리총점":28.884,
            "가치 총점":28.4746,
            "매매실거래년":20211201.0,
            "매매실거래가":60000.0,
            "전세실거래년":20211231.0,
            "전세실거래가":30000.0,
            "전세가율":66.67,
            "장기전세가율평균":65.52,
            "전세가율거품지수":-1.15,
            "검색코드":9041,
            "세대수":550.0,
            "준공년월":"2002-12-31",
            "준공년차":21.0,
            "가까운역이름":"삼동",
            "가까운역거리":3222.95,
            "역세권여부":"비역세권",
            "30분이내주요거점역":0,
            "1시간이내주요거점역":5,
            "3km이내백화점수":0,
            "5km이내아울렛몰수":0,
            "1km이내대형먀트수":0,
            "500m이내은행수":2,
            "500m이내병원수":8,
            "5km이내대형병원수":1,
            "500m이내공원수":1,
            "3km이내혐오시설수":0,
            "초등학교학업성취도":88.78,
            "중학교학업성취도":75.8,
            "용적률":239,
            "건폐율":18,
            "Y":37.388257,
            "X":127.228152,
            "rank":50.0,
            "area_info":"32평(106.91), 41평(137.23), 51평(169.8)",
            "last_sales":"2021-12-01,60000.0,51평(169.8)"
        },
        {
            "index":341,
            "아파트명":"성원1단지",
            "투자타입":"일반",
            "전용면적(m2)":"74.02",
            "전용면적(평)":"22평",
            "법정동주소":"경기도 광주시 태전동 228",
            "도로명주소":"경기도 광주시 태봉로 50",
            "세대수":50,
            "입주년차":20,
            "용적률점수":"--",
            "건폐율점수":"--",
            "세대당주차수":30,
            "난방방식":30,
            "공급면적":"--",
            "전용률":"--",
            "욕실수":50,
            "현관타입":100,
            "주거총점":44.0,
            "지역구공급총점":0.0,
            "역세권":0,
            "30분내 이동가능 거점":0,
            "1시간내 이동가능 거점":50,
            "교통총점":10.0,
            "백화점":0,
            "아울렛몰":0,
            "대형마트":0,
            "은행":20,
            "병원":60,
            "종합병원":80,
            "공원":80,
            "혐오시설":0,
            "인프라총점":26.4,
            "초등학군":88.78,
            "중학군":45.76,
            "학군총점":54.364,
            "인구수":42.82,
            "인구증감":12.58,
            "인구총점":33.748,
            "일자리":18.0,
            "소득수준":54.28,
            "일자리총점":28.884,
            "가치 총점":28.3746,
            "매매실거래년":20220113.0,
            "매매실거래가":41000.0,
            "전세실거래년":20220107.0,
            "전세실거래가":30000.0,
            "전세가율":73.17,
            "장기전세가율평균":65.52,
            "전세가율거품지수":-7.65,
            "검색코드":3918,
            "세대수":654.0,
            "준공년월":"1999-07-30",
            "준공년차":24.0,
            "가까운역이름":"삼동",
            "가까운역거리":3135.01,
            "역세권여부":"비역세권",
            "30분이내주요거점역":0,
            "1시간이내주요거점역":5,
            "3km이내백화점수":0,
            "5km이내아울렛몰수":0,
            "1km이내대형먀트수":0,
            "500m이내은행수":2,
            "500m이내병원수":10,
            "5km이내대형병원수":1,
            "500m이내공원수":1,
            "3km이내혐오시설수":0,
            "초등학교학업성취도":88.78,
            "중학교학업성취도":75.8,
            "용적률":249,
            "건폐율":18,
            "Y":37.38981,
            "X":127.228734,
            "rank":51.0,
            "area_info":"22평(74.02), 31평(105.18), 38평(125.7), 50평(166.79)",
            "last_sales":"2022-01-13,41000.0,22평(74.02)"
        },
        {
            "index":244,
            "아파트명":"광주산이벽산블루밍",
            "투자타입":"일반",
            "전용면적(m2)":"105.58",
            "전용면적(평)":"31평",
            "법정동주소":"경기도 광주시 초월읍 산이리 433",
            "도로명주소":"경기도 광주시 경충대로 921",
            "세대수":50,
            "입주년차":40,
            "용적률점수":"--",
            "건폐율점수":"--",
            "세대당주차수":30,
            "난방방식":30,
            "공급면적":"--",
            "전용률":"--",
            "욕실수":100,
            "현관타입":100,
            "주거총점":53.0,
            "지역구공급총점":0.0,
            "역세권":0,
            "30분내 이동가능 거점":0,
            "1시간내 이동가능 거점":60,
            "교통총점":12.0,
            "백화점":0,
            "아울렛몰":0,
            "대형마트":100,
            "은행":0,
            "병원":30,
            "종합병원":0,
            "공원":0,
            "혐오시설":0,
            "인프라총점":18.0,
            "초등학군":92.84,
            "중학군":42.36,
            "학군총점":52.456,
            "인구수":42.82,
            "인구증감":12.58,
            "인구총점":33.748,
            "일자리":18.0,
            "소득수준":54.28,
            "일자리총점":28.884,
            "가치 총점":28.0684,
            "매매실거래년":20211112.0,
            "매매실거래가":35000.0,
            "전세실거래년":20220109.0,
            "전세실거래가":31000.0,
            "전세가율":88.57,
            "장기전세가율평균":65.52,
            "전세가율거품지수":-23.05,
            "검색코드":10161,
            "세대수":516.0,
            "준공년월":"2004-03-31",
            "준공년차":19.0,
            "가까운역이름":"초월",
            "가까운역거리":1600.06,
            "역세권여부":"비역세권",
            "30분이내주요거점역":0,
            "1시간이내주요거점역":6,
            "3km이내백화점수":0,
            "5km이내아울렛몰수":0,
            "1km이내대형먀트수":2,
            "500m이내은행수":1,
            "500m이내병원수":5,
            "5km이내대형병원수":0,
            "500m이내공원수":0,
            "3km이내혐오시설수":0,
            "초등학교학업성취도":92.84,
            "중학교학업성취도":70.2,
            "용적률":202,
            "건폐율":19,
            "Y":37.363664,
            "X":127.311029,
            "rank":52.0,
            "area_info":"31평(105.58)",
            "last_sales":"2021-11-12,35000.0,31평(105.58)"
        },
        {
            "index":366,
            "아파트명":"태전파크자이 13블록",
            "투자타입":"일반",
            "전용면적(m2)":"82.97",
            "전용면적(평)":"25평",
            "법정동주소":"경기도 광주시 태전동 726",
            "도로명주소":"경기도 광주시 벼루개길42번길 35-1",
            "세대수":30,
            "입주년차":100,
            "용적률점수":"--",
            "건폐율점수":"--",
            "세대당주차수":30,
            "난방방식":30,
            "공급면적":"--",
            "전용률":"--",
            "욕실수":100,
            "현관타입":100,
            "주거총점":58.0,
            "지역구공급총점":0.0,
            "역세권":0,
            "30분내 이동가능 거점":0,
            "1시간내 이동가능 거점":30,
            "교통총점":6.0,
            "백화점":0,
            "아울렛몰":0,
            "대형마트":0,
            "은행":0,
            "병원":10,
            "종합병원":80,
            "공원":100,
            "혐오시설":0,
            "인프라총점":20.0,
            "초등학군":93.18,
            "중학군":45.76,
            "학군총점":55.244,
            "인구수":42.82,
            "인구증감":12.58,
            "인구총점":33.748,
            "일자리":18.0,
            "소득수준":54.28,
            "일자리총점":28.884,
            "가치 총점":27.9866,
            "매매실거래년":20211130.0,
            "매매실거래가":64000.0,
            "전세실거래년":20211215.0,
            "전세실거래가":25200.0,
            "전세가율":43.52,
            "장기전세가율평균":65.52,
            "전세가율거품지수":22.0,
            "검색코드":115822,
            "세대수":328.0,
            "준공년월":"2019-08-29",
            "준공년차":4.0,
            "가까운역이름":"삼동",
            "가까운역거리":4161.04,
            "역세권여부":"비역세권",
            "30분이내주요거점역":0,
            "1시간이내주요거점역":3,
            "3km이내백화점수":0,
            "5km이내아울렛몰수":0,
            "1km이내대형먀트수":0,
            "500m이내은행수":0,
            "500m이내병원수":3,
            "5km이내대형병원수":1,
            "500m이내공원수":5,
            "3km이내혐오시설수":0,
            "초등학교학업성취도":93.18,
            "중학교학업성취도":75.8,
            "용적률":199,
            "건폐율":19,
            "Y":37.38126,
            "X":127.234233,
            "rank":53.0,
            "area_info":"25평(82.97), 25평(82.68), 24평(82.39), 25평(83.16), 25평(84.03), 29평(97.62), 29평(97.45), 29평(99.1), 34평(113.14)",
            "last_sales":"2021-11-30,64000.0,29평(99.1)"
        },
        {
            "index":353,
            "아파트명":"쌍용스윗닷홈2단지",
            "투자타입":"일반",
            "전용면적(m2)":"93.06",
            "전용면적(평)":"28평",
            "법정동주소":"경기도 광주시 태전동 688",
            "도로명주소":"경기도 광주시 회안대로 350-29",
            "세대수":30,
            "입주년차":40,
            "용적률점수":"--",
            "건폐율점수":"--",
            "세대당주차수":30,
            "난방방식":30,
            "공급면적":"--",
            "전용률":"--",
            "욕실수":100,
            "현관타입":100,
            "주거총점":46.0,
            "지역구공급총점":0.0,
            "역세권":0,
            "30분내 이동가능 거점":0,
            "1시간내 이동가능 거점":40,
            "교통총점":8.0,
            "백화점":0,
            "아울렛몰":0,
            "대형마트":0,
            "은행":0,
            "병원":60,
            "종합병원":80,
            "공원":100,
            "혐오시설":0,
            "인프라총점":25.0,
            "초등학군":90.56,
            "중학군":45.76,
            "학군총점":54.72,
            "인구수":42.82,
            "인구증감":12.58,
            "인구총점":33.748,
            "일자리":18.0,
            "소득수준":54.28,
            "일자리총점":28.884,
            "가치 총점":27.708,
            "매매실거래년":20211220.0,
            "매매실거래가":42000.0,
            "전세실거래년":20211026.0,
            "전세실거래가":10000.0,
            "전세가율":27.4,
            "장기전세가율평균":65.52,
            "전세가율거품지수":38.12,
            "검색코드":25599,
            "세대수":398.0,
            "준공년월":"2004-01-05",
            "준공년차":19.0,
            "가까운역이름":"삼동",
            "가까운역거리":3985.62,
            "역세권여부":"비역세권",
            "30분이내주요거점역":0,
            "1시간이내주요거점역":4,
            "3km이내백화점수":0,
            "5km이내아울렛몰수":0,
            "1km이내대형먀트수":0,
            "500m이내은행수":0,
            "500m이내병원수":12,
            "5km이내대형병원수":1,
            "500m이내공원수":2,
            "3km이내혐오시설수":0,
            "초등학교학업성취도":90.56,
            "중학교학업성취도":75.8,
            "용적률":180,
            "건폐율":16,
            "Y":37.386318,
            "X":127.237748,
            "rank":54.0,
            "area_info":"28평(93.06), 32평(105.88)",
            "last_sales":"2021-12-20,42000.0,32평(105.88)"
        },
        {
            "index":121,
            "아파트명":"e편한세상광주양벌",
            "투자타입":"일반",
            "전용면적(m2)":"112.94",
            "전용면적(평)":"34평",
            "법정동주소":"경기도 광주시 오포읍 양벌리 1106",
            "도로명주소":"경기도 광주시 마루들길 251",
            "세대수":30,
            "입주년차":80,
            "용적률점수":"--",
            "건폐율점수":"--",
            "세대당주차수":30,
            "난방방식":30,
            "공급면적":"--",
            "전용률":"--",
            "욕실수":100,
            "현관타입":100,
            "주거총점":54.0,
            "지역구공급총점":0.0,
            "역세권":0,
            "30분내 이동가능 거점":0,
            "1시간내 이동가능 거점":30,
            "교통총점":6.0,
            "백화점":0,
            "아울렛몰":0,
            "대형마트":0,
            "은행":0,
            "병원":30,
            "종합병원":80,
            "공원":80,
            "혐오시설":0,
            "인프라총점":21.4,
            "초등학군":90.66,
            "중학군":45.76,
            "학군총점":54.74,
            "인구수":42.82,
            "인구증감":12.58,
            "인구총점":33.748,
            "일자리":18.0,
            "소득수준":54.28,
            "일자리총점":28.884,
            "가치 총점":27.531,
            "매매실거래년":20211013.0,
            "매매실거래가":62000.0,
            "전세실거래년":20211230.0,
            "전세실거래가":40000.0,
            "전세가율":64.52,
            "장기전세가율평균":65.52,
            "전세가율거품지수":1.0,
            "검색코드":112122,
            "세대수":388.0,
            "준공년월":"2018-03-26",
            "준공년차":5.0,
            "가까운역이름":"초월",
            "가까운역거리":3529.11,
            "역세권여부":"비역세권",
            "30분이내주요거점역":0,
            "1시간이내주요거점역":3,
            "3km이내백화점수":0,
            "5km이내아울렛몰수":0,
            "1km이내대형먀트수":0,
            "500m이내은행수":0,
            "500m이내병원수":7,
            "5km이내대형병원수":1,
            "500m이내공원수":1,
            "3km이내혐오시설수":0,
            "초등학교학업성취도":90.66,
            "중학교학업성취도":75.8,
            "용적률":184,
            "건폐율":15,
            "Y":37.378866,
            "X":127.259455,
            "rank":55.0,
            "area_info":"34평(112.94), 34평(114.08)",
            "last_sales":"2021-10-13,62000.0,34평(112.94)"
        },
        {
            "index":355,
            "아파트명":"쌍용스윗닷홈3단지",
            "투자타입":"일반",
            "전용면적(m2)":"82.04",
            "전용면적(평)":"24평",
            "법정동주소":"경기도 광주시 태전동 687",
            "도로명주소":"경기도 광주시 회안대로 350-23",
            "세대수":50,
            "입주년차":40,
            "용적률점수":"--",
            "건폐율점수":"--",
            "세대당주차수":0,
            "난방방식":30,
            "공급면적":"--",
            "전용률":"--",
            "욕실수":100,
            "현관타입":100,
            "주거총점":48.5,
            "지역구공급총점":0.0,
            "역세권":0,
            "30분내 이동가능 거점":0,
            "1시간내 이동가능 거점":30,
            "교통총점":6.0,
            "백화점":0,
            "아울렛몰":0,
            "대형마트":0,
            "은행":0,
            "병원":60,
            "종합병원":80,
            "공원":100,
            "혐오시설":0,
            "인프라총점":25.0,
            "초등학군":90.56,
            "중학군":45.76,
            "학군총점":54.72,
            "인구수":42.82,
            "인구증감":12.58,
            "인구총점":33.748,
            "일자리":18.0,
            "소득수준":54.28,
            "일자리총점":28.884,
            "가치 총점":27.508,
            "매매실거래년":20211031.0,
            "매매실거래가":36500.0,
            "전세실거래년":20211020.0,
            "전세실거래가":18000.0,
            "전세가율":49.32,
            "장기전세가율평균":65.52,
            "전세가율거품지수":16.2,
            "검색코드":25600,
            "세대수":409.0,
            "준공년월":"2004-01-05",
            "준공년차":19.0,
            "가까운역이름":"삼동",
            "가까운역거리":3826.21,
            "역세권여부":"비역세권",
            "30분이내주요거점역":0,
            "1시간이내주요거점역":3,
            "3km이내백화점수":0,
            "5km이내아울렛몰수":0,
            "1km이내대형먀트수":0,
            "500m이내은행수":0,
            "500m이내병원수":12,
            "5km이내대형병원수":1,
            "500m이내공원수":2,
            "3km이내혐오시설수":0,
            "초등학교학업성취도":90.56,
            "중학교학업성취도":75.8,
            "용적률":181,
            "건폐율":16,
            "Y":37.387392,
            "X":127.236528,
            "rank":56.0,
            "area_info":"24평(82.04), 32평(106.34)",
            "last_sales":"2021-10-31,36500.0,24평(82.04)"
        },
        {
            "index":182,
            "아파트명":"양벌쌍용2차",
            "투자타입":"일반",
            "전용면적(m2)":"94.35",
            "전용면적(평)":"28평",
            "법정동주소":"경기도 광주시 오포읍 양벌리 362",
            "도로명주소":"경기도 광주시 마루들길 226",
            "세대수":50,
            "입주년차":20,
            "용적률점수":"--",
            "건폐율점수":"--",
            "세대당주차수":60,
            "난방방식":30,
            "공급면적":"--",
            "전용률":"--",
            "욕실수":100,
            "현관타입":100,
            "주거총점":53.5,
            "지역구공급총점":0.0,
            "역세권":0,
            "30분내 이동가능 거점":0,
            "1시간내 이동가능 거점":30,
            "교통총점":6.0,
            "백화점":0,
            "아울렛몰":0,
            "대형마트":0,
            "은행":0,
            "병원":30,
            "종합병원":80,
            "공원":80,
            "혐오시설":0,
            "인프라총점":21.4,
            "초등학군":90.66,
            "중학군":45.76,
            "학군총점":54.74,
            "인구수":42.82,
            "인구증감":12.58,
            "인구총점":33.748,
            "일자리":18.0,
            "소득수준":54.28,
            "일자리총점":28.884,
            "가치 총점":27.431,
            "매매실거래년":20211204.0,
            "매매실거래가":34500.0,
            "전세실거래년":20220116.0,
            "전세실거래가":16800.0,
            "전세가율":48.7,
            "장기전세가율평균":65.52,
            "전세가율거품지수":16.82,
            "검색코드":9055,
            "세대수":492.0,
            "준공년월":"2002-11-01",
            "준공년차":21.0,
            "가까운역이름":"초월",
            "가까운역거리":3732.57,
            "역세권여부":"비역세권",
            "30분이내주요거점역":0,
            "1시간이내주요거점역":3,
            "3km이내백화점수":0,
            "5km이내아울렛몰수":0,
            "1km이내대형먀트수":0,
            "500m이내은행수":0,
            "500m이내병원수":7,
            "5km이내대형병원수":1,
            "500m이내공원수":1,
            "3km이내혐오시설수":0,
            "초등학교학업성취도":90.66,
            "중학교학업성취도":75.8,
            "용적률":0,
            "건폐율":0,
            "Y":37.376348,
            "X":127.256829,
            "rank":57.0,
            "area_info":"28평(94.35), 35평(115.81), 53평(178.11)",
            "last_sales":"2021-12-04,34500.0,28평(94.35)"
        },
        {
            "index":258,
            "아파트명":"산이대주파크빌",
            "투자타입":"일반",
            "전용면적(m2)":"79.24",
            "전용면적(평)":"23평",
            "법정동주소":"경기도 광주시 초월읍 산이리 432",
            "도로명주소":"경기도 광주시 경충대로 923",
            "세대수":50,
            "입주년차":40,
            "용적률점수":"--",
            "건폐율점수":"--",
            "세대당주차수":0,
            "난방방식":30,
            "공급면적":"--",
            "전용률":"--",
            "욕실수":100,
            "현관타입":100,
            "주거총점":48.5,
            "지역구공급총점":0.0,
            "역세권":0,
            "30분내 이동가능 거점":0,
            "1시간내 이동가능 거점":60,
            "교통총점":12.0,
            "백화점":0,
            "아울렛몰":0,
            "대형마트":100,
            "은행":0,
            "병원":30,
            "종합병원":0,
            "공원":0,
            "혐오시설":0,
            "인프라총점":18.0,
            "초등학군":92.84,
            "중학군":42.36,
            "학군총점":52.456,
            "인구수":42.82,
            "인구증감":12.58,
            "인구총점":33.748,
            "일자리":18.0,
            "소득수준":54.28,
            "일자리총점":28.884,
            "가치 총점":27.1684,
            "매매실거래년":20211231.0,
            "매매실거래가":28000.0,
            "전세실거래년":20220105.0,
            "전세실거래가":29000.0,
            "전세가율":103.57,
            "장기전세가율평균":65.52,
            "전세가율거품지수":-38.05,
            "검색코드":10363,
            "세대수":505.0,
            "준공년월":"2004-03-31",
            "준공년차":19.0,
            "가까운역이름":"초월",
            "가까운역거리":1462.72,
            "역세권여부":"비역세권",
            "30분이내주요거점역":0,
            "1시간이내주요거점역":6,
            "3km이내백화점수":0,
            "5km이내아울렛몰수":0,
            "1km이내대형먀트수":2,
            "500m이내은행수":1,
            "500m이내병원수":5,
            "5km이내대형병원수":0,
            "500m이내공원수":0,
            "3km이내혐오시설수":0,
            "초등학교학업성취도":92.84,
            "중학교학업성취도":70.2,
            "용적률":184,
            "건폐율":17,
            "Y":37.364177,
            "X":127.309387,
            "rank":58.0,
            "area_info":"23평(79.24), 33평(111.76)",
            "last_sales":"2021-12-31,28000.0,23평(79.24)"
        },
        {
            "index":287,
            "아파트명":"경남아너스빌1단지",
            "투자타입":"일반",
            "전용면적(m2)":"115.32",
            "전용면적(평)":"34평",
            "법정동주소":"경기도 광주시 탄벌동 765",
            "도로명주소":"경기도 광주시 회안대로 637-35",
            "세대수":50,
            "입주년차":60,
            "용적률점수":"--",
            "건폐율점수":"--",
            "세대당주차수":60,
            "난방방식":30,
            "공급면적":"--",
            "전용률":"--",
            "욕실수":100,
            "현관타입":100,
            "주거총점":61.5,
            "지역구공급총점":0.0,
            "역세권":0,
            "30분내 이동가능 거점":0,
            "1시간내 이동가능 거점":40,
            "교통총점":8.0,
            "백화점":0,
            "아울렛몰":0,
            "대형마트":0,
            "은행":0,
            "병원":0,
            "종합병원":80,
            "공원":0,
            "혐오시설":0,
            "인프라총점":16.0,
            "초등학군":86.85,
            "중학군":38.44,
            "학군총점":48.122,
            "인구수":42.82,
            "인구증감":12.58,
            "인구총점":33.748,
            "일자리":18.0,
            "소득수준":54.28,
            "일자리총점":28.884,
            "가치 총점":27.1183,
            "매매실거래년":20220113.0,
            "매매실거래가":51000.0,
            "전세실거래년":20211022.0,
            "전세실거래가":35000.0,
            "전세가율":68.63,
            "장기전세가율평균":65.52,
            "전세가율거품지수":-3.11,
            "검색코드":27381,
            "세대수":435.0,
            "준공년월":"2011-07-06",
            "준공년차":12.0,
            "가까운역이름":"삼동",
            "가까운역거리":2830.58,
            "역세권여부":"비역세권",
            "30분이내주요거점역":0,
            "1시간이내주요거점역":4,
            "3km이내백화점수":0,
            "5km이내아울렛몰수":0,
            "1km이내대형먀트수":0,
            "500m이내은행수":0,
            "500m이내병원수":0,
            "5km이내대형병원수":1,
            "500m이내공원수":0,
            "3km이내혐오시설수":0,
            "초등학교학업성취도":86.85,
            "중학교학업성취도":63.6,
            "용적률":204,
            "건폐율":19,
            "Y":37.410857,
            "X":127.235364,
            "rank":59.0,
            "area_info":"34평(115.32), 41평(137.48), 49평(165.05), 67평(222.79), 83평(275.93)",
            "last_sales":"2022-01-13,51000.0,34평(115.32)"
        },
        {
            "index":292,
            "아파트명":"경남아너스빌2단지",
            "투자타입":"일반",
            "전용면적(m2)":"106.76",
            "전용면적(평)":"32평",
            "법정동주소":"경기도 광주시 탄벌동 766",
            "도로명주소":"경기도 광주시 회안대로 637-36",
            "세대수":50,
            "입주년차":60,
            "용적률점수":"--",
            "건폐율점수":"--",
            "세대당주차수":60,
            "난방방식":30,
            "공급면적":"--",
            "전용률":"--",
            "욕실수":100,
            "현관타입":100,
            "주거총점":61.5,
            "지역구공급총점":0.0,
            "역세권":0,
            "30분내 이동가능 거점":0,
            "1시간내 이동가능 거점":40,
            "교통총점":8.0,
            "백화점":0,
            "아울렛몰":0,
            "대형마트":0,
            "은행":0,
            "병원":0,
            "종합병원":80,
            "공원":0,
            "혐오시설":0,
            "인프라총점":16.0,
            "초등학군":86.85,
            "중학군":38.44,
            "학군총점":48.122,
            "인구수":42.82,
            "인구증감":12.58,
            "인구총점":33.748,
            "일자리":18.0,
            "소득수준":54.28,
            "일자리총점":28.884,
            "가치 총점":27.1183,
            "매매실거래년":20210202.0,
            "매매실거래가":140000.0,
            "전세실거래년":20210225.0,
            "전세실거래가":36000.0,
            "전세가율":97.3,
            "장기전세가율평균":65.52,
            "전세가율거품지수":-31.78,
            "검색코드":26488,
            "세대수":450.0,
            "준공년월":"2011-07-06",
            "준공년차":12.0,
            "가까운역이름":"삼동",
            "가까운역거리":3046.74,
            "역세권여부":"비역세권",
            "30분이내주요거점역":0,
            "1시간이내주요거점역":4,
            "3km이내백화점수":0,
            "5km이내아울렛몰수":0,
            "1km이내대형먀트수":0,
            "500m이내은행수":0,
            "500m이내병원수":0,
            "5km이내대형병원수":1,
            "500m이내공원수":0,
            "3km이내혐오시설수":0,
            "초등학교학업성취도":86.85,
            "중학교학업성취도":63.6,
            "용적률":243,
            "건폐율":19,
            "Y":37.410594,
            "X":127.237829,
            "rank":59.0,
            "area_info":"32평(106.76), 34평(115.67), 41평(136.43), 41평(137.96), 49평(162.29), 49평(163.78), 58평(192.59), 67평(223.46), 82평(273.8), 83평(275.03), 87평(290.24)",
            "last_sales":"2021-02-02,140000.0,82평(273.8)"
        },
        {
            "index":363,
            "아파트명":"태전지웰",
            "투자타입":"일반",
            "전용면적(m2)":"111.95",
            "전용면적(평)":"33평",
            "법정동주소":"경기도 광주시 태전동 694",
            "도로명주소":"경기도 광주시 회안대로 350-12",
            "세대수":0,
            "입주년차":80,
            "용적률점수":"--",
            "건폐율점수":"--",
            "세대당주차수":30,
            "난방방식":30,
            "공급면적":"--",
            "전용률":"--",
            "욕실수":100,
            "현관타입":100,
            "주거총점":43.5,
            "지역구공급총점":0.0,
            "역세권":0,
            "30분내 이동가능 거점":0,
            "1시간내 이동가능 거점":30,
            "교통총점":6.0,
            "백화점":0,
            "아울렛몰":0,
            "대형마트":0,
            "은행":0,
            "병원":60,
            "종합병원":80,
            "공원":100,
            "혐오시설":0,
            "인프라총점":25.0,
            "초등학군":90.56,
            "중학군":45.76,
            "학군총점":54.72,
            "인구수":42.82,
            "인구증감":12.58,
            "인구총점":33.748,
            "일자리":18.0,
            "소득수준":54.28,
            "일자리총점":28.884,
            "가치 총점":26.508,
            "매매실거래년":20210912.0,
            "매매실거래가":56000.0,
            "전세실거래년":20211101.0,
            "전세실거래가":23000.0,
            "전세가율":44.4,
            "장기전세가율평균":65.52,
            "전세가율거품지수":21.12,
            "검색코드":110677,
            "세대수":181.0,
            "준공년월":"2017-08-30",
            "준공년차":6.0,
            "가까운역이름":"삼동",
            "가까운역거리":3992.81,
            "역세권여부":"비역세권",
            "30분이내주요거점역":0,
            "1시간이내주요거점역":3,
            "3km이내백화점수":0,
            "5km이내아울렛몰수":0,
            "1km이내대형먀트수":0,
            "500m이내은행수":0,
            "500m이내병원수":12,
            "5km이내대형병원수":1,
            "500m이내공원수":2,
            "3km이내혐오시설수":0,
            "초등학교학업성취도":90.56,
            "중학교학업성취도":75.8,
            "용적률":194,
            "건폐율":20,
            "Y":37.385488,
            "X":127.236942,
            "rank":60.0,
            "area_info":"33평(111.95), 33평(111.51), 34평(113.96)",
            "last_sales":"2021-09-12,56000.0,33평(111.51)"
        },
        {
            "index":319,
            "아파트명":"e편한세상태전2차(C16블럭)",
            "투자타입":"일반",
            "전용면적(m2)":"82.34",
            "전용면적(평)":"24평",
            "법정동주소":"경기도 광주시 태전동 697",
            "도로명주소":"경기도 광주시 태전동로 11",
            "세대수":0,
            "입주년차":80,
            "용적률점수":"--",
            "건폐율점수":"--",
            "세대당주차수":30,
            "난방방식":30,
            "공급면적":"--",
            "전용률":"--",
            "욕실수":100,
            "현관타입":100,
            "주거총점":43.5,
            "지역구공급총점":0.0,
            "역세권":0,
            "30분내 이동가능 거점":0,
            "1시간내 이동가능 거점":30,
            "교통총점":6.0,
            "백화점":0,
            "아울렛몰":0,
            "대형마트":0,
            "은행":0,
            "병원":60,
            "종합병원":80,
            "공원":100,
            "혐오시설":0,
            "인프라총점":25.0,
            "초등학군":90.56,
            "중학군":45.76,
            "학군총점":54.72,
            "인구수":42.82,
            "인구증감":12.58,
            "인구총점":33.748,
            "일자리":18.0,
            "소득수준":54.28,
            "일자리총점":28.884,
            "가치 총점":26.508,
            "매매실거래년":20211227.0,
            "매매실거래가":59000.0,
            "전세실거래년":20211211.0,
            "전세실거래가":42000.0,
            "전세가율":71.19,
            "장기전세가율평균":65.52,
            "전세가율거품지수":-5.67,
            "검색코드":110538,
            "세대수":284.0,
            "준공년월":"2017-09-26",
            "준공년차":6.0,
            "가까운역이름":"삼동",
            "가까운역거리":3630.29,
            "역세권여부":"비역세권",
            "30분이내주요거점역":0,
            "1시간이내주요거점역":3,
            "3km이내백화점수":0,
            "5km이내아울렛몰수":0,
            "1km이내대형먀트수":0,
            "500m이내은행수":1,
            "500m이내병원수":20,
            "5km이내대형병원수":1,
            "500m이내공원수":3,
            "3km이내혐오시설수":0,
            "초등학교학업성취도":90.56,
            "중학교학업성취도":75.8,
            "용적률":183,
            "건폐율":14,
            "Y":37.387809,
            "X":127.23405,
            "rank":60.0,
            "area_info":"24평(82.34), 29평(98.71), 29평(98.59)",
            "last_sales":"2021-12-27,59000.0,24평(82.34)"
        },
        {
            "index":261,
            "아파트명":"우림푸른마을",
            "투자타입":"일반",
            "전용면적(m2)":"84.68",
            "전용면적(평)":"25평",
            "법정동주소":"경기도 광주시 초월읍 대쌍령리 61-1",
            "도로명주소":"경기도 광주시 무들로 28",
            "세대수":50,
            "입주년차":20,
            "용적률점수":"--",
            "건폐율점수":"--",
            "세대당주차수":30,
            "난방방식":30,
            "공급면적":"--",
            "전용률":"--",
            "욕실수":100,
            "현관타입":100,
            "주거총점":49.0,
            "지역구공급총점":0.0,
            "역세권":0,
            "30분내 이동가능 거점":0,
            "1시간내 이동가능 거점":60,
            "교통총점":12.0,
            "백화점":0,
            "아울렛몰":0,
            "대형마트":0,
            "은행":0,
            "병원":0,
            "종합병원":80,
            "공원":0,
            "혐오시설":0,
            "인프라총점":16.0,
            "초등학군":86.72,
            "중학군":42.36,
            "학군총점":51.232,
            "인구수":42.82,
            "인구증감":12.58,
            "인구총점":33.748,
            "일자리":18.0,
            "소득수준":54.28,
            "일자리총점":28.884,
            "가치 총점":26.4848,
            "매매실거래년":20211216.0,
            "매매실거래가":45000.0,
            "전세실거래년":20210720.0,
            "전세실거래가":25000.0,
            "전세가율":83.61,
            "장기전세가율평균":65.52,
            "전세가율거품지수":-18.09,
            "검색코드":3910,
            "세대수":486.0,
            "준공년월":"1999-11-20",
            "준공년차":24.0,
            "가까운역이름":"초월",
            "가까운역거리":1340.91,
            "역세권여부":"비역세권",
            "30분이내주요거점역":0,
            "1시간이내주요거점역":6,
            "3km이내백화점수":0,
            "5km이내아울렛몰수":0,
            "1km이내대형먀트수":0,
            "500m이내은행수":0,
            "500m이내병원수":0,
            "5km이내대형병원수":1,
            "500m이내공원수":0,
            "3km이내혐오시설수":0,
            "초등학교학업성취도":86.72,
            "중학교학업성취도":70.2,
            "용적률":199,
            "건폐율":18,
            "Y":37.385932,
            "X":127.294485,
            "rank":61.0,
            "area_info":"25평(84.68), 33평(112.17), 51평(168.97), 51평(171.09), 74평(247.29)",
            "last_sales":"2021-12-16,45000.0,51평(168.97)"
        },
        {
            "index":221,
            "아파트명":"벽산블루밍1단지",
            "투자타입":"일반",
            "전용면적(m2)":"113.71",
            "전용면적(평)":"34평",
            "법정동주소":"경기도 광주시 장지동 756",
            "도로명주소":"경기도 광주시 회안대로 621-21",
            "세대수":30,
            "입주년차":60,
            "용적률점수":"--",
            "건폐율점수":"--",
            "세대당주차수":60,
            "난방방식":30,
            "공급면적":"--",
            "전용률":"--",
            "욕실수":100,
            "현관타입":100,
            "주거총점":54.5,
            "지역구공급총점":0.0,
            "역세권":0,
            "30분내 이동가능 거점":0,
            "1시간내 이동가능 거점":50,
            "교통총점":10.0,
            "백화점":0,
            "아울렛몰":0,
            "대형마트":0,
            "은행":0,
            "병원":0,
            "종합병원":80,
            "공원":0,
            "혐오시설":0,
            "인프라총점":16.0,
            "초등학군":86.85,
            "중학군":38.44,
            "학군총점":48.122,
            "인구수":42.82,
            "인구증감":12.58,
            "인구총점":33.748,
            "일자리":18.0,
            "소득수준":54.28,
            "일자리총점":28.884,
            "가치 총점":26.4183,
            "매매실거래년":20211013.0,
            "매매실거래가":81000.0,
            "전세실거래년":20210909.0,
            "전세실거래가":25725.0,
            "전세가율":49.95,
            "장기전세가율평균":65.52,
            "전세가율거품지수":15.57,
            "검색코드":27385,
            "세대수":359.0,
            "준공년월":"2011-07-06",
            "준공년차":12.0,
            "가까운역이름":"삼동",
            "가까운역거리":2852.43,
            "역세권여부":"비역세권",
            "30분이내주요거점역":0,
            "1시간이내주요거점역":5,
            "3km이내백화점수":0,
            "5km이내아울렛몰수":0,
            "1km이내대형먀트수":0,
            "500m이내은행수":0,
            "500m이내병원수":0,
            "5km이내대형병원수":1,
            "500m이내공원수":0,
            "3km이내혐오시설수":0,
            "초등학교학업성취도":86.85,
            "중학교학업성취도":63.6,
            "용적률":239,
            "건폐율":18,
            "Y":37.408111,
            "X":127.235606,
            "rank":62.0,
            "area_info":"34평(113.71), 34평(114.87), 34평(115.52), 39평(130.94), 39평(131.3), 46평(154.24), 47평(157.65), 47평(157.69), 55평(185.07), 60평(198.47), 64평(212.8), 73평(242.89), 76평(251.42)",
            "last_sales":"2021-10-13,81000.0,64평(212.8)"
        },
        {
            "index":234,
            "아파트명":"벽산블루밍2단지",
            "투자타입":"일반",
            "전용면적(m2)":"112.61",
            "전용면적(평)":"34평",
            "법정동주소":"경기도 광주시 장지동 757",
            "도로명주소":"경기도 광주시 회안대로 621-15",
            "세대수":30,
            "입주년차":60,
            "용적률점수":"--",
            "건폐율점수":"--",
            "세대당주차수":60,
            "난방방식":30,
            "공급면적":"--",
            "전용률":"--",
            "욕실수":100,
            "현관타입":100,
            "주거총점":54.5,
            "지역구공급총점":0.0,
            "역세권":0,
            "30분내 이동가능 거점":0,
            "1시간내 이동가능 거점":50,
            "교통총점":10.0,
            "백화점":0,
            "아울렛몰":0,
            "대형마트":0,
            "은행":0,
            "병원":0,
            "종합병원":80,
            "공원":0,
            "혐오시설":0,
            "인프라총점":16.0,
            "초등학군":86.85,
            "중학군":38.44,
            "학군총점":48.122,
            "인구수":42.82,
            "인구증감":12.58,
            "인구총점":33.748,
            "일자리":18.0,
            "소득수준":54.28,
            "일자리총점":28.884,
            "가치 총점":26.4183,
            "매매실거래년":20211013.0,
            "매매실거래가":50000.0,
            "전세실거래년":20210619.0,
            "전세실거래가":23500.0,
            "전세가율":46.08,
            "장기전세가율평균":65.52,
            "전세가율거품지수":19.44,
            "검색코드":27386,
            "세대수":357.0,
            "준공년월":"2011-07-06",
            "준공년차":12.0,
            "가까운역이름":"삼동",
            "가까운역거리":3052.11,
            "역세권여부":"비역세권",
            "30분이내주요거점역":0,
            "1시간이내주요거점역":5,
            "3km이내백화점수":0,
            "5km이내아울렛몰수":0,
            "1km이내대형먀트수":0,
            "500m이내은행수":0,
            "500m이내병원수":0,
            "5km이내대형병원수":1,
            "500m이내공원수":0,
            "3km이내혐오시설수":0,
            "초등학교학업성취도":86.85,
            "중학교학업성취도":63.6,
            "용적률":199,
            "건폐율":19,
            "Y":37.407548,
            "X":127.237826,
            "rank":62.0,
            "area_info":"34평(112.61), 34평(113.68), 34평(114.01), 39평(132.21), 46평(155.36), 47평(156.32), 54평(179.97)",
            "last_sales":"2021-10-13,50000.0,47평(156.32)"
        },
        {
            "index":306,
            "아파트명":"동보",
            "투자타입":"일반",
            "전용면적(m2)":"79.82",
            "전용면적(평)":"24평",
            "법정동주소":"경기도 광주시 탄벌동 701-1",
            "도로명주소":"경기도 광주시 벌원길 64-5",
            "세대수":80,
            "입주년차":0,
            "용적률점수":"--",
            "건폐율점수":"--",
            "세대당주차수":0,
            "난방방식":30,
            "공급면적":"--",
            "전용률":"--",
            "욕실수":50,
            "현관타입":100,
            "주거총점":46.0,
            "지역구공급총점":0.0,
            "역세권":0,
            "30분내 이동가능 거점":0,
            "1시간내 이동가능 거점":60,
            "교통총점":12.0,
            "백화점":0,
            "아울렛몰":0,
            "대형마트":0,
            "은행":0,
            "병원":30,
            "종합병원":80,
            "공원":0,
            "혐오시설":0,
            "인프라총점":19.0,
            "초등학군":90.0,
            "중학군":38.44,
            "학군총점":48.752,
            "인구수":42.82,
            "인구증감":12.58,
            "인구총점":33.748,
            "일자리":18.0,
            "소득수준":54.28,
            "일자리총점":28.884,
            "가치 총점":26.4128,
            "매매실거래년":20211213.0,
            "매매실거래가":42600.0,
            "전세실거래년":20211029.0,
            "전세실거래가":26000.0,
            "전세가율":92.86,
            "장기전세가율평균":65.52,
            "전세가율거품지수":-27.34,
            "검색코드":3912,
            "세대수":815.0,
            "준공년월":"1996-02-14",
            "준공년차":27.0,
            "가까운역이름":"삼동",
            "가까운역거리":4092.63,
            "역세권여부":"비역세권",
            "30분이내주요거점역":0,
            "1시간이내주요거점역":6,
            "3km이내백화점수":0,
            "5km이내아울렛몰수":0,
            "1km이내대형먀트수":0,
            "500m이내은행수":1,
            "500m이내병원수":6,
            "5km이내대형병원수":1,
            "500m이내공원수":0,
            "3km이내혐오시설수":0,
            "초등학교학업성취도":90.0,
            "중학교학업성취도":63.6,
            "용적률":181,
            "건폐율":24,
            "Y":37.415649,
            "X":127.249052,
            "rank":63.0,
            "area_info":"24평(79.82), 32평(106.85)",
            "last_sales":"2021-12-13,42600.0,32평(106.85)"
        },
        {
            "index":161,
            "아파트명":"대주파크빌1차",
            "투자타입":"일반",
            "전용면적(m2)":"106.8",
            "전용면적(평)":"32평",
            "법정동주소":"경기도 광주시 오포읍 양벌리 355-1",
            "도로명주소":"경기도 광주시 마루들길 276",
            "세대수":80,
            "입주년차":20,
            "용적률점수":"--",
            "건폐율점수":"--",
            "세대당주차수":0,
            "난방방식":30,
            "공급면적":"--",
            "전용률":"--",
            "욕실수":100,
            "현관타입":100,
            "주거총점":55.0,
            "지역구공급총점":0.0,
            "역세권":0,
            "30분내 이동가능 거점":0,
            "1시간내 이동가능 거점":20,
            "교통총점":4.0,
            "백화점":0,
            "아울렛몰":0,
            "대형마트":0,
            "은행":0,
            "병원":0,
            "종합병원":80,
            "공원":80,
            "혐오시설":0,
            "인프라총점":18.4,
            "초등학군":90.66,
            "중학군":45.76,
            "학군총점":54.74,
            "인구수":42.82,
            "인구증감":12.58,
            "인구총점":33.748,
            "일자리":18.0,
            "소득수준":54.28,
            "일자리총점":28.884,
            "가치 총점":26.131,
            "매매실거래년":20211221.0,
            "매매실거래가":31300.0,
            "전세실거래년":20220112.0,
            "전세실거래가":25000.0,
            "전세가율":79.87,
            "장기전세가율평균":65.52,
            "전세가율거품지수":-14.35,
            "검색코드":10847,
            "세대수":832.0,
            "준공년월":"2003-01-29",
            "준공년차":20.0,
            "가까운역이름":"초월",
            "가까운역거리":3248.59,
            "역세권여부":"비역세권",
            "30분이내주요거점역":0,
            "1시간이내주요거점역":2,
            "3km이내백화점수":0,
            "5km이내아울렛몰수":0,
            "1km이내대형먀트수":0,
            "500m이내은행수":0,
            "500m이내병원수":0,
            "5km이내대형병원수":1,
            "500m이내공원수":1,
            "3km이내혐오시설수":0,
            "초등학교학업성취도":90.66,
            "중학교학업성취도":75.8,
            "용적률":105,
            "건폐율":0,
            "Y":37.376581,
            "X":127.262337,
            "rank":64.0,
            "area_info":"32평(106.8)",
            "last_sales":"2021-12-21,31300.0,32평(106.8)"
        },
        {
            "index":282,
            "아파트명":"햇빛마을코아루",
            "투자타입":"일반",
            "전용면적(m2)":"105.82",
            "전용면적(평)":"32평",
            "법정동주소":"경기도 광주시 초월읍 산이리 18-1",
            "도로명주소":"경기도 광주시 독고개길 14-24",
            "세대수":30,
            "입주년차":20,
            "용적률점수":"--",
            "건폐율점수":"--",
            "세대당주차수":60,
            "난방방식":30,
            "공급면적":"--",
            "전용률":"--",
            "욕실수":100,
            "현관타입":100,
            "주거총점":46.5,
            "지역구공급총점":0.0,
            "역세권":0,
            "30분내 이동가능 거점":0,
            "1시간내 이동가능 거점":60,
            "교통총점":12.0,
            "백화점":0,
            "아울렛몰":0,
            "대형마트":100,
            "은행":0,
            "병원":10,
            "종합병원":0,
            "공원":0,
            "혐오시설":0,
            "인프라총점":16.0,
            "초등학군":87.79,
            "중학군":42.36,
            "학군총점":51.446,
            "인구수":42.82,
            "인구증감":12.58,
            "인구총점":33.748,
            "일자리":18.0,
            "소득수준":54.28,
            "일자리총점":28.884,
            "가치 총점":26.0169,
            "매매실거래년":20211101.0,
            "매매실거래가":55000.0,
            "전세실거래년":20210523.0,
            "전세실거래가":14500.0,
            "전세가율":51.79,
            "장기전세가율평균":65.52,
            "전세가율거품지수":13.73,
            "검색코드":3911,
            "세대수":363.0,
            "준공년월":"2000-11-16",
            "준공년차":23.0,
            "가까운역이름":"초월",
            "가까운역거리":2005.18,
            "역세권여부":"비역세권",
            "30분이내주요거점역":0,
            "1시간이내주요거점역":6,
            "3km이내백화점수":0,
            "5km이내아울렛몰수":0,
            "1km이내대형먀트수":2,
            "500m이내은행수":1,
            "500m이내병원수":4,
            "5km이내대형병원수":0,
            "500m이내공원수":0,
            "3km이내혐오시설수":0,
            "초등학교학업성취도":87.79,
            "중학교학업성취도":70.2,
            "용적률":243,
            "건폐율":21,
            "Y":37.359897,
            "X":127.312452,
            "rank":65.0,
            "area_info":"32평(105.82), 32평(106.03), 54평(180.07), 54평(180.98), 63평(209.78)",
            "last_sales":"2021-11-01,55000.0,63평(209.78)"
        },
        {
            "index":217,
            "아파트명":"현대모닝사이드2차",
            "투자타입":"일반",
            "전용면적(m2)":"105.93",
            "전용면적(평)":"32평",
            "법정동주소":"경기도 광주시 오포읍 신현리 588-1",
            "도로명주소":"경기도 광주시 새말길 93",
            "세대수":30,
            "입주년차":20,
            "용적률점수":"--",
            "건폐율점수":"--",
            "세대당주차수":30,
            "난방방식":30,
            "공급면적":"--",
            "전용률":"--",
            "욕실수":100,
            "현관타입":100,
            "주거총점":42.0,
            "지역구공급총점":0.0,
            "역세권":0,
            "30분내 이동가능 거점":0,
            "1시간내 이동가능 거점":40,
            "교통총점":8.0,
            "백화점":0,
            "아울렛몰":0,
            "대형마트":0,
            "은행":0,
            "병원":10,
            "종합병원":100,
            "공원":0,
            "혐오시설":0,
            "인프라총점":21.0,
            "초등학군":89.44,
            "중학군":48.22,
            "학군총점":56.464,
            "인구수":42.82,
            "인구증감":12.58,
            "인구총점":33.748,
            "일자리":18.0,
            "소득수준":54.28,
            "일자리총점":28.884,
            "가치 총점":25.9696,
            "매매실거래년":20211113.0,
            "매매실거래가":42800.0,
            "전세실거래년":20210810.0,
            "전세실거래가":30000.0,
            "전세가율":70.09,
            "장기전세가율평균":65.52,
            "전세가율거품지수":-4.57,
            "검색코드":3569,
            "세대수":348.0,
            "준공년월":"2001-12-11",
            "준공년차":22.0,
            "가까운역이름":"서현",
            "가까운역거리":3829.54,
            "역세권여부":"비역세권",
            "30분이내주요거점역":0,
            "1시간이내주요거점역":4,
            "3km이내백화점수":0,
            "5km이내아울렛몰수":0,
            "1km이내대형먀트수":0,
            "500m이내은행수":0,
            "500m이내병원수":2,
            "5km이내대형병원수":3,
            "500m이내공원수":0,
            "3km이내혐오시설수":0,
            "초등학교학업성취도":89.44,
            "중학교학업성취도":79.1,
            "용적률":201,
            "건폐율":20,
            "Y":37.367959,
            "X":127.161163,
            "rank":66.0,
            "area_info":"32평(105.93)",
            "last_sales":"2021-11-13,42800.0,32평(105.93)"
        },
        {
            "index":218,
            "아파트명":"금광포란재",
            "투자타입":"일반",
            "전용면적(m2)":"99.32",
            "전용면적(평)":"30평",
            "법정동주소":"경기도 광주시 장지동 755",
            "도로명주소":"경기도 광주시 태봉로13번길 17",
            "세대수":0,
            "입주년차":40,
            "용적률점수":"--",
            "건폐율점수":"--",
            "세대당주차수":30,
            "난방방식":30,
            "공급면적":"--",
            "전용률":"--",
            "욕실수":100,
            "현관타입":100,
            "주거총점":35.5,
            "지역구공급총점":0.0,
            "역세권":0,
            "30분내 이동가능 거점":0,
            "1시간내 이동가능 거점":50,
            "교통총점":10.0,
            "백화점":0,
            "아울렛몰":0,
            "대형마트":0,
            "은행":20,
            "병원":60,
            "종합병원":80,
            "공원":0,
            "혐오시설":0,
            "인프라총점":24.0,
            "초등학군":88.43,
            "중학군":45.76,
            "학군총점":54.294,
            "인구수":42.82,
            "인구증감":12.58,
            "인구총점":33.748,
            "일자리":18.0,
            "소득수준":54.28,
            "일자리총점":28.884,
            "가치 총점":25.9441,
            "매매실거래년":20211127.0,
            "매매실거래가":41300.0,
            "전세실거래년":20191204.0,
            "전세실거래가":18000.0,
            "전세가율":92.78,
            "장기전세가율평균":65.52,
            "전세가율거품지수":-27.26,
            "검색코드":14358,
            "세대수":147.0,
            "준공년월":"2004-03-26",
            "준공년차":19.0,
            "가까운역이름":"삼동",
            "가까운역거리":3285.84,
            "역세권여부":"비역세권",
            "30분이내주요거점역":0,
            "1시간이내주요거점역":5,
            "3km이내백화점수":0,
            "5km이내아울렛몰수":0,
            "1km이내대형먀트수":0,
            "500m이내은행수":2,
            "500m이내병원수":12,
            "5km이내대형병원수":1,
            "500m이내공원수":0,
            "3km이내혐오시설수":0,
            "초등학교학업성취도":88.43,
            "중학교학업성취도":75.8,
            "용적률":229,
            "건폐율":19,
            "Y":37.391431,
            "X":127.232772,
            "rank":67.0,
            "area_info":"30평(99.32), 31평(103.87), 32평(106.4)",
            "last_sales":"2021-11-27,41300.0,32평(106.4)"
        },
        {
            "index":59,
            "아파트명":"탄벌파라다이스",
            "투자타입":"일반",
            "전용면적(m2)":"109.72",
            "전용면적(평)":"33평",
            "법정동주소":"경기도 광주시 송정동 596-12",
            "도로명주소":"경기도 광주시 송정로 39",
            "세대수":0,
            "입주년차":20,
            "용적률점수":"--",
            "건폐율점수":"--",
            "세대당주차수":30,
            "난방방식":30,
            "공급면적":"--",
            "전용률":"--",
            "욕실수":100,
            "현관타입":100,
            "주거총점":31.5,
            "지역구공급총점":0.0,
            "역세권":0,
            "30분내 이동가능 거점":0,
            "1시간내 이동가능 거점":60,
            "교통총점":12.0,
            "백화점":0,
            "아울렛몰":0,
            "대형마트":0,
            "은행":0,
            "병원":60,
            "종합병원":80,
            "공원":0,
            "혐오시설":0,
            "인프라총점":22.0,
            "초등학군":86.64,
            "중학군":50.4,
            "학군총점":57.648,
            "인구수":42.82,
            "인구증감":12.58,
            "인구총점":33.748,
            "일자리":18.0,
            "소득수준":54.28,
            "일자리총점":28.884,
            "가치 총점":25.7472,
            "매매실거래년":20210804.0,
            "매매실거래가":42500.0,
            "전세실거래년":20211201.0,
            "전세실거래가":23500.0,
            "전세가율":55.29,
            "장기전세가율평균":65.52,
            "전세가율거품지수":10.23,
            "검색코드":10779,
            "세대수":261.0,
            "준공년월":"2001-10-26",
            "준공년차":22.0,
            "가까운역이름":"삼동",
            "가까운역거리":4604.25,
            "역세권여부":"비역세권",
            "30분이내주요거점역":0,
            "1시간이내주요거점역":6,
            "3km이내백화점수":0,
            "5km이내아울렛몰수":0,
            "1km이내대형먀트수":0,
            "500m이내은행수":1,
            "500m이내병원수":10,
            "5km이내대형병원수":1,
            "500m이내공원수":0,
            "3km이내혐오시설수":0,
            "초등학교학업성취도":86.64,
            "중학교학업성취도":82.6,
            "용적률":283,
            "건폐율":19,
            "Y":37.417791,
            "X":127.254442,
            "rank":68.0,
            "area_info":"33평(109.72), 45평(152.0)",
            "last_sales":"2021-08-04,42500.0,33평(109.72)"
        },
        {
            "index":312,
            "아파트명":"탄벌리현대",
            "투자타입":"일반",
            "전용면적(m2)":"95.37",
            "전용면적(평)":"28평",
            "법정동주소":"경기도 광주시 탄벌동 40",
            "도로명주소":"경기도 광주시 벌원길 63",
            "세대수":50,
            "입주년차":20,
            "용적률점수":"--",
            "건폐율점수":"--",
            "세대당주차수":60,
            "난방방식":30,
            "공급면적":"--",
            "전용률":"--",
            "욕실수":100,
            "현관타입":100,
            "주거총점":53.5,
            "지역구공급총점":0.0,
            "역세권":0,
            "30분내 이동가능 거점":0,
            "1시간내 이동가능 거점":30,
            "교통총점":6.0,
            "백화점":0,
            "아울렛몰":0,
            "대형마트":0,
            "은행":0,
            "병원":30,
            "종합병원":80,
            "공원":0,
            "혐오시설":0,
            "인프라총점":19.0,
            "초등학군":86.64,
            "중학군":38.44,
            "학군총점":48.08,
            "인구수":42.82,
            "인구증감":12.58,
            "인구총점":33.748,
            "일자리":18.0,
            "소득수준":54.28,
            "일자리총점":28.884,
            "가치 총점":25.712,
            "매매실거래년":20211110.0,
            "매매실거래가":74500.0,
            "전세실거래년":20211023.0,
            "전세실거래가":25000.0,
            "전세가율":54.59,
            "장기전세가율평균":65.52,
            "전세가율거품지수":10.93,
            "검색코드":3914,
            "세대수":545.0,
            "준공년월":"2000-07-29",
            "준공년차":23.0,
            "가까운역이름":"삼동",
            "가까운역거리":4019.59,
            "역세권여부":"비역세권",
            "30분이내주요거점역":0,
            "1시간이내주요거점역":3,
            "3km이내백화점수":0,
            "5km이내아울렛몰수":0,
            "1km이내대형먀트수":0,
            "500m이내은행수":1,
            "500m이내병원수":5,
            "5km이내대형병원수":1,
            "500m이내공원수":0,
            "3km이내혐오시설수":0,
            "초등학교학업성취도":86.64,
            "중학교학업성취도":63.6,
            "용적률":0,
            "건폐율":0,
            "Y":37.417002,
            "X":127.247887,
            "rank":69.0,
            "area_info":"28평(95.37), 33평(112.12), 45평(151.44), 59평(197.97)",
            "last_sales":"2021-11-10,74500.0,59평(197.97)"
        },
        {
            "index":351,
            "아파트명":"쌍용스윗닷홈1단지",
            "투자타입":"일반",
            "전용면적(m2)":"79.93",
            "전용면적(평)":"24평",
            "법정동주소":"경기도 광주시 태전동 690",
            "도로명주소":"경기도 광주시 회안대로 350-25",
            "세대수":30,
            "입주년차":40,
            "용적률점수":"--",
            "건폐율점수":"--",
            "세대당주차수":0,
            "난방방식":30,
            "공급면적":"--",
            "전용률":"--",
            "욕실수":100,
            "현관타입":100,
            "주거총점":41.5,
            "지역구공급총점":0.0,
            "역세권":0,
            "30분내 이동가능 거점":0,
            "1시간내 이동가능 거점":50,
            "교통총점":10.0,
            "백화점":0,
            "아울렛몰":0,
            "대형마트":0,
            "은행":0,
            "병원":0,
            "종합병원":80,
            "공원":100,
            "혐오시설":0,
            "인프라총점":19.0,
            "초등학군":90.56,
            "중학군":45.76,
            "학군총점":54.72,
            "인구수":42.82,
            "인구증감":12.58,
            "인구총점":33.748,
            "일자리":18.0,
            "소득수준":54.28,
            "일자리총점":28.884,
            "가치 총점":25.708,
            "매매실거래년":20211014.0,
            "매매실거래가":46000.0,
            "전세실거래년":20210312.0,
            "전세실거래가":28000.0,
            "전세가율":75.68,
            "장기전세가율평균":65.52,
            "전세가율거품지수":-10.16,
            "검색코드":9042,
            "세대수":390.0,
            "준공년월":"2004-01-19",
            "준공년차":19.0,
            "가까운역이름":"삼동",
            "가까운역거리":3932.41,
            "역세권여부":"비역세권",
            "30분이내주요거점역":0,
            "1시간이내주요거점역":5,
            "3km이내백화점수":0,
            "5km이내아울렛몰수":0,
            "1km이내대형먀트수":0,
            "500m이내은행수":0,
            "500m이내병원수":0,
            "5km이내대형병원수":1,
            "500m이내공원수":2,
            "3km이내혐오시설수":0,
            "초등학교학업성취도":90.56,
            "중학교학업성취도":75.8,
            "용적률":180,
            "건폐율":15,
            "Y":37.388526,
            "X":127.239182,
            "rank":70.0,
            "area_info":"24평(79.93), 32평(105.98)",
            "last_sales":"2021-10-14,46000.0,32평(105.98)"
        },
        {
            "index":254,
            "아파트명":"도평우림퓨전빌1차",
            "투자타입":"일반",
            "전용면적(m2)":"110.46",
            "전용면적(평)":"33평",
            "법정동주소":"경기도 광주시 초월읍 도평리 205",
            "도로명주소":"경기도 광주시 현산로 99",
            "세대수":50,
            "입주년차":20,
            "용적률점수":"--",
            "건폐율점수":"--",
            "세대당주차수":30,
            "난방방식":30,
            "공급면적":"--",
            "전용률":"--",
            "욕실수":100,
            "현관타입":100,
            "주거총점":49.0,
            "지역구공급총점":0.0,
            "역세권":0,
            "30분내 이동가능 거점":0,
            "1시간내 이동가능 거점":30,
            "교통총점":6.0,
            "백화점":0,
            "아울렛몰":0,
            "대형마트":0,
            "은행":0,
            "병원":10,
            "종합병원":80,
            "공원":0,
            "혐오시설":0,
            "인프라총점":17.0,
            "초등학군":86.72,
            "중학군":50.4,
            "학군총점":57.664,
            "인구수":42.82,
            "인구증감":12.58,
            "인구총점":33.748,
            "일자리":18.0,
            "소득수준":54.28,
            "일자리총점":28.884,
            "가치 총점":25.6496,
            "매매실거래년":20211220.0,
            "매매실거래가":33000.0,
            "전세실거래년":20211228.0,
            "전세실거래가":25000.0,
            "전세가율":75.76,
            "장기전세가율평균":65.52,
            "전세가율거품지수":-10.24,
            "검색코드":11428,
            "세대수":477.0,
            "준공년월":"2002-10-10",
            "준공년차":21.0,
            "가까운역이름":"초월",
            "가까운역거리":2631.45,
            "역세권여부":"비역세권",
            "30분이내주요거점역":0,
            "1시간이내주요거점역":3,
            "3km이내백화점수":0,
            "5km이내아울렛몰수":0,
            "1km이내대형먀트수":0,
            "500m이내은행수":0,
            "500m이내병원수":2,
            "5km이내대형병원수":1,
            "500m이내공원수":0,
            "3km이내혐오시설수":0,
            "초등학교학업성취도":86.72,
            "중학교학업성취도":82.6,
            "용적률":0,
            "건폐율":0,
            "Y":37.39722,
            "X":127.291025,
            "rank":71.0,
            "area_info":"33평(110.46)",
            "last_sales":"2021-12-20,33000.0,33평(110.46)"
        },
        {
            "index":241,
            "아파트명":"현대",
            "투자타입":"일반",
            "전용면적(m2)":"111.16",
            "전용면적(평)":"33평",
            "법정동주소":"경기도 광주시 장지동 692-61",
            "도로명주소":"경기도 광주시 고불로 33",
            "세대수":50,
            "입주년차":20,
            "용적률점수":"--",
            "건폐율점수":"--",
            "세대당주차수":30,
            "난방방식":30,
            "공급면적":"--",
            "전용률":"--",
            "욕실수":100,
            "현관타입":100,
            "주거총점":49.0,
            "지역구공급총점":0.0,
            "역세권":0,
            "30분내 이동가능 거점":0,
            "1시간내 이동가능 거점":30,
            "교통총점":6.0,
            "백화점":0,
            "아울렛몰":0,
            "대형마트":0,
            "은행":0,
            "병원":30,
            "종합병원":80,
            "공원":0,
            "혐오시설":0,
            "인프라총점":19.0,
            "초등학군":88.43,
            "중학군":44.66,
            "학군총점":53.414,
            "인구수":42.82,
            "인구증감":12.58,
            "인구총점":33.748,
            "일자리":18.0,
            "소득수준":54.28,
            "일자리총점":28.884,
            "가치 총점":25.6121,
            "매매실거래년":20211230.0,
            "매매실거래가":52000.0,
            "전세실거래년":20211203.0,
            "전세실거래가":32000.0,
            "전세가율":76.19,
            "장기전세가율평균":65.52,
            "전세가율거품지수":-10.67,
            "검색코드":3904,
            "세대수":477.0,
            "준공년월":"2000-09-30",
            "준공년차":23.0,
            "가까운역이름":"삼동",
            "가까운역거리":3329.79,
            "역세권여부":"비역세권",
            "30분이내주요거점역":0,
            "1시간이내주요거점역":3,
            "3km이내백화점수":0,
            "5km이내아울렛몰수":0,
            "1km이내대형먀트수":0,
            "500m이내은행수":1,
            "500m이내병원수":5,
            "5km이내대형병원수":1,
            "500m이내공원수":0,
            "3km이내혐오시설수":0,
            "초등학교학업성취도":88.43,
            "중학교학업성취도":74.1,
            "용적률":225,
            "건폐율":15,
            "Y":37.392895,
            "X":127.234711,
            "rank":72.0,
            "area_info":"33평(111.16), 38평(127.03), 43평(144.34)",
            "last_sales":"2021-12-30,52000.0,38평(127.03)"
        },
        {
            "index":185,
            "아파트명":"양벌우림",
            "투자타입":"일반",
            "전용면적(m2)":"78.51",
            "전용면적(평)":"23평",
            "법정동주소":"경기도 광주시 오포읍 양벌리 359",
            "도로명주소":"경기도 광주시 마루들길 248",
            "세대수":50,
            "입주년차":20,
            "용적률점수":"--",
            "건폐율점수":"--",
            "세대당주차수":30,
            "난방방식":30,
            "공급면적":"--",
            "전용률":"--",
            "욕실수":50,
            "현관타입":100,
            "주거총점":44.0,
            "지역구공급총점":0.0,
            "역세권":0,
            "30분내 이동가능 거점":0,
            "1시간내 이동가능 거점":30,
            "교통총점":6.0,
            "백화점":0,
            "아울렛몰":0,
            "대형마트":0,
            "은행":0,
            "병원":30,
            "종합병원":80,
            "공원":80,
            "혐오시설":0,
            "인프라총점":21.4,
            "초등학군":90.66,
            "중학군":45.76,
            "학군총점":54.74,
            "인구수":42.82,
            "인구증감":12.58,
            "인구총점":33.748,
            "일자리":18.0,
            "소득수준":54.28,
            "일자리총점":28.884,
            "가치 총점":25.531,
            "매매실거래년":20220103.0,
            "매매실거래가":37400.0,
            "전세실거래년":20211110.0,
            "전세실거래가":24000.0,
            "전세가율":85.71,
            "장기전세가율평균":65.52,
            "전세가율거품지수":-20.19,
            "검색코드":9057,
            "세대수":448.0,
            "준공년월":"2000-11-17",
            "준공년차":23.0,
            "가까운역이름":"초월",
            "가까운역거리":3508.81,
            "역세권여부":"비역세권",
            "30분이내주요거점역":0,
            "1시간이내주요거점역":3,
            "3km이내백화점수":0,
            "5km이내아울렛몰수":0,
            "1km이내대형먀트수":0,
            "500m이내은행수":0,
            "500m이내병원수":6,
            "5km이내대형병원수":1,
            "500m이내공원수":1,
            "3km이내혐오시설수":0,
            "초등학교학업성취도":90.66,
            "중학교학업성취도":75.8,
            "용적률":214,
            "건폐율":20,
            "Y":37.377148,
            "X":127.25944,
            "rank":73.0,
            "area_info":"23평(78.51), 34평(113.47), 50평(167.33), 72평(240.77)",
            "last_sales":"2022-01-03,37400.0,34평(113.47)"
        },
        {
            "index":255,
            "아파트명":"도평피오레",
            "투자타입":"일반",
            "전용면적(m2)":"115.34",
            "전용면적(평)":"34평",
            "법정동주소":"경기도 광주시 초월읍 도평리 259",
            "도로명주소":"경기도 광주시 현산로 69",
            "세대수":50,
            "입주년차":40,
            "용적률점수":"--",
            "건폐율점수":"--",
            "세대당주차수":30,
            "난방방식":30,
            "공급면적":"--",
            "전용률":"--",
            "욕실수":100,
            "현관타입":100,
            "주거총점":53.0,
            "지역구공급총점":0.0,
            "역세권":0,
            "30분내 이동가능 거점":0,
            "1시간내 이동가능 거점":30,
            "교통총점":6.0,
            "백화점":0,
            "아울렛몰":0,
            "대형마트":0,
            "은행":0,
            "병원":10,
            "종합병원":80,
            "공원":0,
            "혐오시설":0,
            "인프라총점":17.0,
            "초등학군":86.72,
            "중학군":42.36,
            "학군총점":51.232,
            "인구수":42.82,
            "인구증감":12.58,
            "인구총점":33.748,
            "일자리":18.0,
            "소득수준":54.28,
            "일자리총점":28.884,
            "가치 총점":25.4848,
            "매매실거래년":20210929.0,
            "매매실거래가":38000.0,
            "전세실거래년":20220112.0,
            "전세실거래가":20000.0,
            "전세가율":52.63,
            "장기전세가율평균":65.52,
            "전세가율거품지수":12.89,
            "검색코드":21983,
            "세대수":434.0,
            "준공년월":"2007-03-30",
            "준공년차":16.0,
            "가까운역이름":"초월",
            "가까운역거리":2390.09,
            "역세권여부":"비역세권",
            "30분이내주요거점역":0,
            "1시간이내주요거점역":3,
            "3km이내백화점수":0,
            "5km이내아울렛몰수":0,
            "1km이내대형먀트수":0,
            "500m이내은행수":0,
            "500m이내병원수":2,
            "5km이내대형병원수":1,
            "500m이내공원수":0,
            "3km이내혐오시설수":0,
            "초등학교학업성취도":86.72,
            "중학교학업성취도":70.2,
            "용적률":180,
            "건폐율":15,
            "Y":37.39446,
            "X":127.289221,
            "rank":74.0,
            "area_info":"34평(115.34), 42평(141.09), 54평(180.52)",
            "last_sales":"2021-09-29,38000.0,34평(115.34)"
        },
        {
            "index":200,
            "아파트명":"오포문형양우내안애",
            "투자타입":"일반",
            "전용면적(m2)":"110.94",
            "전용면적(평)":"33평",
            "법정동주소":"경기도 광주시 오포읍 문형리 600",
            "도로명주소":"경기도 광주시 문형새솔길 1",
            "세대수":90,
            "입주년차":80,
            "용적률점수":"--",
            "건폐율점수":"--",
            "세대당주차수":60,
            "난방방식":30,
            "공급면적":"--",
            "전용률":"--",
            "욕실수":100,
            "현관타입":100,
            "주거총점":79.5,
            "지역구공급총점":0.0,
            "역세권":0,
            "30분내 이동가능 거점":0,
            "1시간내 이동가능 거점":20,
            "교통총점":4.0,
            "백화점":0,
            "아울렛몰":0,
            "대형마트":0,
            "은행":0,
            "병원":0,
            "종합병원":0,
            "공원":0,
            "혐오시설":0,
            "인프라총점":0.0,
            "초등학군":87.55,
            "중학군":42.0,
            "학군총점":51.11,
            "인구수":42.82,
            "인구증감":12.58,
            "인구총점":33.748,
            "일자리":18.0,
            "소득수준":54.28,
            "일자리총점":28.884,
            "가치 총점":24.9665,
            "매매실거래년":20220115.0,
            "매매실거래가":50000.0,
            "전세실거래년":20211210.0,
            "전세실거래가":16000.0,
            "전세가율":32.0,
            "장기전세가율평균":65.52,
            "전세가율거품지수":33.52,
            "검색코드":113915,
            "세대수":1028.0,
            "준공년월":"2018-10-12",
            "준공년차":5.0,
            "가까운역이름":"둔전",
            "가까운역거리":7760.2,
            "역세권여부":"비역세권",
            "30분이내주요거점역":0,
            "1시간이내주요거점역":2,
            "3km이내백화점수":0,
            "5km이내아울렛몰수":0,
            "1km이내대형먀트수":0,
            "500m이내은행수":0,
            "500m이내병원수":0,
            "5km이내대형병원수":0,
            "500m이내공원수":0,
            "3km이내혐오시설수":0,
            "초등학교학업성취도":87.55,
            "중학교학업성취도":68.8,
            "용적률":193,
            "건폐율":18,
            "Y":37.336671,
            "X":127.207537,
            "rank":75.0,
            "area_info":"33평(110.94), 33평(111.86), 33평(111.9)",
            "last_sales":"2022-01-15,50000.0,33평(110.94)"
        },
        {
            "index":326,
            "아파트명":"광주태전e-편한세상",
            "투자타입":"일반",
            "전용면적(m2)":"116.08",
            "전용면적(평)":"35평",
            "법정동주소":"경기도 광주시 태전동 691",
            "도로명주소":"경기도 광주시 벼루개길42번길 20",
            "세대수":0,
            "입주년차":40,
            "용적률점수":"--",
            "건폐율점수":"--",
            "세대당주차수":30,
            "난방방식":30,
            "공급면적":"--",
            "전용률":"--",
            "욕실수":100,
            "현관타입":100,
            "주거총점":35.5,
            "지역구공급총점":0.0,
            "역세권":0,
            "30분내 이동가능 거점":0,
            "1시간내 이동가능 거점":50,
            "교통총점":10.0,
            "백화점":0,
            "아울렛몰":0,
            "대형마트":0,
            "은행":0,
            "병원":10,
            "종합병원":80,
            "공원":100,
            "혐오시설":0,
            "인프라총점":20.0,
            "초등학군":93.18,
            "중학군":45.76,
            "학군총점":55.244,
            "인구수":42.82,
            "인구증감":12.58,
            "인구총점":33.748,
            "일자리":18.0,
            "소득수준":54.28,
            "일자리총점":28.884,
            "가치 총점":24.8866,
            "매매실거래년":20211002.0,
            "매매실거래가":55000.0,
            "전세실거래년":20211130.0,
            "전세실거래가":45000.0,
            "전세가율":81.82,
            "장기전세가율평균":65.52,
            "전세가율거품지수":-16.3,
            "검색코드":19027,
            "세대수":278.0,
            "준공년월":"2006-08-02",
            "준공년차":17.0,
            "가까운역이름":"삼동",
            "가까운역거리":4098.45,
            "역세권여부":"비역세권",
            "30분이내주요거점역":0,
            "1시간이내주요거점역":5,
            "3km이내백화점수":0,
            "5km이내아울렛몰수":0,
            "1km이내대형먀트수":0,
            "500m이내은행수":0,
            "500m이내병원수":3,
            "5km이내대형병원수":1,
            "500m이내공원수":4,
            "3km이내혐오시설수":0,
            "초등학교학업성취도":93.18,
            "중학교학업성취도":75.8,
            "용적률":182,
            "건폐율":15,
            "Y":37.380561,
            "X":127.232057,
            "rank":76.0,
            "area_info":"35평(116.08), 53평(176.03)",
            "last_sales":"2021-10-02,55000.0,35평(116.08)"
        },
        {
            "index":85,
            "아파트명":"쌍령현대모닝사이드2차",
            "투자타입":"일반",
            "전용면적(m2)":"98.35",
            "전용면적(평)":"29평",
            "법정동주소":"경기도 광주시 쌍령동 360-1",
            "도로명주소":"경기도 광주시 경충대로1422번길 42",
            "세대수":50,
            "입주년차":20,
            "용적률점수":"--",
            "건폐율점수":"--",
            "세대당주차수":60,
            "난방방식":30,
            "공급면적":"--",
            "전용률":"--",
            "욕실수":100,
            "현관타입":100,
            "주거총점":53.5,
            "지역구공급총점":0.0,
            "역세권":0,
            "30분내 이동가능 거점":0,
            "1시간내 이동가능 거점":40,
            "교통총점":8.0,
            "백화점":0,
            "아울렛몰":0,
            "대형마트":0,
            "은행":0,
            "병원":10,
            "종합병원":80,
            "공원":0,
            "혐오시설":0,
            "인프라총점":17.0,
            "초등학군":49.48,
            "중학군":39.98,
            "학군총점":41.88,
            "인구수":42.82,
            "인구증감":12.58,
            "인구총점":33.748,
            "일자리":18.0,
            "소득수준":54.28,
            "일자리총점":28.884,
            "가치 총점":24.882,
            "매매실거래년":20210905.0,
            "매매실거래가":45000.0,
            "전세실거래년":20210424.0,
            "전세실거래가":15000.0,
            "전세가율":46.88,
            "장기전세가율평균":65.52,
            "전세가율거품지수":18.64,
            "검색코드":10836,
            "세대수":513.0,
            "준공년월":"2003-05-30",
            "준공년차":20.0,
            "가까운역이름":"초월",
            "가까운역거리":3152.84,
            "역세권여부":"비역세권",
            "30분이내주요거점역":0,
            "1시간이내주요거점역":4,
            "3km이내백화점수":0,
            "5km이내아울렛몰수":0,
            "1km이내대형먀트수":0,
            "500m이내은행수":0,
            "500m이내병원수":2,
            "5km이내대형병원수":1,
            "500m이내공원수":0,
            "3km이내혐오시설수":0,
            "초등학교학업성취도":49.48,
            "중학교학업성취도":66.5,
            "용적률":0,
            "건폐율":0,
            "Y":37.398296,
            "X":127.279754,
            "rank":77.0,
            "area_info":"29평(98.35), 35평(116.0), 35평(116.0), 50평(167.7)",
            "last_sales":"2021-09-05,45000.0,50평(167.7)"
        },
        {
            "index":82,
            "아파트명":"쌍령현대1차",
            "투자타입":"일반",
            "전용면적(m2)":"103.82",
            "전용면적(평)":"31평",
            "법정동주소":"경기도 광주시 쌍령동 353-9",
            "도로명주소":"경기도 광주시 경충대로1422번길 41",
            "세대수":50,
            "입주년차":20,
            "용적률점수":"--",
            "건폐율점수":"--",
            "세대당주차수":60,
            "난방방식":30,
            "공급면적":"--",
            "전용률":"--",
            "욕실수":100,
            "현관타입":100,
            "주거총점":53.5,
            "지역구공급총점":0.0,
            "역세권":0,
            "30분내 이동가능 거점":0,
            "1시간내 이동가능 거점":40,
            "교통총점":8.0,
            "백화점":0,
            "아울렛몰":0,
            "대형마트":0,
            "은행":0,
            "병원":10,
            "종합병원":80,
            "공원":0,
            "혐오시설":0,
            "인프라총점":17.0,
            "초등학군":49.48,
            "중학군":39.98,
            "학군총점":41.88,
            "인구수":42.82,
            "인구증감":12.58,
            "인구총점":33.748,
            "일자리":18.0,
            "소득수준":54.28,
            "일자리총점":28.884,
            "가치 총점":24.882,
            "매매실거래년":20211121.0,
            "매매실거래가":38000.0,
            "전세실거래년":20220105.0,
            "전세실거래가":17000.0,
            "전세가율":53.29,
            "장기전세가율평균":65.52,
            "전세가율거품지수":12.23,
            "검색코드":3903,
            "세대수":470.0,
            "준공년월":"2000-12-28",
            "준공년차":23.0,
            "가까운역이름":"초월",
            "가까운역거리":3318.56,
            "역세권여부":"비역세권",
            "30분이내주요거점역":0,
            "1시간이내주요거점역":4,
            "3km이내백화점수":0,
            "5km이내아울렛몰수":0,
            "1km이내대형먀트수":0,
            "500m이내은행수":0,
            "500m이내병원수":2,
            "5km이내대형병원수":1,
            "500m이내공원수":0,
            "3km이내혐오시설수":0,
            "초등학교학업성취도":49.48,
            "중학교학업성취도":66.5,
            "용적률":225,
            "건폐율":17,
            "Y":37.39956,
            "X":127.27876,
            "rank":77.0,
            "area_info":"31평(103.82), 38평(127.87), 55평(183.17)",
            "last_sales":"2021-11-21,38000.0,38평(127.87)"
        },
        {
            "index":176,
            "아파트명":"양벌쌍용1차",
            "투자타입":"일반",
            "전용면적(m2)":"74.16",
            "전용면적(평)":"22평",
            "법정동주소":"경기도 광주시 오포읍 양벌리 285",
            "도로명주소":"경기도 광주시 양벌로 173",
            "세대수":30,
            "입주년차":20,
            "용적률점수":"--",
            "건폐율점수":"--",
            "세대당주차수":30,
            "난방방식":30,
            "공급면적":"--",
            "전용률":"--",
            "욕실수":50,
            "현관타입":100,
            "주거총점":37.0,
            "지역구공급총점":0.0,
            "역세권":0,
            "30분내 이동가능 거점":0,
            "1시간내 이동가능 거점":40,
            "교통총점":8.0,
            "백화점":0,
            "아울렛몰":0,
            "대형마트":0,
            "은행":0,
            "병원":30,
            "종합병원":80,
            "공원":80,
            "혐오시설":0,
            "인프라총점":21.4,
            "초등학군":90.66,
            "중학군":45.76,
            "학군총점":54.74,
            "인구수":42.82,
            "인구증감":12.58,
            "인구총점":33.748,
            "일자리":18.0,
            "소득수준":54.28,
            "일자리총점":28.884,
            "가치 총점":24.831,
            "매매실거래년":20210915.0,
            "매매실거래가":26800.0,
            "전세실거래년":20211103.0,
            "전세실거래가":23000.0,
            "전세가율":85.82,
            "장기전세가율평균":65.52,
            "전세가율거품지수":-20.3,
            "검색코드":3906,
            "세대수":313.0,
            "준공년월":"1999-03-31",
            "준공년차":24.0,
            "가까운역이름":"초월",
            "가까운역거리":3851.09,
            "역세권여부":"비역세권",
            "30분이내주요거점역":0,
            "1시간이내주요거점역":4,
            "3km이내백화점수":0,
            "5km이내아울렛몰수":0,
            "1km이내대형먀트수":0,
            "500m이내은행수":0,
            "500m이내병원수":7,
            "5km이내대형병원수":1,
            "500m이내공원수":1,
            "3km이내혐오시설수":0,
            "초등학교학업성취도":90.66,
            "중학교학업성취도":75.8,
            "용적률":217,
            "건폐율":20,
            "Y":37.380894,
            "X":127.256185,
            "rank":78.0,
            "area_info":"22평(74.16), 23평(76.69), 25평(84.14), 30평(99.57), 32평(107.91), 45평(151.11)",
            "last_sales":"2021-09-15,26800.0,22평(74.16)"
        },
        {
            "index":131,
            "아파트명":"e편한세상테라스오포2단지",
            "투자타입":"일반",
            "전용면적(m2)":"95.09",
            "전용면적(평)":"28평",
            "법정동주소":"경기도 광주시 오포읍 신현리 1241",
            "도로명주소":"경기도 광주시 문형산길 131",
            "세대수":0,
            "입주년차":80,
            "용적률점수":"--",
            "건폐율점수":"--",
            "세대당주차수":60,
            "난방방식":30,
            "공급면적":"--",
            "전용률":"--",
            "욕실수":100,
            "현관타입":100,
            "주거총점":48.0,
            "지역구공급총점":0.0,
            "역세권":0,
            "30분내 이동가능 거점":0,
            "1시간내 이동가능 거점":10,
            "교통총점":2.0,
            "백화점":0,
            "아울렛몰":0,
            "대형마트":0,
            "은행":0,
            "병원":0,
            "종합병원":100,
            "공원":0,
            "혐오시설":0,
            "인프라총점":20.0,
            "초등학군":89.44,
            "중학군":48.22,
            "학군총점":56.464,
            "인구수":42.82,
            "인구증감":12.58,
            "인구총점":33.748,
            "일자리":18.0,
            "소득수준":54.28,
            "일자리총점":28.884,
            "가치 총점":24.7696,
            "매매실거래년":20210807.0,
            "매매실거래가":90000.0,
            "전세실거래년":20210529.0,
            "전세실거래가":28000.0,
            "전세가율":50.45,
            "장기전세가율평균":65.52,
            "전세가율거품지수":15.07,
            "검색코드":114273,
            "세대수":189.0,
            "준공년월":"2018-07-11",
            "준공년차":5.0,
            "가까운역이름":"서현",
            "가까운역거리":4380.14,
            "역세권여부":"비역세권",
            "30분이내주요거점역":0,
            "1시간이내주요거점역":1,
            "3km이내백화점수":0,
            "5km이내아울렛몰수":0,
            "1km이내대형먀트수":0,
            "500m이내은행수":0,
            "500m이내병원수":0,
            "5km이내대형병원수":3,
            "500m이내공원수":0,
            "3km이내혐오시설수":0,
            "초등학교학업성취도":89.44,
            "중학교학업성취도":79.1,
            "용적률":149,
            "건폐율":28,
            "Y":37.367786,
            "X":127.168101,
            "rank":79.0,
            "area_info":"28평(95.09), 31평(104.92), 32평(106.0), 43평(143.65), 45평(150.58)",
            "last_sales":"2021-08-07,90000.0,45평(150.58)"
        },
        {
            "index":260,
            "아파트명":"신일드림빌",
            "투자타입":"일반",
            "전용면적(m2)":"105.24",
            "전용면적(평)":"31평",
            "법정동주소":"경기도 광주시 초월읍 대쌍령리 124-4",
            "도로명주소":"경기도 광주시 무들로 59-63",
            "세대수":30,
            "입주년차":20,
            "용적률점수":"--",
            "건폐율점수":"--",
            "세대당주차수":60,
            "난방방식":30,
            "공급면적":"--",
            "전용률":"--",
            "욕실수":100,
            "현관타입":100,
            "주거총점":46.5,
            "지역구공급총점":0.0,
            "역세권":0,
            "30분내 이동가능 거점":0,
            "1시간내 이동가능 거점":40,
            "교통총점":8.0,
            "백화점":0,
            "아울렛몰":0,
            "대형마트":0,
            "은행":0,
            "병원":0,
            "종합병원":80,
            "공원":0,
            "혐오시설":0,
            "인프라총점":16.0,
            "초등학군":86.72,
            "중학군":42.36,
            "학군총점":51.232,
            "인구수":42.82,
            "인구증감":12.58,
            "인구총점":33.748,
            "일자리":18.0,
            "소득수준":54.28,
            "일자리총점":28.884,
            "가치 총점":24.5848,
            "매매실거래년":20211210.0,
            "매매실거래가":32000.0,
            "전세실거래년":20220113.0,
            "전세실거래가":16000.0,
            "전세가율":50.0,
            "장기전세가율평균":65.52,
            "전세가율거품지수":15.52,
            "검색코드":22332,
            "세대수":360.0,
            "준공년월":"2002-10-22",
            "준공년차":21.0,
            "가까운역이름":"초월",
            "가까운역거리":1708.45,
            "역세권여부":"비역세권",
            "30분이내주요거점역":0,
            "1시간이내주요거점역":4,
            "3km이내백화점수":0,
            "5km이내아울렛몰수":0,
            "1km이내대형먀트수":0,
            "500m이내은행수":0,
            "500m이내병원수":0,
            "5km이내대형병원수":1,
            "500m이내공원수":0,
            "3km이내혐오시설수":0,
            "초등학교학업성취도":86.72,
            "중학교학업성취도":70.2,
            "용적률":0,
            "건폐율":0,
            "Y":37.389374,
            "X":127.294566,
            "rank":80.0,
            "area_info":"31평(105.24)",
            "last_sales":"2021-12-10,32000.0,31평(105.24)"
        },
        {
            "index":41,
            "아파트명":"금강펜테리움1단지",
            "투자타입":"일반",
            "전용면적(m2)":"110.04",
            "전용면적(평)":"33평",
            "법정동주소":"경기도 광주시 송정동 573",
            "도로명주소":"경기도 광주시 경안천로 159",
            "세대수":30,
            "입주년차":60,
            "용적률점수":"--",
            "건폐율점수":"--",
            "세대당주차수":60,
            "난방방식":30,
            "공급면적":"--",
            "전용률":"--",
            "욕실수":100,
            "현관타입":100,
            "주거총점":54.5,
            "지역구공급총점":0.0,
            "역세권":0,
            "30분내 이동가능 거점":0,
            "1시간내 이동가능 거점":0,
            "교통총점":0.0,
            "백화점":0,
            "아울렛몰":0,
            "대형마트":0,
            "은행":0,
            "병원":0,
            "종합병원":80,
            "공원":0,
            "혐오시설":0,
            "인프라총점":16.0,
            "초등학군":88.8,
            "중학군":50.4,
            "학군총점":58.08,
            "인구수":42.82,
            "인구증감":12.58,
            "인구총점":33.748,
            "일자리":18.0,
            "소득수준":54.28,
            "일자리총점":28.884,
            "가치 총점":24.412,
            "매매실거래년":20211120.0,
            "매매실거래가":41750.0,
            "전세실거래년":20211207.0,
            "전세실거래가":34000.0,
            "전세가율":81.44,
            "장기전세가율평균":65.52,
            "전세가율거품지수":-15.92,
            "검색코드":27382,
            "세대수":350.0,
            "준공년월":"2010-06-03",
            "준공년차":13.0,
            "가까운역이름":"초월",
            "가까운역거리":5351.93,
            "역세권여부":"비역세권",
            "30분이내주요거점역":0,
            "1시간이내주요거점역":0,
            "3km이내백화점수":0,
            "5km이내아울렛몰수":0,
            "1km이내대형먀트수":0,
            "500m이내은행수":0,
            "500m이내병원수":0,
            "5km이내대형병원수":1,
            "500m이내공원수":0,
            "3km이내혐오시설수":0,
            "초등학교학업성취도":88.8,
            "중학교학업성취도":82.6,
            "용적률":165,
            "건폐율":20,
            "Y":37.419008,
            "X":127.276189,
            "rank":81.0,
            "area_info":"33평(110.04), 48평(161.31), 48평(161.31), 49평(164.08)",
            "last_sales":"2021-11-20,41750.0,33평(110.04)"
        },
        {
            "index":67,
            "아파트명":"광주역대광로제비앙",
            "투자타입":"일반",
            "전용면적(m2)":"86.65",
            "전용면적(평)":"26평",
            "법정동주소":"경기도 광주시 쌍령동 502",
            "도로명주소":"경기도 광주시 경충대로 1430",
            "세대수":0,
            "입주년차":80,
            "용적률점수":"--",
            "건폐율점수":"--",
            "세대당주차수":30,
            "난방방식":30,
            "공급면적":"--",
            "전용률":"--",
            "욕실수":100,
            "현관타입":100,
            "주거총점":43.5,
            "지역구공급총점":0.0,
            "역세권":0,
            "30분내 이동가능 거점":0,
            "1시간내 이동가능 거점":50,
            "교통총점":10.0,
            "백화점":0,
            "아울렛몰":0,
            "대형마트":0,
            "은행":0,
            "병원":10,
            "종합병원":80,
            "공원":80,
            "혐오시설":0,
            "인프라총점":19.4,
            "초등학군":49.48,
            "중학군":39.98,
            "학군총점":41.88,
            "인구수":42.82,
            "인구증감":12.58,
            "인구총점":33.748,
            "일자리":18.0,
            "소득수준":54.28,
            "일자리총점":28.884,
            "가치 총점":24.302,
            "매매실거래년":20220115.0,
            "매매실거래가":45300.0,
            "전세실거래년":20211113.0,
            "전세실거래가":30000.0,
            "전세가율":66.23,
            "장기전세가율평균":65.52,
            "전세가율거품지수":-0.71,
            "검색코드":110663,
            "세대수":265.0,
            "준공년월":"2018-03-05",
            "준공년차":5.0,
            "가까운역이름":"초월",
            "가까운역거리":3358.05,
            "역세권여부":"비역세권",
            "30분이내주요거점역":0,
            "1시간이내주요거점역":5,
            "3km이내백화점수":0,
            "5km이내아울렛몰수":0,
            "1km이내대형먀트수":0,
            "500m이내은행수":0,
            "500m이내병원수":2,
            "5km이내대형병원수":1,
            "500m이내공원수":1,
            "3km이내혐오시설수":0,
            "초등학교학업성취도":49.48,
            "중학교학업성취도":66.5,
            "용적률":400,
            "건폐율":27,
            "Y":37.398208,
            "X":127.275586,
            "rank":82.0,
            "area_info":"26평(86.65), 26평(86.03), 26평(86.21), 26평(86.65), 26평(86.11), 33평(112.05)",
            "last_sales":"2022-01-15,45300.0,26평(86.65)"
        },
        {
            "index":54,
            "아파트명":"송정우림필유",
            "투자타입":"일반",
            "전용면적(m2)":"109.4",
            "전용면적(평)":"33평",
            "법정동주소":"경기도 광주시 송정동 575",
            "도로명주소":"경기도 광주시 경안천로 91",
            "세대수":30,
            "입주년차":60,
            "용적률점수":"--",
            "건폐율점수":"--",
            "세대당주차수":30,
            "난방방식":30,
            "공급면적":"--",
            "전용률":"--",
            "욕실수":100,
            "현관타입":100,
            "주거총점":50.0,
            "지역구공급총점":0.0,
            "역세권":0,
            "30분내 이동가능 거점":0,
            "1시간내 이동가능 거점":10,
            "교통총점":2.0,
            "백화점":0,
            "아울렛몰":0,
            "대형마트":0,
            "은행":0,
            "병원":0,
            "종합병원":80,
            "공원":0,
            "혐오시설":0,
            "인프라총점":16.0,
            "초등학군":88.8,
            "중학군":50.4,
            "학군총점":58.08,
            "인구수":42.82,
            "인구증감":12.58,
            "인구총점":33.748,
            "일자리":18.0,
            "소득수준":54.28,
            "일자리총점":28.884,
            "가치 총점":24.212,
            "매매실거래년":20211208.0,
            "매매실거래가":45000.0,
            "전세실거래년":20211204.0,
            "전세실거래가":26250.0,
            "전세가율":58.33,
            "장기전세가율평균":65.52,
            "전세가율거품지수":7.19,
            "검색코드":27188,
            "세대수":368.0,
            "준공년월":"2010-05-31",
            "준공년차":13.0,
            "가까운역이름":"초월",
            "가까운역거리":5309.83,
            "역세권여부":"비역세권",
            "30분이내주요거점역":0,
            "1시간이내주요거점역":1,
            "3km이내백화점수":0,
            "5km이내아울렛몰수":0,
            "1km이내대형먀트수":0,
            "500m이내은행수":0,
            "500m이내병원수":0,
            "5km이내대형병원수":1,
            "500m이내공원수":0,
            "3km이내혐오시설수":0,
            "초등학교학업성취도":88.8,
            "중학교학업성취도":82.6,
            "용적률":178,
            "건폐율":18,
            "Y":37.416633,
            "X":127.270903,
            "rank":83.0,
            "area_info":"33평(109.4), 45평(149.66)",
            "last_sales":"2021-12-08,45000.0,33평(109.4)"
        },
        {
            "index":250,
            "아파트명":"도평신일",
            "투자타입":"일반",
            "전용면적(m2)":"106.49",
            "전용면적(평)":"32평",
            "법정동주소":"경기도 광주시 초월읍 도평리 154",
            "도로명주소":"경기도 광주시 현산로 86",
            "세대수":30,
            "입주년차":20,
            "용적률점수":"--",
            "건폐율점수":"--",
            "세대당주차수":60,
            "난방방식":30,
            "공급면적":"--",
            "전용률":"--",
            "욕실수":100,
            "현관타입":100,
            "주거총점":46.5,
            "지역구공급총점":0.0,
            "역세권":0,
            "30분내 이동가능 거점":0,
            "1시간내 이동가능 거점":30,
            "교통총점":6.0,
            "백화점":0,
            "아울렛몰":0,
            "대형마트":0,
            "은행":0,
            "병원":10,
            "종합병원":80,
            "공원":0,
            "혐오시설":0,
            "인프라총점":17.0,
            "초등학군":86.72,
            "중학군":42.36,
            "학군총점":51.232,
            "인구수":42.82,
            "인구증감":12.58,
            "인구총점":33.748,
            "일자리":18.0,
            "소득수준":54.28,
            "일자리총점":28.884,
            "가치 총점":24.1848,
            "매매실거래년":20211115.0,
            "매매실거래가":31000.0,
            "전세실거래년":20220113.0,
            "전세실거래가":25000.0,
            "전세가율":73.53,
            "장기전세가율평균":65.52,
            "전세가율거품지수":-8.01,
            "검색코드":3909,
            "세대수":358.0,
            "준공년월":"2000-10-01",
            "준공년차":23.0,
            "가까운역이름":"초월",
            "가까운역거리":2363.27,
            "역세권여부":"비역세권",
            "30분이내주요거점역":0,
            "1시간이내주요거점역":3,
            "3km이내백화점수":0,
            "5km이내아울렛몰수":0,
            "1km이내대형먀트수":0,
            "500m이내은행수":0,
            "500m이내병원수":2,
            "5km이내대형병원수":1,
            "500m이내공원수":0,
            "3km이내혐오시설수":0,
            "초등학교학업성취도":86.72,
            "중학교학업성취도":70.2,
            "용적률":189,
            "건폐율":20,
            "Y":37.395058,
            "X":127.292615,
            "rank":84.0,
            "area_info":"32평(106.49), 45평(151.33), 57평(191.57)",
            "last_sales":"2021-11-15,31000.0,45평(151.33)"
        },
        {
            "index":80,
            "아파트명":"쌍령동성2차",
            "투자타입":"일반",
            "전용면적(m2)":"86.41",
            "전용면적(평)":"26평",
            "법정동주소":"경기도 광주시 쌍령동 349",
            "도로명주소":"경기도 광주시 경충대로1422번길 26",
            "세대수":50,
            "입주년차":20,
            "용적률점수":"--",
            "건폐율점수":"--",
            "세대당주차수":30,
            "난방방식":30,
            "공급면적":"--",
            "전용률":"--",
            "욕실수":100,
            "현관타입":100,
            "주거총점":49.0,
            "지역구공급총점":0.0,
            "역세권":0,
            "30분내 이동가능 거점":0,
            "1시간내 이동가능 거점":40,
            "교통총점":8.0,
            "백화점":0,
            "아울렛몰":0,
            "대형마트":0,
            "은행":0,
            "병원":10,
            "종합병원":80,
            "공원":0,
            "혐오시설":0,
            "인프라총점":17.0,
            "초등학군":49.48,
            "중학군":39.98,
            "학군총점":41.88,
            "인구수":42.82,
            "인구증감":12.58,
            "인구총점":33.748,
            "일자리":18.0,
            "소득수준":54.28,
            "일자리총점":28.884,
            "가치 총점":23.982,
            "매매실거래년":20211228.0,
            "매매실거래가":36000.0,
            "전세실거래년":20210917.0,
            "전세실거래가":28000.0,
            "전세가율":81.16,
            "장기전세가율평균":65.52,
            "전세가율거품지수":-15.64,
            "검색코드":9453,
            "세대수":440.0,
            "준공년월":"2002-11-30",
            "준공년차":21.0,
            "가까운역이름":"초월",
            "가까운역거리":3168.08,
            "역세권여부":"비역세권",
            "30분이내주요거점역":0,
            "1시간이내주요거점역":4,
            "3km이내백화점수":0,
            "5km이내아울렛몰수":0,
            "1km이내대형먀트수":0,
            "500m이내은행수":0,
            "500m이내병원수":2,
            "5km이내대형병원수":1,
            "500m이내공원수":0,
            "3km이내혐오시설수":0,
            "초등학교학업성취도":49.48,
            "중학교학업성취도":66.5,
            "용적률":0,
            "건폐율":0,
            "Y":37.39761,
            "X":127.27817,
            "rank":85.0,
            "area_info":"26평(86.41), 35평(118.86)",
            "last_sales":"2021-12-28,36000.0,35평(118.86)"
        },
        {
            "index":338,
            "아파트명":"미진",
            "투자타입":"일반",
            "전용면적(m2)":"73.81",
            "전용면적(평)":"22평",
            "법정동주소":"경기도 광주시 태전동 667",
            "도로명주소":"경기도 광주시 태봉로13번길 6",
            "세대수":0,
            "입주년차":20,
            "용적률점수":"--",
            "건폐율점수":"--",
            "세대당주차수":0,
            "난방방식":30,
            "공급면적":"--",
            "전용률":"--",
            "욕실수":50,
            "현관타입":100,
            "주거총점":22.0,
            "지역구공급총점":0.0,
            "역세권":0,
            "30분내 이동가능 거점":0,
            "1시간내 이동가능 거점":50,
            "교통총점":10.0,
            "백화점":0,
            "아울렛몰":0,
            "대형마트":0,
            "은행":20,
            "병원":60,
            "종합병원":80,
            "공원":80,
            "혐오시설":0,
            "인프라총점":26.4,
            "초등학군":88.43,
            "중학군":45.76,
            "학군총점":54.294,
            "인구수":42.82,
            "인구증감":12.58,
            "인구총점":33.748,
            "일자리":18.0,
            "소득수준":54.28,
            "일자리총점":28.884,
            "가치 총점":23.9641,
            "매매실거래년":20220106.0,
            "매매실거래가":15000.0,
            "전세실거래년":20211113.0,
            "전세실거래가":15750.0,
            "전세가율":105.0,
            "장기전세가율평균":65.52,
            "전세가율거품지수":-39.48,
            "검색코드":3917,
            "세대수":243.0,
            "준공년월":"1999-05-11",
            "준공년차":24.0,
            "가까운역이름":"삼동",
            "가까운역거리":3181.65,
            "역세권여부":"비역세권",
            "30분이내주요거점역":0,
            "1시간이내주요거점역":5,
            "3km이내백화점수":0,
            "5km이내아울렛몰수":0,
            "1km이내대형먀트수":0,
            "500m이내은행수":2,
            "500m이내병원수":12,
            "5km이내대형병원수":1,
            "500m이내공원수":1,
            "3km이내혐오시설수":0,
            "초등학교학업성취도":88.43,
            "중학교학업성취도":75.8,
            "용적률":276,
            "건폐율":17,
            "Y":37.3913,
            "X":127.23113,
            "rank":86.0,
            "area_info":"22평(73.81), 31평(104.58), 39평(130.13)",
            "last_sales":"2022-01-06,15000.0,22평(73.81)"
        },
        {
            "index":18,
            "아파트명":"해태그린",
            "투자타입":"일반",
            "전용면적(m2)":"59.21",
            "전용면적(평)":"17평",
            "법정동주소":"경기도 광주시 경안동 185-1",
            "도로명주소":"경기도 광주시 경안로 106",
            "세대수":30,
            "입주년차":20,
            "용적률점수":"--",
            "건폐율점수":"--",
            "세대당주차수":30,
            "난방방식":30,
            "공급면적":"--",
            "전용률":"--",
            "욕실수":50,
            "현관타입":100,
            "주거총점":37.0,
            "지역구공급총점":0.0,
            "역세권":0,
            "30분내 이동가능 거점":0,
            "1시간내 이동가능 거점":50,
            "교통총점":10.0,
            "백화점":0,
            "아울렛몰":0,
            "대형마트":0,
            "은행":0,
            "병원":0,
            "종합병원":80,
            "공원":80,
            "혐오시설":0,
            "인프라총점":18.4,
            "초등학군":90.0,
            "중학군":39.98,
            "학군총점":49.984,
            "인구수":42.82,
            "인구증감":12.58,
            "인구총점":33.748,
            "일자리":18.0,
            "소득수준":54.28,
            "일자리총점":28.884,
            "가치 총점":23.9176,
            "매매실거래년":20211129.0,
            "매매실거래가":57000.0,
            "전세실거래년":20160629.0,
            "전세실거래가":9000.0,
            "전세가율":43.9,
            "장기전세가율평균":65.52,
            "전세가율거품지수":21.62,
            "검색코드":3899,
            "세대수":317.0,
            "준공년월":"2000-10-05",
            "준공년차":23.0,
            "가까운역이름":"삼동",
            "가까운역거리":4140.76,
            "역세권여부":"비역세권",
            "30분이내주요거점역":0,
            "1시간이내주요거점역":5,
            "3km이내백화점수":0,
            "5km이내아울렛몰수":0,
            "1km이내대형먀트수":0,
            "500m이내은행수":0,
            "500m이내병원수":0,
            "5km이내대형병원수":1,
            "500m이내공원수":1,
            "3km이내혐오시설수":0,
            "초등학교학업성취도":90.0,
            "중학교학업성취도":66.5,
            "용적률":266,
            "건폐율":20,
            "Y":37.407375,
            "X":127.250163,
            "rank":87.0,
            "area_info":"17평(59.21), 22평(74.66), 32평(107.54), 48평(160.81)",
            "last_sales":"2021-11-29,57000.0,32평(107.54)"
        },
        {
            "index":73,
            "아파트명":"동성1차",
            "투자타입":"일반",
            "전용면적(m2)":"81.0",
            "전용면적(평)":"24평",
            "법정동주소":"경기도 광주시 쌍령동 337",
            "도로명주소":"경기도 광주시 경충대로1422번길 25",
            "세대수":50,
            "입주년차":20,
            "용적률점수":"--",
            "건폐율점수":"--",
            "세대당주차수":60,
            "난방방식":30,
            "공급면적":"--",
            "전용률":"--",
            "욕실수":50,
            "현관타입":100,
            "주거총점":48.5,
            "지역구공급총점":0.0,
            "역세권":0,
            "30분내 이동가능 거점":0,
            "1시간내 이동가능 거점":40,
            "교통총점":8.0,
            "백화점":0,
            "아울렛몰":0,
            "대형마트":0,
            "은행":0,
            "병원":10,
            "종합병원":80,
            "공원":0,
            "혐오시설":0,
            "인프라총점":17.0,
            "초등학군":49.48,
            "중학군":39.98,
            "학군총점":41.88,
            "인구수":42.82,
            "인구증감":12.58,
            "인구총점":33.748,
            "일자리":18.0,
            "소득수준":54.28,
            "일자리총점":28.884,
            "가치 총점":23.882,
            "매매실거래년":20211201.0,
            "매매실거래가":43500.0,
            "전세실거래년":20200702.0,
            "전세실거래가":16000.0,
            "전세가율":86.49,
            "장기전세가율평균":65.52,
            "전세가율거품지수":-20.97,
            "검색코드":3566,
            "세대수":495.0,
            "준공년월":"2001-12-15",
            "준공년차":22.0,
            "가까운역이름":"초월",
            "가까운역거리":3296.14,
            "역세권여부":"비역세권",
            "30분이내주요거점역":0,
            "1시간이내주요거점역":4,
            "3km이내백화점수":0,
            "5km이내아울렛몰수":0,
            "1km이내대형먀트수":0,
            "500m이내은행수":0,
            "500m이내병원수":2,
            "5km이내대형병원수":1,
            "500m이내공원수":0,
            "3km이내혐오시설수":0,
            "초등학교학업성취도":49.48,
            "중학교학업성취도":66.5,
            "용적률":229,
            "건폐율":16,
            "Y":37.39865,
            "X":127.27751,
            "rank":88.0,
            "area_info":"24평(81.0), 33평(109.33), 49평(163.72)",
            "last_sales":"2021-12-01,43500.0,49평(163.72)"
        },
        {
            "index":139,
            "아파트명":"e편한세상테라스오포4단지",
            "투자타입":"일반",
            "전용면적(m2)":"106.17",
            "전용면적(평)":"32평",
            "법정동주소":"경기도 광주시 오포읍 신현리 1243",
            "도로명주소":"경기도 광주시 문형산안길1번길 25",
            "세대수":0,
            "입주년차":80,
            "용적률점수":"--",
            "건폐율점수":"--",
            "세대당주차수":30,
            "난방방식":30,
            "공급면적":"--",
            "전용률":"--",
            "욕실수":100,
            "현관타입":100,
            "주거총점":43.5,
            "지역구공급총점":0.0,
            "역세권":0,
            "30분내 이동가능 거점":0,
            "1시간내 이동가능 거점":10,
            "교통총점":2.0,
            "백화점":0,
            "아울렛몰":0,
            "대형마트":0,
            "은행":0,
            "병원":0,
            "종합병원":100,
            "공원":0,
            "혐오시설":0,
            "인프라총점":20.0,
            "초등학군":89.44,
            "중학군":48.22,
            "학군총점":56.464,
            "인구수":42.82,
            "인구증감":12.58,
            "인구총점":33.748,
            "일자리":18.0,
            "소득수준":54.28,
            "일자리총점":28.884,
            "가치 총점":23.8696,
            "매매실거래년":20211111.0,
            "매매실거래가":62500.0,
            "전세실거래년":20210831.0,
            "전세실거래가":45000.0,
            "전세가율":72.0,
            "장기전세가율평균":65.52,
            "전세가율거품지수":-6.48,
            "검색코드":114277,
            "세대수":173.0,
            "준공년월":"2018-07-11",
            "준공년차":5.0,
            "가까운역이름":"서현",
            "가까운역거리":4615.82,
            "역세권여부":"비역세권",
            "30분이내주요거점역":0,
            "1시간이내주요거점역":1,
            "3km이내백화점수":0,
            "5km이내아울렛몰수":0,
            "1km이내대형먀트수":0,
            "500m이내은행수":0,
            "500m이내병원수":0,
            "5km이내대형병원수":3,
            "500m이내공원수":0,
            "3km이내혐오시설수":0,
            "초등학교학업성취도":89.44,
            "중학교학업성취도":79.1,
            "용적률":99,
            "건폐율":23,
            "Y":37.36773,
            "X":127.171021,
            "rank":89.0,
            "area_info":"32평(106.17), 32평(106.6), 43평(145.37), 46평(152.38)",
            "last_sales":"2021-11-11,62500.0,32평(106.17)"
        },
        {
            "index":136,
            "아파트명":"e편한세상테라스오포3단지",
            "투자타입":"일반",
            "전용면적(m2)":"106.1",
            "전용면적(평)":"32평",
            "법정동주소":"경기도 광주시 오포읍 신현리 1242",
            "도로명주소":"경기도 광주시 문형산길 138",
            "세대수":0,
            "입주년차":80,
            "용적률점수":"--",
            "건폐율점수":"--",
            "세대당주차수":30,
            "난방방식":30,
            "공급면적":"--",
            "전용률":"--",
            "욕실수":100,
            "현관타입":100,
            "주거총점":43.5,
            "지역구공급총점":0.0,
            "역세권":0,
            "30분내 이동가능 거점":0,
            "1시간내 이동가능 거점":10,
            "교통총점":2.0,
            "백화점":0,
            "아울렛몰":0,
            "대형마트":0,
            "은행":0,
            "병원":0,
            "종합병원":100,
            "공원":0,
            "혐오시설":0,
            "인프라총점":20.0,
            "초등학군":89.44,
            "중학군":48.22,
            "학군총점":56.464,
            "인구수":42.82,
            "인구증감":12.58,
            "인구총점":33.748,
            "일자리":18.0,
            "소득수준":54.28,
            "일자리총점":28.884,
            "가치 총점":23.8696,
            "매매실거래년":20211106.0,
            "매매실거래가":60000.0,
            "전세실거래년":20220112.0,
            "전세실거래가":46000.0,
            "전세가율":70.77,
            "장기전세가율평균":65.52,
            "전세가율거품지수":-5.25,
            "검색코드":114275,
            "세대수":211.0,
            "준공년월":"2018-07-11",
            "준공년차":5.0,
            "가까운역이름":"서현",
            "가까운역거리":4490.26,
            "역세권여부":"비역세권",
            "30분이내주요거점역":0,
            "1시간이내주요거점역":1,
            "3km이내백화점수":0,
            "5km이내아울렛몰수":0,
            "1km이내대형먀트수":0,
            "500m이내은행수":0,
            "500m이내병원수":0,
            "5km이내대형병원수":3,
            "500m이내공원수":0,
            "3km이내혐오시설수":0,
            "초등학교학업성취도":89.44,
            "중학교학업성취도":79.1,
            "용적률":93,
            "건폐율":16,
            "Y":37.370433,
            "X":127.170926,
            "rank":89.0,
            "area_info":"32평(106.1), 32평(106.53), 32평(107.18)",
            "last_sales":"2021-11-06,60000.0,32평(106.53)"
        },
        {
            "index":159,
            "아파트명":"대성",
            "투자타입":"일반",
            "전용면적(m2)":"99.4",
            "전용면적(평)":"30평",
            "법정동주소":"경기도 광주시 오포읍 매산리 586-11",
            "도로명주소":"경기도 광주시 회안대로 90",
            "세대수":50,
            "입주년차":20,
            "용적률점수":"--",
            "건폐율점수":"--",
            "세대당주차수":30,
            "난방방식":30,
            "공급면적":"--",
            "전용률":"--",
            "욕실수":100,
            "현관타입":100,
            "주거총점":49.0,
            "지역구공급총점":0.0,
            "역세권":0,
            "30분내 이동가능 거점":0,
            "1시간내 이동가능 거점":30,
            "교통총점":6.0,
            "백화점":0,
            "아울렛몰":0,
            "대형마트":80,
            "은행":0,
            "병원":0,
            "종합병원":0,
            "공원":0,
            "혐오시설":0,
            "인프라총점":12.0,
            "초등학군":90.66,
            "중학군":45.76,
            "학군총점":54.74,
            "인구수":42.82,
            "인구증감":12.58,
            "인구총점":33.748,
            "일자리":18.0,
            "소득수준":54.28,
            "일자리총점":28.884,
            "가치 총점":23.711,
            "매매실거래년":20220109.0,
            "매매실거래가":30000.0,
            "전세실거래년":20220106.0,
            "전세실거래가":25000.0,
            "전세가율":83.33,
            "장기전세가율평균":65.52,
            "전세가율거품지수":-17.81,
            "검색코드":11316,
            "세대수":466.0,
            "준공년월":"2000-12-28",
            "준공년차":23.0,
            "가까운역이름":"초월",
            "가까운역거리":4780.52,
            "역세권여부":"비역세권",
            "30분이내주요거점역":0,
            "1시간이내주요거점역":3,
            "3km이내백화점수":0,
            "5km이내아울렛몰수":0,
            "1km이내대형먀트수":1,
            "500m이내은행수":0,
            "500m이내병원수":0,
            "5km이내대형병원수":0,
            "500m이내공원수":0,
            "3km이내혐오시설수":0,
            "초등학교학업성취도":90.66,
            "중학교학업성취도":75.8,
            "용적률":184,
            "건폐율":19,
            "Y":37.36377,
            "X":127.24659,
            "rank":90.0,
            "area_info":"30평(99.4), 41평(137.39)",
            "last_sales":"2022-01-09,30000.0,30평(99.4)"
        },
        {
            "index":162,
            "아파트명":"대주파크빌2차",
            "투자타입":"일반",
            "전용면적(m2)":"107.23",
            "전용면적(평)":"32평",
            "법정동주소":"경기도 광주시 오포읍 양벌리 940-5",
            "도로명주소":"경기도 광주시 양벌로 375",
            "세대수":50,
            "입주년차":20,
            "용적률점수":"--",
            "건폐율점수":"--",
            "세대당주차수":30,
            "난방방식":30,
            "공급면적":"--",
            "전용률":"--",
            "욕실수":100,
            "현관타입":100,
            "주거총점":49.0,
            "지역구공급총점":0.0,
            "역세권":0,
            "30분내 이동가능 거점":0,
            "1시간내 이동가능 거점":30,
            "교통총점":6.0,
            "백화점":0,
            "아울렛몰":0,
            "대형마트":80,
            "은행":0,
            "병원":0,
            "종합병원":0,
            "공원":0,
            "혐오시설":0,
            "인프라총점":12.0,
            "초등학군":90.66,
            "중학군":45.76,
            "학군총점":54.74,
            "인구수":42.82,
            "인구증감":12.58,
            "인구총점":33.748,
            "일자리":18.0,
            "소득수준":54.28,
            "일자리총점":28.884,
            "가치 총점":23.711,
            "매매실거래년":20211107.0,
            "매매실거래가":35000.0,
            "전세실거래년":20211213.0,
            "전세실거래가":32000.0,
            "전세가율":91.43,
            "장기전세가율평균":65.52,
            "전세가율거품지수":-25.91,
            "검색코드":9056,
            "세대수":477.0,
            "준공년월":"2002-12-11",
            "준공년차":21.0,
            "가까운역이름":"초월",
            "가까운역거리":4728.51,
            "역세권여부":"비역세권",
            "30분이내주요거점역":0,
            "1시간이내주요거점역":3,
            "3km이내백화점수":0,
            "5km이내아울렛몰수":0,
            "1km이내대형먀트수":1,
            "500m이내은행수":0,
            "500m이내병원수":0,
            "5km이내대형병원수":0,
            "500m이내공원수":0,
            "3km이내혐오시설수":0,
            "초등학교학업성취도":90.66,
            "중학교학업성취도":75.8,
            "용적률":169,
            "건폐율":12,
            "Y":37.365192,
            "X":127.246767,
            "rank":90.0,
            "area_info":"32평(107.23)",
            "last_sales":"2021-11-07,35000.0,32평(107.23)"
        },
        {
            "index":29,
            "아파트명":"곤지암킴스빌리지",
            "투자타입":"일반",
            "전용면적(m2)":"46.45",
            "전용면적(평)":"14평",
            "법정동주소":"경기도 광주시 곤지암읍 삼리 125-1",
            "도로명주소":"경기도 광주시 평촌길 20",
            "세대수":90,
            "입주년차":20,
            "용적률점수":"--",
            "건폐율점수":"--",
            "세대당주차수":0,
            "난방방식":30,
            "공급면적":"--",
            "전용률":"--",
            "욕실수":50,
            "현관타입":100,
            "주거총점":53.5,
            "지역구공급총점":0.0,
            "역세권":0,
            "30분내 이동가능 거점":0,
            "1시간내 이동가능 거점":50,
            "교통총점":10.0,
            "백화점":0,
            "아울렛몰":0,
            "대형마트":0,
            "은행":0,
            "병원":30,
            "종합병원":0,
            "공원":80,
            "혐오시설":0,
            "인프라총점":5.4,
            "초등학군":87.79,
            "중학군":42.36,
            "학군총점":51.446,
            "인구수":42.82,
            "인구증감":12.58,
            "인구총점":33.748,
            "일자리":18.0,
            "소득수준":54.28,
            "일자리총점":28.884,
            "가치 총점":23.5369,
            "매매실거래년":20211223.0,
            "매매실거래가":15450.0,
            "전세실거래년":20220106.0,
            "전세실거래가":9500.0,
            "전세가율":61.49,
            "장기전세가율평균":65.52,
            "전세가율거품지수":4.03,
            "검색코드":11984,
            "세대수":1152.0,
            "준공년월":"2001-11-24",
            "준공년차":22.0,
            "가까운역이름":"곤지암",
            "가까운역거리":1936.1,
            "역세권여부":"비역세권",
            "30분이내주요거점역":0,
            "1시간이내주요거점역":5,
            "3km이내백화점수":0,
            "5km이내아울렛몰수":0,
            "1km이내대형먀트수":0,
            "500m이내은행수":1,
            "500m이내병원수":6,
            "5km이내대형병원수":0,
            "500m이내공원수":1,
            "3km이내혐오시설수":0,
            "초등학교학업성취도":87.79,
            "중학교학업성취도":70.2,
            "용적률":219,
            "건폐율":19,
            "Y":37.357508,
            "X":127.326268,
            "rank":91.0,
            "area_info":"14평(46.45), 19평(65.9)",
            "last_sales":"2021-12-23,15450.0,14평(46.45)"
        },
        {
            "index":45,
            "아파트명":"금강펜테리움2단지",
            "투자타입":"일반",
            "전용면적(m2)":"109.95",
            "전용면적(평)":"33평",
            "법정동주소":"경기도 광주시 송정동 574",
            "도로명주소":"경기도 광주시 경안천로 145",
            "세대수":30,
            "입주년차":60,
            "용적률점수":"--",
            "건폐율점수":"--",
            "세대당주차수":30,
            "난방방식":30,
            "공급면적":"--",
            "전용률":"--",
            "욕실수":100,
            "현관타입":100,
            "주거총점":50.0,
            "지역구공급총점":0.0,
            "역세권":0,
            "30분내 이동가능 거점":0,
            "1시간내 이동가능 거점":0,
            "교통총점":0.0,
            "백화점":0,
            "아울렛몰":0,
            "대형마트":0,
            "은행":0,
            "병원":0,
            "종합병원":80,
            "공원":0,
            "혐오시설":0,
            "인프라총점":16.0,
            "초등학군":88.8,
            "중학군":50.4,
            "학군총점":58.08,
            "인구수":42.82,
            "인구증감":12.58,
            "인구총점":33.748,
            "일자리":18.0,
            "소득수준":54.28,
            "일자리총점":28.884,
            "가치 총점":23.512,
            "매매실거래년":20211120.0,
            "매매실거래가":43000.0,
            "전세실거래년":20211125.0,
            "전세실거래가":32000.0,
            "전세가율":74.42,
            "장기전세가율평균":65.52,
            "전세가율거품지수":-8.9,
            "검색코드":27383,
            "세대수":344.0,
            "준공년월":"2010-06-03",
            "준공년차":13.0,
            "가까운역이름":"초월",
            "가까운역거리":5312.56,
            "역세권여부":"비역세권",
            "30분이내주요거점역":0,
            "1시간이내주요거점역":0,
            "3km이내백화점수":0,
            "5km이내아울렛몰수":0,
            "1km이내대형먀트수":0,
            "500m이내은행수":0,
            "500m이내병원수":0,
            "5km이내대형병원수":1,
            "500m이내공원수":0,
            "3km이내혐오시설수":0,
            "초등학교학업성취도":88.8,
            "중학교학업성취도":82.6,
            "용적률":181,
            "건폐율":18,
            "Y":37.418104,
            "X":127.274649,
            "rank":92.0,
            "area_info":"33평(109.95), 33평(109.95), 49평(162.89), 49평(162.89)",
            "last_sales":"2021-11-20,43000.0,33평(109.95)"
        },
        {
            "index":31,
            "아파트명":"곤지암현진에버빌",
            "투자타입":"일반",
            "전용면적(m2)":"101.82",
            "전용면적(평)":"30평",
            "법정동주소":"경기도 광주시 곤지암읍 삼리 679",
            "도로명주소":"경기도 광주시 평촌길 17",
            "세대수":50,
            "입주년차":20,
            "용적률점수":"--",
            "건폐율점수":"--",
            "세대당주차수":30,
            "난방방식":30,
            "공급면적":"--",
            "전용률":"--",
            "욕실수":100,
            "현관타입":100,
            "주거총점":49.0,
            "지역구공급총점":0.0,
            "역세권":0,
            "30분내 이동가능 거점":0,
            "1시간내 이동가능 거점":60,
            "교통총점":12.0,
            "백화점":0,
            "아울렛몰":0,
            "대형마트":0,
            "은행":0,
            "병원":30,
            "종합병원":0,
            "공원":80,
            "혐오시설":0,
            "인프라총점":5.4,
            "초등학군":87.79,
            "중학군":42.36,
            "학군총점":51.446,
            "인구수":42.82,
            "인구증감":12.58,
            "인구총점":33.748,
            "일자리":18.0,
            "소득수준":54.28,
            "일자리총점":28.884,
            "가치 총점":23.3369,
            "매매실거래년":20211013.0,
            "매매실거래가":42000.0,
            "전세실거래년":20220105.0,
            "전세실거래가":21000.0,
            "전세가율":56.0,
            "장기전세가율평균":65.52,
            "전세가율거품지수":9.52,
            "검색코드":10859,
            "세대수":504.0,
            "준공년월":"2003-11-04",
            "준공년차":20.0,
            "가까운역이름":"곤지암",
            "가까운역거리":1741.75,
            "역세권여부":"비역세권",
            "30분이내주요거점역":0,
            "1시간이내주요거점역":6,
            "3km이내백화점수":0,
            "5km이내아울렛몰수":0,
            "1km이내대형먀트수":0,
            "500m이내은행수":1,
            "500m이내병원수":6,
            "5km이내대형병원수":0,
            "500m이내공원수":1,
            "3km이내혐오시설수":0,
            "초등학교학업성취도":87.79,
            "중학교학업성취도":70.2,
            "용적률":255,
            "건폐율":16,
            "Y":37.356148,
            "X":127.327996,
            "rank":93.0,
            "area_info":"30평(101.82), 32평(106.88)",
            "last_sales":"2021-10-13,42000.0,32평(106.88)"
        },
        {
            "index":76,
            "아파트명":"서희스타힐스",
            "투자타입":"일반",
            "전용면적(m2)":"109.97",
            "전용면적(평)":"33평",
            "법정동주소":"경기도 광주시 쌍령동 501",
            "도로명주소":"경기도 광주시 경충대로 1498",
            "세대수":0,
            "입주년차":60,
            "용적률점수":"--",
            "건폐율점수":"--",
            "세대당주차수":30,
            "난방방식":30,
            "공급면적":"--",
            "전용률":"--",
            "욕실수":100,
            "현관타입":100,
            "주거총점":39.5,
            "지역구공급총점":0.0,
            "역세권":0,
            "30분내 이동가능 거점":0,
            "1시간내 이동가능 거점":50,
            "교통총점":10.0,
            "백화점":0,
            "아울렛몰":0,
            "대형마트":0,
            "은행":0,
            "병원":10,
            "종합병원":80,
            "공원":80,
            "혐오시설":-50,
            "인프라총점":18.4,
            "초등학군":49.48,
            "중학군":39.98,
            "학군총점":41.88,
            "인구수":42.82,
            "인구증감":12.58,
            "인구총점":33.748,
            "일자리":18.0,
            "소득수준":54.28,
            "일자리총점":28.884,
            "가치 총점":23.202,
            "매매실거래년":20211226.0,
            "매매실거래가":44300.0,
            "전세실거래년":20211223.0,
            "전세실거래가":32000.0,
            "전세가율":72.23,
            "장기전세가율평균":65.52,
            "전세가율거품지수":-6.71,
            "검색코드":106202,
            "세대수":198.0,
            "준공년월":"2013-03-07",
            "준공년차":10.0,
            "가까운역이름":"초월",
            "가까운역거리":4012.42,
            "역세권여부":"비역세권",
            "30분이내주요거점역":0,
            "1시간이내주요거점역":5,
            "3km이내백화점수":0,
            "5km이내아울렛몰수":0,
            "1km이내대형먀트수":0,
            "500m이내은행수":0,
            "500m이내병원수":2,
            "5km이내대형병원수":1,
            "500m이내공원수":1,
            "3km이내혐오시설수":1,
            "초등학교학업성취도":49.48,
            "중학교학업성취도":66.5,
            "용적률":190,
            "건폐율":20,
            "Y":37.403202,
            "X":127.271609,
            "rank":94.0,
            "area_info":"33평(109.97), 33평(112.08), 48평(161.54), 48평(161.54)",
            "last_sales":"2021-12-26,44300.0,33평(109.97)"
        },
        {
            "index":56,
            "아파트명":"송정파라다이스",
            "투자타입":"일반",
            "전용면적(m2)":"80.57",
            "전용면적(평)":"24평",
            "법정동주소":"경기도 광주시 송정동 123-1",
            "도로명주소":"경기도 광주시 중앙로 211",
            "세대수":0,
            "입주년차":20,
            "용적률점수":"--",
            "건폐율점수":"--",
            "세대당주차수":0,
            "난방방식":30,
            "공급면적":"--",
            "전용률":"--",
            "욕실수":100,
            "현관타입":100,
            "주거총점":27.0,
            "지역구공급총점":0.0,
            "역세권":0,
            "30분내 이동가능 거점":0,
            "1시간내 이동가능 거점":60,
            "교통총점":12.0,
            "백화점":0,
            "아울렛몰":0,
            "대형마트":0,
            "은행":0,
            "병원":0,
            "종합병원":80,
            "공원":0,
            "혐오시설":0,
            "인프라총점":16.0,
            "초등학군":86.64,
            "중학군":50.4,
            "학군총점":57.648,
            "인구수":42.82,
            "인구증감":12.58,
            "인구총점":33.748,
            "일자리":18.0,
            "소득수준":54.28,
            "일자리총점":28.884,
            "가치 총점":23.0472,
            "매매실거래년":20211201.0,
            "매매실거래가":34400.0,
            "전세실거래년":20210917.0,
            "전세실거래가":18600.0,
            "전세가율":54.07,
            "장기전세가율평균":65.52,
            "전세가율거품지수":11.45,
            "검색코드":3567,
            "세대수":279.0,
            "준공년월":"2001-10-26",
            "준공년차":22.0,
            "가까운역이름":"삼동",
            "가까운역거리":4704.36,
            "역세권여부":"비역세권",
            "30분이내주요거점역":0,
            "1시간이내주요거점역":6,
            "3km이내백화점수":0,
            "5km이내아울렛몰수":0,
            "1km이내대형먀트수":0,
            "500m이내은행수":0,
            "500m이내병원수":1,
            "5km이내대형병원수":1,
            "500m이내공원수":0,
            "3km이내혐오시설수":0,
            "초등학교학업성취도":86.64,
            "중학교학업성취도":82.6,
            "용적률":296,
            "건폐율":18,
            "Y":37.418392,
            "X":127.255442,
            "rank":95.0,
            "area_info":"24평(80.57), 33평(110.63), 45평(150.2)",
            "last_sales":"2021-12-01,34400.0,24평(80.57)"
        },
        {
            "index":212,
            "아파트명":"오포추자서희스타힐스",
            "투자타입":"일반",
            "전용면적(m2)":"79.03",
            "전용면적(평)":"23평",
            "법정동주소":"경기도 광주시 오포읍 추자리 586",
            "도로명주소":"경기도 광주시 오포로 701-1",
            "세대수":50,
            "입주년차":100,
            "용적률점수":"--",
            "건폐율점수":"--",
            "세대당주차수":30,
            "난방방식":30,
            "공급면적":"--",
            "전용률":"--",
            "욕실수":100,
            "현관타입":100,
            "주거총점":65.0,
            "지역구공급총점":0.0,
            "역세권":0,
            "30분내 이동가능 거점":0,
            "1시간내 이동가능 거점":20,
            "교통총점":4.0,
            "백화점":0,
            "아울렛몰":0,
            "대형마트":0,
            "은행":0,
            "병원":0,
            "종합병원":0,
            "공원":0,
            "혐오시설":0,
            "인프라총점":0.0,
            "초등학군":92.05,
            "중학군":42.0,
            "학군총점":52.01,
            "인구수":42.82,
            "인구증감":12.58,
            "인구총점":33.748,
            "일자리":18.0,
            "소득수준":54.28,
            "일자리총점":28.884,
            "가치 총점":22.2015,
            "매매실거래년":20210523.0,
            "매매실거래가":41000.0,
            "전세실거래년":20220108.0,
            "전세실거래가":28000.0,
            "전세가율":107.69,
            "장기전세가율평균":65.52,
            "전세가율거품지수":-42.17,
            "검색코드":118479,
            "세대수":605.0,
            "준공년월":"2019-11-01",
            "준공년차":4.0,
            "가까운역이름":"삼동",
            "가까운역거리":5770.61,
            "역세권여부":"비역세권",
            "30분이내주요거점역":0,
            "1시간이내주요거점역":2,
            "3km이내백화점수":0,
            "5km이내아울렛몰수":0,
            "1km이내대형먀트수":0,
            "500m이내은행수":0,
            "500m이내병원수":0,
            "5km이내대형병원수":0,
            "500m이내공원수":0,
            "3km이내혐오시설수":0,
            "초등학교학업성취도":92.05,
            "중학교학업성취도":68.8,
            "용적률":199,
            "건폐율":19,
            "Y":37.358949,
            "X":127.218015,
            "rank":96.0,
            "area_info":"23평(79.03), 24평(80.06), 33평(110.41), 33평(110.54), 33평(111.69)",
            "last_sales":"2021-05-23,41000.0,33평(111.69)"
        },
        {
            "index":253,
            "아파트명":"도평우림2단지",
            "투자타입":"일반",
            "전용면적(m2)":"110.46",
            "전용면적(평)":"33평",
            "법정동주소":"경기도 광주시 초월읍 도평리 200",
            "도로명주소":"경기도 광주시 현산로 119",
            "세대수":0,
            "입주년차":20,
            "용적률점수":"--",
            "건폐율점수":"--",
            "세대당주차수":30,
            "난방방식":30,
            "공급면적":"--",
            "전용률":"--",
            "욕실수":100,
            "현관타입":100,
            "주거총점":31.5,
            "지역구공급총점":0.0,
            "역세권":0,
            "30분내 이동가능 거점":0,
            "1시간내 이동가능 거점":30,
            "교통총점":6.0,
            "백화점":0,
            "아울렛몰":0,
            "대형마트":0,
            "은행":0,
            "병원":10,
            "종합병원":80,
            "공원":0,
            "혐오시설":0,
            "인프라총점":17.0,
            "초등학군":86.72,
            "중학군":50.4,
            "학군총점":57.664,
            "인구수":42.82,
            "인구증감":12.58,
            "인구총점":33.748,
            "일자리":18.0,
            "소득수준":54.28,
            "일자리총점":28.884,
            "가치 총점":22.1496,
            "매매실거래년":20211117.0,
            "매매실거래가":30500.0,
            "전세실거래년":20211215.0,
            "전세실거래가":16000.0,
            "전세가율":52.46,
            "장기전세가율평균":65.52,
            "전세가율거품지수":13.06,
            "검색코드":27412,
            "세대수":261.0,
            "준공년월":"2002-10-10",
            "준공년차":21.0,
            "가까운역이름":"초월",
            "가까운역거리":2724.35,
            "역세권여부":"비역세권",
            "30분이내주요거점역":0,
            "1시간이내주요거점역":3,
            "3km이내백화점수":0,
            "5km이내아울렛몰수":0,
            "1km이내대형먀트수":0,
            "500m이내은행수":0,
            "500m이내병원수":2,
            "5km이내대형병원수":1,
            "500m이내공원수":0,
            "3km이내혐오시설수":0,
            "초등학교학업성취도":86.72,
            "중학교학업성취도":82.6,
            "용적률":0,
            "건폐율":0,
            "Y":37.39815,
            "X":127.291332,
            "rank":97.0,
            "area_info":"33평(110.46)",
            "last_sales":"2021-11-17,30500.0,33평(110.46)"
        },
        {
            "index":245,
            "아파트명":"광주세광엔리치빌1차",
            "투자타입":"일반",
            "전용면적(m2)":"105.8",
            "전용면적(평)":"32평",
            "법정동주소":"경기도 광주시 초월읍 지월리 546",
            "도로명주소":"경기도 광주시 경안천로 293",
            "세대수":30,
            "입주년차":20,
            "용적률점수":"--",
            "건폐율점수":"--",
            "세대당주차수":30,
            "난방방식":30,
            "공급면적":"--",
            "전용률":"--",
            "욕실수":100,
            "현관타입":100,
            "주거총점":42.0,
            "지역구공급총점":0.0,
            "역세권":0,
            "30분내 이동가능 거점":0,
            "1시간내 이동가능 거점":0,
            "교통총점":0.0,
            "백화점":0,
            "아울렛몰":0,
            "대형마트":0,
            "은행":0,
            "병원":0,
            "종합병원":80,
            "공원":0,
            "혐오시설":0,
            "인프라총점":16.0,
            "초등학군":87.37,
            "중학군":50.4,
            "학군총점":57.794,
            "인구수":42.82,
            "인구증감":12.58,
            "인구총점":33.748,
            "일자리":18.0,
            "소득수준":54.28,
            "일자리총점":28.884,
            "가치 총점":21.8691,
            "매매실거래년":20211105.0,
            "매매실거래가":31000.0,
            "전세실거래년":20211101.0,
            "전세실거래가":23500.0,
            "전세가율":75.81,
            "장기전세가율평균":65.52,
            "전세가율거품지수":-10.29,
            "검색코드":15883,
            "세대수":338.0,
            "준공년월":"2002-09-05",
            "준공년차":21.0,
            "가까운역이름":"초월",
            "가까운역거리":5878.3,
            "역세권여부":"비역세권",
            "30분이내주요거점역":0,
            "1시간이내주요거점역":0,
            "3km이내백화점수":0,
            "5km이내아울렛몰수":0,
            "1km이내대형먀트수":0,
            "500m이내은행수":0,
            "500m이내병원수":0,
            "5km이내대형병원수":1,
            "500m이내공원수":0,
            "3km이내혐오시설수":0,
            "초등학교학업성취도":87.37,
            "중학교학업성취도":82.6,
            "용적률":184,
            "건폐율":13,
            "Y":37.42642,
            "X":127.28702,
            "rank":98.0,
            "area_info":"32평(105.8), 32평(105.81)",
            "last_sales":"2021-11-05,31000.0,32평(105.8)"
        },
        {
            "index":51,
            "아파트명":"브라운스톤광주",
            "투자타입":"일반",
            "전용면적(m2)":"149.98",
            "전용면적(평)":"45평",
            "법정동주소":"경기도 광주시 송정동 560",
            "도로명주소":"경기도 광주시 경안천로 129",
            "세대수":0,
            "입주년차":40,
            "용적률점수":"--",
            "건폐율점수":"--",
            "세대당주차수":60,
            "난방방식":30,
            "공급면적":"--",
            "전용률":"--",
            "욕실수":100,
            "현관타입":100,
            "주거총점":40.0,
            "지역구공급총점":0.0,
            "역세권":0,
            "30분내 이동가능 거점":0,
            "1시간내 이동가능 거점":0,
            "교통총점":0.0,
            "백화점":0,
            "아울렛몰":0,
            "대형마트":0,
            "은행":0,
            "병원":0,
            "종합병원":80,
            "공원":0,
            "혐오시설":0,
            "인프라총점":16.0,
            "초등학군":88.8,
            "중학군":50.4,
            "학군총점":58.08,
            "인구수":42.82,
            "인구증감":12.58,
            "인구총점":33.748,
            "일자리":18.0,
            "소득수준":54.28,
            "일자리총점":28.884,
            "가치 총점":21.512,
            "매매실거래년":20220101.0,
            "매매실거래가":54000.0,
            "전세실거래년":20210925.0,
            "전세실거래가":39000.0,
            "전세가율":86.67,
            "장기전세가율평균":65.52,
            "전세가율거품지수":-21.15,
            "검색코드":12722,
            "세대수":168.0,
            "준공년월":"2004-08-31",
            "준공년차":19.0,
            "가까운역이름":"초월",
            "가까운역거리":5320.36,
            "역세권여부":"비역세권",
            "30분이내주요거점역":0,
            "1시간이내주요거점역":0,
            "3km이내백화점수":0,
            "5km이내아울렛몰수":0,
            "1km이내대형먀트수":0,
            "500m이내은행수":0,
            "500m이내병원수":0,
            "5km이내대형병원수":1,
            "500m이내공원수":0,
            "3km이내혐오시설수":0,
            "초등학교학업성취도":88.8,
            "중학교학업성취도":82.6,
            "용적률":107,
            "건폐율":11,
            "Y":37.41761,
            "X":127.273085,
            "rank":99.0,
            "area_info":"45평(149.98), 50평(165.29)",
            "last_sales":"2022-01-01,54000.0,50평(165.29)"
        },
        {
            "index":449,
            "아파트명":"회덕대주파크빌",
            "투자타입":"일반",
            "전용면적(m2)":"79.22",
            "전용면적(평)":"23평",
            "법정동주소":"경기도 광주시 회덕동 441",
            "도로명주소":"경기도 광주시 행정타운로 82",
            "세대수":0,
            "입주년차":40,
            "용적률점수":"--",
            "건폐율점수":"--",
            "세대당주차수":30,
            "난방방식":30,
            "공급면적":"--",
            "전용률":"--",
            "욕실수":100,
            "현관타입":100,
            "주거총점":35.5,
            "지역구공급총점":0.0,
            "역세권":0,
            "30분내 이동가능 거점":0,
            "1시간내 이동가능 거점":10,
            "교통총점":2.0,
            "백화점":0,
            "아울렛몰":0,
            "대형마트":0,
            "은행":0,
            "병원":0,
            "종합병원":80,
            "공원":0,
            "혐오시설":0,
            "인프라총점":16.0,
            "초등학군":86.64,
            "중학군":50.4,
            "학군총점":57.648,
            "인구수":42.82,
            "인구증감":12.58,
            "인구총점":33.748,
            "일자리":18.0,
            "소득수준":54.28,
            "일자리총점":28.884,
            "가치 총점":21.2472,
            "매매실거래년":20211216.0,
            "매매실거래가":30000.0,
            "전세실거래년":20210929.0,
            "전세실거래가":20000.0,
            "전세가율":66.67,
            "장기전세가율평균":65.52,
            "전세가율거품지수":-1.15,
            "검색코드":10009,
            "세대수":296.0,
            "준공년월":"2004-03-26",
            "준공년차":19.0,
            "가까운역이름":"삼동",
            "가까운역거리":4660.61,
            "역세권여부":"비역세권",
            "30분이내주요거점역":0,
            "1시간이내주요거점역":1,
            "3km이내백화점수":0,
            "5km이내아울렛몰수":0,
            "1km이내대형먀트수":0,
            "500m이내은행수":1,
            "500m이내병원수":0,
            "5km이내대형병원수":1,
            "500m이내공원수":0,
            "3km이내혐오시설수":0,
            "초등학교학업성취도":86.64,
            "중학교학업성취도":82.6,
            "용적률":108,
            "건폐율":10,
            "Y":37.429673,
            "X":127.249635,
            "rank":100.0,
            "area_info":"23평(79.22), 23평(79.2), 30평(100.38)",
            "last_sales":"2021-12-16,30000.0,23평(79.22)"
        },
        {
            "index":53,
            "아파트명":"송정대주파크빌",
            "투자타입":"일반",
            "전용면적(m2)":"112.04",
            "전용면적(평)":"33평",
            "법정동주소":"경기도 광주시 송정동 367-7",
            "도로명주소":"경기도 광주시 중앙로335번길 42",
            "세대수":0,
            "입주년차":40,
            "용적률점수":"--",
            "건폐율점수":"--",
            "세대당주차수":30,
            "난방방식":30,
            "공급면적":"--",
            "전용률":"--",
            "욕실수":100,
            "현관타입":100,
            "주거총점":35.5,
            "지역구공급총점":0.0,
            "역세권":0,
            "30분내 이동가능 거점":0,
            "1시간내 이동가능 거점":10,
            "교통총점":2.0,
            "백화점":0,
            "아울렛몰":0,
            "대형마트":0,
            "은행":0,
            "병원":0,
            "종합병원":80,
            "공원":0,
            "혐오시설":0,
            "인프라총점":16.0,
            "초등학군":86.64,
            "중학군":50.4,
            "학군총점":57.648,
            "인구수":42.82,
            "인구증감":12.58,
            "인구총점":33.748,
            "일자리":18.0,
            "소득수준":54.28,
            "일자리총점":28.884,
            "가치 총점":21.2472,
            "매매실거래년":20211111.0,
            "매매실거래가":34000.0,
            "전세실거래년":20220107.0,
            "전세실거래가":18000.0,
            "전세가율":52.94,
            "장기전세가율평균":65.52,
            "전세가율거품지수":12.58,
            "검색코드":11293,
            "세대수":299.0,
            "준공년월":"2005-06-07",
            "준공년차":18.0,
            "가까운역이름":"삼동",
            "가까운역거리":5233.61,
            "역세권여부":"비역세권",
            "30분이내주요거점역":0,
            "1시간이내주요거점역":1,
            "3km이내백화점수":0,
            "5km이내아울렛몰수":0,
            "1km이내대형먀트수":0,
            "500m이내은행수":1,
            "500m이내병원수":1,
            "5km이내대형병원수":1,
            "500m이내공원수":0,
            "3km이내혐오시설수":0,
            "초등학교학업성취도":86.64,
            "중학교학업성취도":82.6,
            "용적률":106,
            "건폐율":9,
            "Y":37.432295,
            "X":127.255225,
            "rank":100.0,
            "area_info":"33평(112.04)",
            "last_sales":"2021-11-11,34000.0,33평(112.04)"
        },
        {
            "index":49,
            "아파트명":"나산",
            "투자타입":"일반",
            "전용면적(m2)":"77.54",
            "전용면적(평)":"23평",
            "법정동주소":"경기도 광주시 송정동 580",
            "도로명주소":"경기도 광주시 송정로 69",
            "세대수":0,
            "입주년차":0,
            "용적률점수":"--",
            "건폐율점수":"--",
            "세대당주차수":0,
            "난방방식":30,
            "공급면적":"--",
            "전용률":"--",
            "욕실수":50,
            "현관타입":100,
            "주거총점":18.0,
            "지역구공급총점":0.0,
            "역세권":0,
            "30분내 이동가능 거점":0,
            "1시간내 이동가능 거점":50,
            "교통총점":10.0,
            "백화점":0,
            "아울렛몰":0,
            "대형마트":0,
            "은행":0,
            "병원":60,
            "종합병원":80,
            "공원":0,
            "혐오시설":0,
            "인프라총점":22.0,
            "초등학군":86.64,
            "중학군":39.98,
            "학군총점":49.312,
            "인구수":42.82,
            "인구증감":12.58,
            "인구총점":33.748,
            "일자리":18.0,
            "소득수준":54.28,
            "일자리총점":28.884,
            "가치 총점":21.0968,
            "매매실거래년":20211213.0,
            "매매실거래가":27600.0,
            "전세실거래년":20211221.0,
            "전세실거래가":22000.0,
            "전세가율":79.71,
            "장기전세가율평균":65.52,
            "전세가율거품지수":-14.19,
            "검색코드":3896,
            "세대수":236.0,
            "준공년월":"1995-05-15",
            "준공년차":28.0,
            "가까운역이름":"삼동",
            "가까운역거리":4417.46,
            "역세권여부":"비역세권",
            "30분이내주요거점역":0,
            "1시간이내주요거점역":5,
            "3km이내백화점수":0,
            "5km이내아울렛몰수":0,
            "1km이내대형먀트수":0,
            "500m이내은행수":1,
            "500m이내병원수":11,
            "5km이내대형병원수":1,
            "500m이내공원수":0,
            "3km이내혐오시설수":0,
            "초등학교학업성취도":86.64,
            "중학교학업성취도":66.5,
            "용적률":198,
            "건폐율":26,
            "Y":37.416536,
            "X":127.252591,
            "rank":101.0,
            "area_info":"23평(77.54), 31평(103.5)",
            "last_sales":"2021-12-13,27600.0,23평(77.54)"
        },
        {
            "index":157,
            "아파트명":"금호베스트빌",
            "투자타입":"일반",
            "전용면적(m2)":"117.58",
            "전용면적(평)":"35평",
            "법정동주소":"경기도 광주시 오포읍 고산리 396",
            "도로명주소":"경기도 광주시 오포로909번길 32-7",
            "세대수":50,
            "입주년차":20,
            "용적률점수":"--",
            "건폐율점수":"--",
            "세대당주차수":60,
            "난방방식":30,
            "공급면적":"--",
            "전용률":"--",
            "욕실수":100,
            "현관타입":100,
            "주거총점":53.5,
            "지역구공급총점":0.0,
            "역세권":0,
            "30분내 이동가능 거점":0,
            "1시간내 이동가능 거점":30,
            "교통총점":6.0,
            "백화점":0,
            "아울렛몰":0,
            "대형마트":0,
            "은행":0,
            "병원":0,
            "종합병원":0,
            "공원":0,
            "혐오시설":0,
            "인프라총점":0.0,
            "초등학군":93.18,
            "중학군":45.76,
            "학군총점":55.244,
            "인구수":42.82,
            "인구증감":12.58,
            "인구총점":33.748,
            "일자리":18.0,
            "소득수준":54.28,
            "일자리총점":28.884,
            "가치 총점":21.0866,
            "매매실거래년":20211209.0,
            "매매실거래가":58700.0,
            "전세실거래년":20211015.0,
            "전세실거래가":36000.0,
            "전세가율":96.26,
            "장기전세가율평균":65.52,
            "전세가율거품지수":-30.74,
            "검색코드":9634,
            "세대수":476.0,
            "준공년월":"2002-12-12",
            "준공년차":21.0,
            "가까운역이름":"삼동",
            "가까운역거리":4559.36,
            "역세권여부":"비역세권",
            "30분이내주요거점역":0,
            "1시간이내주요거점역":3,
            "3km이내백화점수":0,
            "5km이내아울렛몰수":0,
            "1km이내대형먀트수":0,
            "500m이내은행수":0,
            "500m이내병원수":0,
            "5km이내대형병원수":0,
            "500m이내공원수":0,
            "3km이내혐오시설수":0,
            "초등학교학업성취도":93.18,
            "중학교학업성취도":75.8,
            "용적률":0,
            "건폐율":0,
            "Y":37.373459,
            "X":127.227919,
            "rank":102.0,
            "area_info":"35평(117.58), 49평(164.98)",
            "last_sales":"2021-12-09,58700.0,49평(164.98)"
        },
        {
            "index":14,
            "아파트명":"두진",
            "투자타입":"일반",
            "전용면적(m2)":"49.59",
            "전용면적(평)":"15평",
            "법정동주소":"경기도 광주시 경안동 127",
            "도로명주소":"경기도 광주시 포돌이로11번길 10",
            "세대수":0,
            "입주년차":0,
            "용적률점수":"--",
            "건폐율점수":"--",
            "세대당주차수":0,
            "난방방식":30,
            "공급면적":"--",
            "전용률":"--",
            "욕실수":50,
            "현관타입":100,
            "주거총점":18.0,
            "지역구공급총점":0.0,
            "역세권":0,
            "30분내 이동가능 거점":0,
            "1시간내 이동가능 거점":50,
            "교통총점":10.0,
            "백화점":0,
            "아울렛몰":0,
            "대형마트":0,
            "은행":0,
            "병원":30,
            "종합병원":80,
            "공원":80,
            "혐오시설":0,
            "인프라총점":21.4,
            "초등학군":90.0,
            "중학군":38.44,
            "학군총점":48.752,
            "인구수":42.82,
            "인구증감":12.58,
            "인구총점":33.748,
            "일자리":18.0,
            "소득수준":54.28,
            "일자리총점":28.884,
            "가치 총점":20.8328,
            "매매실거래년":20210913.0,
            "매매실거래가":36500.0,
            "전세실거래년":20120211.0,
            "전세실거래가":4500.0,
            "전세가율":37.04,
            "장기전세가율평균":65.52,
            "전세가율거품지수":28.48,
            "검색코드":3898,
            "세대수":236.0,
            "준공년월":"1995-08-05",
            "준공년차":28.0,
            "가까운역이름":"삼동",
            "가까운역거리":4116.54,
            "역세권여부":"비역세권",
            "30분이내주요거점역":0,
            "1시간이내주요거점역":5,
            "3km이내백화점수":0,
            "5km이내아울렛몰수":0,
            "1km이내대형먀트수":0,
            "500m이내은행수":1,
            "500m이내병원수":8,
            "5km이내대형병원수":1,
            "500m이내공원수":1,
            "3km이내혐오시설수":0,
            "초등학교학업성취도":90.0,
            "중학교학업성취도":63.6,
            "용적률":373,
            "건폐율":32,
            "Y":37.41417,
            "X":127.2496,
            "rank":103.0,
            "area_info":"15평(49.59), 19평(65.88), 23평(76.44), 30평(101.92)",
            "last_sales":"2021-09-13,36500.0,30평(101.92)"
        },
        {
            "index":303,
            "아파트명":"광주산호",
            "투자타입":"일반",
            "전용면적(m2)":"77.4",
            "전용면적(평)":"23평",
            "법정동주소":"경기도 광주시 탄벌동 37",
            "도로명주소":"경기도 광주시 파발로 201",
            "세대수":0,
            "입주년차":0,
            "용적률점수":"--",
            "건폐율점수":"--",
            "세대당주차수":0,
            "난방방식":30,
            "공급면적":"--",
            "전용률":"--",
            "욕실수":50,
            "현관타입":100,
            "주거총점":18.0,
            "지역구공급총점":0.0,
            "역세권":0,
            "30분내 이동가능 거점":0,
            "1시간내 이동가능 거점":60,
            "교통총점":12.0,
            "백화점":0,
            "아울렛몰":0,
            "대형마트":0,
            "은행":0,
            "병원":30,
            "종합병원":80,
            "공원":0,
            "혐오시설":0,
            "인프라총점":19.0,
            "초등학군":86.64,
            "중학군":38.44,
            "학군총점":48.08,
            "인구수":42.82,
            "인구증감":12.58,
            "인구총점":33.748,
            "일자리":18.0,
            "소득수준":54.28,
            "일자리총점":28.884,
            "가치 총점":20.712,
            "매매실거래년":20211102.0,
            "매매실거래가":41400.0,
            "전세실거래년":20210628.0,
            "전세실거래가":21000.0,
            "전세가율":66.67,
            "장기전세가율평균":65.52,
            "전세가율거품지수":-1.15,
            "검색코드":3913,
            "세대수":183.0,
            "준공년월":"1994-12-30",
            "준공년차":29.0,
            "가까운역이름":"삼동",
            "가까운역거리":4143.1,
            "역세권여부":"비역세권",
            "30분이내주요거점역":0,
            "1시간이내주요거점역":6,
            "3km이내백화점수":0,
            "5km이내아울렛몰수":0,
            "1km이내대형먀트수":0,
            "500m이내은행수":1,
            "500m이내병원수":6,
            "5km이내대형병원수":1,
            "500m이내공원수":0,
            "3km이내혐오시설수":0,
            "초등학교학업성취도":86.64,
            "중학교학업성취도":63.6,
            "용적률":377,
            "건폐율":29,
            "Y":37.416255,
            "X":127.249498,
            "rank":104.0,
            "area_info":"23평(77.4), 32평(107.93), 33평(110.03)",
            "last_sales":"2021-11-02,41400.0,33평(110.03)"
        },
        {
            "index":247,
            "아파트명":"광주초월금강아미움",
            "투자타입":"일반",
            "전용면적(m2)":"109.22",
            "전용면적(평)":"33평",
            "법정동주소":"경기도 광주시 초월읍 지월리 885",
            "도로명주소":"경기도 광주시 지월로55번길 24",
            "세대수":0,
            "입주년차":40,
            "용적률점수":"--",
            "건폐율점수":"--",
            "세대당주차수":30,
            "난방방식":30,
            "공급면적":"--",
            "전용률":"--",
            "욕실수":100,
            "현관타입":100,
            "주거총점":35.5,
            "지역구공급총점":0.0,
            "역세권":0,
            "30분내 이동가능 거점":0,
            "1시간내 이동가능 거점":0,
            "교통총점":0.0,
            "백화점":0,
            "아울렛몰":0,
            "대형마트":0,
            "은행":0,
            "병원":0,
            "종합병원":80,
            "공원":0,
            "혐오시설":0,
            "인프라총점":16.0,
            "초등학군":87.37,
            "중학군":50.4,
            "학군총점":57.794,
            "인구수":42.82,
            "인구증감":12.58,
            "인구총점":33.748,
            "일자리":18.0,
            "소득수준":54.28,
            "일자리총점":28.884,
            "가치 총점":20.5691,
            "매매실거래년":20211216.0,
            "매매실거래가":26200.0,
            "전세실거래년":20211214.0,
            "전세실거래가":22000.0,
            "전세가율":83.97,
            "장기전세가율평균":65.52,
            "전세가율거품지수":-18.45,
            "검색코드":11205,
            "세대수":296.0,
            "준공년월":"2004-11-01",
            "준공년차":19.0,
            "가까운역이름":"초월",
            "가까운역거리":4680.52,
            "역세권여부":"비역세권",
            "30분이내주요거점역":0,
            "1시간이내주요거점역":0,
            "3km이내백화점수":0,
            "5km이내아울렛몰수":0,
            "1km이내대형먀트수":0,
            "500m이내은행수":0,
            "500m이내병원수":0,
            "5km이내대형병원수":1,
            "500m이내공원수":0,
            "3km이내혐오시설수":0,
            "초등학교학업성취도":87.37,
            "중학교학업성취도":82.6,
            "용적률":109,
            "건폐율":11,
            "Y":37.416452,
            "X":127.296176,
            "rank":105.0,
            "area_info":"33평(109.22)",
            "last_sales":"2021-12-16,26200.0,33평(109.22)"
        },
        {
            "index":308,
            "아파트명":"우림루미아트",
            "투자타입":"일반",
            "전용면적(m2)":"78.42",
            "전용면적(평)":"23평",
            "법정동주소":"경기도 광주시 탄벌동 762",
            "도로명주소":"경기도 광주시 탄벌길 60",
            "세대수":0,
            "입주년차":40,
            "용적률점수":"--",
            "건폐율점수":"--",
            "세대당주차수":30,
            "난방방식":30,
            "공급면적":"--",
            "전용률":"--",
            "욕실수":100,
            "현관타입":100,
            "주거총점":35.5,
            "지역구공급총점":0.0,
            "역세권":0,
            "30분내 이동가능 거점":0,
            "1시간내 이동가능 거점":10,
            "교통총점":2.0,
            "백화점":0,
            "아울렛몰":0,
            "대형마트":0,
            "은행":0,
            "병원":0,
            "종합병원":80,
            "공원":0,
            "혐오시설":0,
            "인프라총점":16.0,
            "초등학군":86.64,
            "중학군":38.44,
            "학군총점":48.08,
            "인구수":42.82,
            "인구증감":12.58,
            "인구총점":33.748,
            "일자리":18.0,
            "소득수준":54.28,
            "일자리총점":28.884,
            "가치 총점":19.812,
            "매매실거래년":20211126.0,
            "매매실거래가":44000.0,
            "전세실거래년":20210626.0,
            "전세실거래가":24000.0,
            "전세가율":81.36,
            "장기전세가율평균":65.52,
            "전세가율거품지수":-15.84,
            "검색코드":12024,
            "세대수":267.0,
            "준공년월":"2005-11-08",
            "준공년차":18.0,
            "가까운역이름":"삼동",
            "가까운역거리":3503.33,
            "역세권여부":"비역세권",
            "30분이내주요거점역":0,
            "1시간이내주요거점역":1,
            "3km이내백화점수":0,
            "5km이내아울렛몰수":0,
            "1km이내대형먀트수":0,
            "500m이내은행수":0,
            "500m이내병원수":0,
            "5km이내대형병원수":1,
            "500m이내공원수":0,
            "3km이내혐오시설수":0,
            "초등학교학업성취도":86.64,
            "중학교학업성취도":63.6,
            "용적률":241,
            "건폐율":20,
            "Y":37.42086,
            "X":127.24037,
            "rank":106.0,
            "area_info":"23평(78.42), 28평(94.48), 33평(110.47), 44평(147.05)",
            "last_sales":"2021-11-26,44000.0,44평(147.05)"
        },
        {
            "index":208,
            "아파트명":"오포우림퓨전빌",
            "투자타입":"일반",
            "전용면적(m2)":"109.53",
            "전용면적(평)":"33평",
            "법정동주소":"경기도 광주시 오포읍 문형리 140-1",
            "도로명주소":"경기도 광주시 봉골길 82",
            "세대수":50,
            "입주년차":20,
            "용적률점수":"--",
            "건폐율점수":"--",
            "세대당주차수":30,
            "난방방식":30,
            "공급면적":"--",
            "전용률":"--",
            "욕실수":100,
            "현관타입":100,
            "주거총점":49.0,
            "지역구공급총점":0.0,
            "역세권":0,
            "30분내 이동가능 거점":0,
            "1시간내 이동가능 거점":30,
            "교통총점":6.0,
            "백화점":0,
            "아울렛몰":0,
            "대형마트":0,
            "은행":0,
            "병원":0,
            "종합병원":0,
            "공원":0,
            "혐오시설":0,
            "인프라총점":0.0,
            "초등학군":92.05,
            "중학군":42.0,
            "학군총점":52.01,
            "인구수":42.82,
            "인구증감":12.58,
            "인구총점":33.748,
            "일자리":18.0,
            "소득수준":54.28,
            "일자리총점":28.884,
            "가치 총점":19.7015,
            "매매실거래년":20211202.0,
            "매매실거래가":29800.0,
            "전세실거래년":20211210.0,
            "전세실거래가":24000.0,
            "전세가율":80.54,
            "장기전세가율평균":65.52,
            "전세가율거품지수":-15.02,
            "검색코드":11181,
            "세대수":498.0,
            "준공년월":"2002-02-23",
            "준공년차":21.0,
            "가까운역이름":"삼동",
            "가까운역거리":6247.29,
            "역세권여부":"비역세권",
            "30분이내주요거점역":0,
            "1시간이내주요거점역":3,
            "3km이내백화점수":0,
            "5km이내아울렛몰수":0,
            "1km이내대형먀트수":0,
            "500m이내은행수":0,
            "500m이내병원수":0,
            "5km이내대형병원수":0,
            "500m이내공원수":0,
            "3km이내혐오시설수":0,
            "초등학교학업성취도":92.05,
            "중학교학업성취도":68.8,
            "용적률":170,
            "건폐율":13,
            "Y":37.353438,
            "X":127.207558,
            "rank":107.0,
            "area_info":"33평(109.53)",
            "last_sales":"2021-12-02,29800.0,33평(109.53)"
        },
        {
            "index":447,
            "아파트명":"벽산블루밍",
            "투자타입":"일반",
            "전용면적(m2)":"81.38",
            "전용면적(평)":"24평",
            "법정동주소":"경기도 광주시 회덕동 295-3",
            "도로명주소":"경기도 광주시 행정타운로 123",
            "세대수":0,
            "입주년차":20,
            "용적률점수":"--",
            "건폐율점수":"--",
            "세대당주차수":30,
            "난방방식":30,
            "공급면적":"--",
            "전용률":"--",
            "욕실수":100,
            "현관타입":100,
            "주거총점":31.5,
            "지역구공급총점":0.0,
            "역세권":0,
            "30분내 이동가능 거점":0,
            "1시간내 이동가능 거점":10,
            "교통총점":2.0,
            "백화점":0,
            "아울렛몰":0,
            "대형마트":0,
            "은행":0,
            "병원":10,
            "종합병원":80,
            "공원":0,
            "혐오시설":0,
            "인프라총점":17.0,
            "초등학군":86.64,
            "중학군":38.44,
            "학군총점":48.08,
            "인구수":42.82,
            "인구증감":12.58,
            "인구총점":33.748,
            "일자리":18.0,
            "소득수준":54.28,
            "일자리총점":28.884,
            "가치 총점":19.312,
            "매매실거래년":20211218.0,
            "매매실거래가":31500.0,
            "전세실거래년":20210723.0,
            "전세실거래가":25000.0,
            "전세가율":79.37,
            "장기전세가율평균":65.52,
            "전세가율거품지수":-13.85,
            "검색코드":10789,
            "세대수":282.0,
            "준공년월":"2002-12-06",
            "준공년차":21.0,
            "가까운역이름":"삼동",
            "가까운역거리":4305.37,
            "역세권여부":"비역세권",
            "30분이내주요거점역":0,
            "1시간이내주요거점역":1,
            "3km이내백화점수":0,
            "5km이내아울렛몰수":0,
            "1km이내대형먀트수":0,
            "500m이내은행수":0,
            "500m이내병원수":3,
            "5km이내대형병원수":1,
            "500m이내공원수":0,
            "3km이내혐오시설수":0,
            "초등학교학업성취도":86.64,
            "중학교학업성취도":63.6,
            "용적률":106,
            "건폐율":8,
            "Y":37.427976,
            "X":127.246218,
            "rank":108.0,
            "area_info":"24평(81.38), 32평(107.53)",
            "last_sales":"2021-12-18,31500.0,24평(81.38)"
        },
        {
            "index":39,
            "아파트명":"신일드림빌",
            "투자타입":"일반",
            "전용면적(m2)":"105.79",
            "전용면적(평)":"32평",
            "법정동주소":"경기도 광주시 목현동 21",
            "도로명주소":"경기도 광주시 이배재로 179-13",
            "세대수":0,
            "입주년차":20,
            "용적률점수":"--",
            "건폐율점수":"--",
            "세대당주차수":30,
            "난방방식":30,
            "공급면적":"--",
            "전용률":"--",
            "욕실수":100,
            "현관타입":100,
            "주거총점":31.5,
            "지역구공급총점":0.0,
            "역세권":0,
            "30분내 이동가능 거점":0,
            "1시간내 이동가능 거점":10,
            "교통총점":2.0,
            "백화점":0,
            "아울렛몰":0,
            "대형마트":0,
            "은행":0,
            "병원":0,
            "종합병원":80,
            "공원":0,
            "혐오시설":0,
            "인프라총점":16.0,
            "초등학군":86.64,
            "중학군":38.44,
            "학군총점":48.08,
            "인구수":42.82,
            "인구증감":12.58,
            "인구총점":33.748,
            "일자리":18.0,
            "소득수준":54.28,
            "일자리총점":28.884,
            "가치 총점":19.012,
            "매매실거래년":20211006.0,
            "매매실거래가":41300.0,
            "전세실거래년":20211014.0,
            "전세실거래가":14800.0,
            "전세가율":35.84,
            "장기전세가율평균":65.52,
            "전세가율거품지수":29.68,
            "검색코드":10301,
            "세대수":294.0,
            "준공년월":"2002-10-24",
            "준공년차":21.0,
            "가까운역이름":"삼동",
            "가까운역거리":3550.67,
            "역세권여부":"비역세권",
            "30분이내주요거점역":0,
            "1시간이내주요거점역":1,
            "3km이내백화점수":0,
            "5km이내아울렛몰수":0,
            "1km이내대형먀트수":0,
            "500m이내은행수":0,
            "500m이내병원수":0,
            "5km이내대형병원수":1,
            "500m이내공원수":0,
            "3km이내혐오시설수":0,
            "초등학교학업성취도":86.64,
            "중학교학업성취도":63.6,
            "용적률":105,
            "건폐율":9,
            "Y":37.428924,
            "X":127.235293,
            "rank":109.0,
            "area_info":"32평(105.79)",
            "last_sales":"2021-10-06,41300.0,32평(105.79)"
        },
        {
            "index":163,
            "아파트명":"신영프로방스",
            "투자타입":"일반",
            "전용면적(m2)":"107.16",
            "전용면적(평)":"32평",
            "법정동주소":"경기도 광주시 오포읍 문형리 898",
            "도로명주소":"경기도 광주시 오포로 627-19",
            "세대수":0,
            "입주년차":40,
            "용적률점수":"--",
            "건폐율점수":"--",
            "세대당주차수":30,
            "난방방식":30,
            "공급면적":"--",
            "전용률":"--",
            "욕실수":100,
            "현관타입":100,
            "주거총점":35.5,
            "지역구공급총점":0.0,
            "역세권":0,
            "30분내 이동가능 거점":0,
            "1시간내 이동가능 거점":20,
            "교통총점":4.0,
            "백화점":0,
            "아울렛몰":0,
            "대형마트":0,
            "은행":0,
            "병원":0,
            "종합병원":0,
            "공원":0,
            "혐오시설":0,
            "인프라총점":0.0,
            "초등학군":92.05,
            "중학군":42.0,
            "학군총점":52.01,
            "인구수":42.82,
            "인구증감":12.58,
            "인구총점":33.748,
            "일자리":18.0,
            "소득수준":54.28,
            "일자리총점":28.884,
            "가치 총점":16.3015,
            "매매실거래년":20211229.0,
            "매매실거래가":30000.0,
            "전세실거래년":null,
            "전세실거래가":null,
            "전세가율":null,
            "장기전세가율평균":65.52,
            "전세가율거품지수":null,
            "검색코드":10749,
            "세대수":290.0,
            "준공년월":"2004-08-27",
            "준공년차":19.0,
            "가까운역이름":"삼동",
            "가까운역거리":6118.54,
            "역세권여부":"비역세권",
            "30분이내주요거점역":0,
            "1시간이내주요거점역":2,
            "3km이내백화점수":0,
            "5km이내아울렛몰수":0,
            "1km이내대형먀트수":0,
            "500m이내은행수":0,
            "500m이내병원수":0,
            "5km이내대형병원수":0,
            "500m이내공원수":0,
            "3km이내혐오시설수":0,
            "초등학교학업성취도":92.05,
            "중학교학업성취도":68.8,
            "용적률":107,
            "건폐율":10,
            "Y":37.354966,
            "X":127.212385,
            "rank":110.0,
            "area_info":"32평(107.16), 32평(108.28)",
            "last_sales":"2021-12-29,30000.0,32평(108.28)"
        },
        {
            "index":206,
            "아파트명":"오포우림",
            "투자타입":"일반",
            "전용면적(m2)":"80.68",
            "전용면적(평)":"24평",
            "법정동주소":"경기도 광주시 오포읍 고산리 182-4",
            "도로명주소":"경기도 광주시 오포로 903",
            "세대수":0,
            "입주년차":0,
            "용적률점수":"--",
            "건폐율점수":"--",
            "세대당주차수":30,
            "난방방식":30,
            "공급면적":"--",
            "전용률":"--",
            "욕실수":50,
            "현관타입":100,
            "주거총점":22.5,
            "지역구공급총점":0.0,
            "역세권":0,
            "30분내 이동가능 거점":0,
            "1시간내 이동가능 거점":40,
            "교통총점":8.0,
            "백화점":0,
            "아울렛몰":0,
            "대형마트":0,
            "은행":0,
            "병원":10,
            "종합병원":0,
            "공원":0,
            "혐오시설":0,
            "인프라총점":1.0,
            "초등학군":93.18,
            "중학군":45.76,
            "학군총점":55.244,
            "인구수":42.82,
            "인구증감":12.58,
            "인구총점":33.748,
            "일자리":18.0,
            "소득수준":54.28,
            "일자리총점":28.884,
            "가치 총점":15.8866,
            "매매실거래년":20211027.0,
            "매매실거래가":41500.0,
            "전세실거래년":20211102.0,
            "전세실거래가":23000.0,
            "전세가율":76.67,
            "장기전세가율평균":65.52,
            "전세가율거품지수":-11.15,
            "검색코드":3908,
            "세대수":238.0,
            "준공년월":"1998-10-15",
            "준공년차":25.0,
            "가까운역이름":"삼동",
            "가까운역거리":4978.88,
            "역세권여부":"비역세권",
            "30분이내주요거점역":0,
            "1시간이내주요거점역":4,
            "3km이내백화점수":0,
            "5km이내아울렛몰수":0,
            "1km이내대형먀트수":0,
            "500m이내은행수":0,
            "500m이내병원수":3,
            "5km이내대형병원수":0,
            "500m이내공원수":0,
            "3km이내혐오시설수":0,
            "초등학교학업성취도":93.18,
            "중학교학업성취도":75.8,
            "용적률":225,
            "건폐율":50,
            "Y":37.370817,
            "X":127.231695,
            "rank":111.0,
            "area_info":"24평(80.68), 32평(108.13)",
            "last_sales":"2021-10-27,41500.0,32평(108.13)"
        },
        {
            "index":38,
            "아파트명":"광주근형심포니",
            "투자타입":"일반",
            "전용면적(m2)":"107.52",
            "전용면적(평)":"32평",
            "법정동주소":"경기도 광주시 도척면 진우리 1002",
            "도로명주소":"경기도 광주시 도척로 404-6",
            "세대수":30,
            "입주년차":40,
            "용적률점수":"--",
            "건폐율점수":"--",
            "세대당주차수":30,
            "난방방식":30,
            "공급면적":"--",
            "전용률":"--",
            "욕실수":100,
            "현관타입":50,
            "주거총점":41.0,
            "지역구공급총점":0.0,
            "역세권":0,
            "30분내 이동가능 거점":0,
            "1시간내 이동가능 거점":0,
            "교통총점":0.0,
            "백화점":0,
            "아울렛몰":0,
            "대형마트":0,
            "은행":0,
            "병원":0,
            "종합병원":0,
            "공원":0,
            "혐오시설":0,
            "인프라총점":0.0,
            "초등학군":91.2,
            "중학군":35.56,
            "학군총점":46.688,
            "인구수":42.82,
            "인구증감":12.58,
            "인구총점":33.748,
            "일자리":18.0,
            "소득수준":54.28,
            "일자리총점":28.884,
            "가치 총점":15.2032,
            "매매실거래년":20211127.0,
            "매매실거래가":25600.0,
            "전세실거래년":20211108.0,
            "전세실거래가":10000.0,
            "전세가율":39.06,
            "장기전세가율평균":65.52,
            "전세가율거품지수":26.46,
            "검색코드":17431,
            "세대수":384.0,
            "준공년월":"2005-08-30",
            "준공년차":18.0,
            "가까운역이름":"곤지암",
            "가까운역거리":3926.38,
            "역세권여부":"비역세권",
            "30분이내주요거점역":0,
            "1시간이내주요거점역":0,
            "3km이내백화점수":0,
            "5km이내아울렛몰수":0,
            "1km이내대형먀트수":0,
            "500m이내은행수":0,
            "500m이내병원수":0,
            "5km이내대형병원수":0,
            "500m이내공원수":0,
            "3km이내혐오시설수":0,
            "초등학교학업성취도":91.2,
            "중학교학업성취도":57.6,
            "용적률":168,
            "건폐율":14,
            "Y":37.31762,
            "X":127.33346,
            "rank":112.0,
            "area_info":"32평(107.52)",
            "last_sales":"2021-11-27,25600.0,32평(107.52)"
        }
    ]
}