{
    "schema":{
        "fields":[
            {
                "name":"index",
                "type":"integer"
            },
            {
                "name":"아파트명",
                "type":"string"
            },
            {
                "name":"투자타입",
                "type":"string"
            },
            {
                "name":"전용면적(m2)",
                "type":"string"
            },
            {
                "name":"전용면적(평)",
                "type":"string"
            },
            {
                "name":"법정동주소",
                "type":"string"
            },
            {
                "name":"도로명주소",
                "type":"string"
            },
            {
                "name":"세대수",
                "type":"integer"
            },
            {
                "name":"입주년차",
                "type":"string"
            },
            {
                "name":"용적률점수",
                "type":"string"
            },
            {
                "name":"건폐율점수",
                "type":"string"
            },
            {
                "name":"세대당주차수",
                "type":"string"
            },
            {
                "name":"난방방식",
                "type":"string"
            },
            {
                "name":"공급면적",
                "type":"string"
            },
            {
                "name":"전용률",
                "type":"string"
            },
            {
                "name":"욕실수",
                "type":"string"
            },
            {
                "name":"현관타입",
                "type":"string"
            },
            {
                "name":"주거총점",
                "type":"number"
            },
            {
                "name":"지역구공급총점",
                "type":"number"
            },
            {
                "name":"역세권",
                "type":"string"
            },
            {
                "name":"30분내 이동가능 거점",
                "type":"string"
            },
            {
                "name":"1시간내 이동가능 거점",
                "type":"string"
            },
            {
                "name":"교통총점",
                "type":"string"
            },
            {
                "name":"백화점",
                "type":"integer"
            },
            {
                "name":"아울렛몰",
                "type":"integer"
            },
            {
                "name":"대형마트",
                "type":"integer"
            },
            {
                "name":"은행",
                "type":"integer"
            },
            {
                "name":"병원",
                "type":"integer"
            },
            {
                "name":"종합병원",
                "type":"integer"
            },
            {
                "name":"공원",
                "type":"integer"
            },
            {
                "name":"혐오시설",
                "type":"integer"
            },
            {
                "name":"인프라총점",
                "type":"number"
            },
            {
                "name":"초등학군",
                "type":"number"
            },
            {
                "name":"중학군",
                "type":"number"
            },
            {
                "name":"학군총점",
                "type":"number"
            },
            {
                "name":"인구수",
                "type":"number"
            },
            {
                "name":"인구증감",
                "type":"number"
            },
            {
                "name":"인구총점",
                "type":"number"
            },
            {
                "name":"일자리",
                "type":"number"
            },
            {
                "name":"소득수준",
                "type":"number"
            },
            {
                "name":"일자리총점",
                "type":"number"
            },
            {
                "name":"가치 총점",
                "type":"number"
            },
            {
                "name":"매매실거래년",
                "type":"string"
            },
            {
                "name":"매매실거래가",
                "type":"number"
            },
            {
                "name":"전세실거래년",
                "type":"number"
            },
            {
                "name":"전세실거래가",
                "type":"number"
            },
            {
                "name":"전세가율",
                "type":"number"
            },
            {
                "name":"장기전세가율평균",
                "type":"number"
            },
            {
                "name":"전세가율거품지수",
                "type":"number"
            },
            {
                "name":"검색코드",
                "type":"integer"
            },
            {
                "name":"세대수",
                "type":"number"
            },
            {
                "name":"준공년월",
                "type":"string"
            },
            {
                "name":"준공년차",
                "type":"number"
            },
            {
                "name":"가까운역이름",
                "type":"string"
            },
            {
                "name":"가까운역거리",
                "type":"string"
            },
            {
                "name":"역세권여부",
                "type":"string"
            },
            {
                "name":"30분이내주요거점역",
                "type":"string"
            },
            {
                "name":"1시간이내주요거점역",
                "type":"string"
            },
            {
                "name":"3km이내백화점수",
                "type":"integer"
            },
            {
                "name":"5km이내아울렛몰수",
                "type":"integer"
            },
            {
                "name":"1km이내대형먀트수",
                "type":"integer"
            },
            {
                "name":"500m이내은행수",
                "type":"integer"
            },
            {
                "name":"500m이내병원수",
                "type":"integer"
            },
            {
                "name":"5km이내대형병원수",
                "type":"integer"
            },
            {
                "name":"500m이내공원수",
                "type":"integer"
            },
            {
                "name":"3km이내혐오시설수",
                "type":"integer"
            },
            {
                "name":"초등학교학업성취도",
                "type":"number"
            },
            {
                "name":"중학교학업성취도",
                "type":"number"
            },
            {
                "name":"용적률",
                "type":"integer"
            },
            {
                "name":"건폐율",
                "type":"integer"
            },
            {
                "name":"Y",
                "type":"number"
            },
            {
                "name":"X",
                "type":"number"
            },
            {
                "name":"rank",
                "type":"number"
            },
            {
                "name":"area_info",
                "type":"string"
            },
            {
                "name":"last_sales",
                "type":"string"
            }
        ],
        "primaryKey":[
            "index"
        ],
        "pandas_version":"1.4.0"
    },
    "data":[
        {
            "index":173,
            "아파트명":"춘천센트럴파크푸르지오",
            "투자타입":"일반",
            "전용면적(m2)":"79.6",
            "전용면적(평)":"24평",
            "법정동주소":"강원도 춘천시 온의동 591",
            "도로명주소":"강원도 춘천시 스포츠타운길 501",
            "세대수":100,
            "입주년차":100,
            "용적률점수":"--",
            "건폐율점수":"--",
            "세대당주차수":60,
            "난방방식":30,
            "공급면적":"--",
            "전용률":"--",
            "욕실수":100,
            "현관타입":100,
            "주거총점":87.0,
            "지역구공급총점":0.0,
            "역세권":"NA",
            "30분내 이동가능 거점":"NA",
            "1시간내 이동가능 거점":"NA",
            "교통총점":"NA",
            "백화점":0,
            "아울렛몰":0,
            "대형마트":100,
            "은행":0,
            "병원":30,
            "종합병원":100,
            "공원":100,
            "혐오시설":0,
            "인프라총점":41.0,
            "초등학군":93.1,
            "중학군":44.34,
            "학군총점":54.092,
            "인구수":30.97,
            "인구증감":5.75,
            "인구총점":23.404,
            "일자리":15.0,
            "소득수준":62.25,
            "일자리총점":29.175,
            "가치 총점":60.373,
            "매매실거래년":20210706.0,
            "매매실거래가":44350.0,
            "전세실거래년":null,
            "전세실거래가":null,
            "전세가율":null,
            "장기전세가율평균":78.74,
            "전세가율거품지수":null,
            "검색코드":124359,
            "세대수":1556.0,
            "준공년월":"2021-08-27",
            "준공년차":2.0,
            "가까운역이름":"NA",
            "가까운역거리":"NA",
            "역세권여부":"NA",
            "30분이내주요거점역":"NA",
            "1시간이내주요거점역":"NA",
            "3km이내백화점수":0,
            "5km이내아울렛몰수":0,
            "1km이내대형먀트수":2,
            "500m이내은행수":0,
            "500m이내병원수":7,
            "5km이내대형병원수":2,
            "500m이내공원수":10,
            "3km이내혐오시설수":0,
            "초등학교학업성취도":93.1,
            "중학교학업성취도":72.1,
            "용적률":234,
            "건폐율":17,
            "Y":37.86818,
            "X":127.711455,
            "rank":1.0,
            "area_info":"24평(79.6), 29평(97.65), 29평(98.52), 33평(110.46), 33평(110.36), 33평(111.06), 48평(160.77)",
            "last_sales":"2021-07-06,44350.0,33평(111.06)"
        },
        {
            "index":164,
            "아파트명":"온의롯데캐슬스카이클래스",
            "투자타입":"일반",
            "전용면적(m2)":"112.47",
            "전용면적(평)":"34평",
            "법정동주소":"강원도 춘천시 온의동 590",
            "도로명주소":"강원도 춘천시 방송길 70",
            "세대수":90,
            "입주년차":80,
            "용적률점수":"--",
            "건폐율점수":"--",
            "세대당주차수":80,
            "난방방식":30,
            "공급면적":"--",
            "전용률":"--",
            "욕실수":100,
            "현관타입":100,
            "주거총점":82.5,
            "지역구공급총점":0.0,
            "역세권":"NA",
            "30분내 이동가능 거점":"NA",
            "1시간내 이동가능 거점":"NA",
            "교통총점":"NA",
            "백화점":0,
            "아울렛몰":0,
            "대형마트":100,
            "은행":0,
            "병원":60,
            "종합병원":100,
            "공원":100,
            "혐오시설":0,
            "인프라총점":44.0,
            "초등학군":93.1,
            "중학군":44.34,
            "학군총점":54.092,
            "인구수":30.97,
            "인구증감":5.75,
            "인구총점":23.404,
            "일자리":15.0,
            "소득수준":62.25,
            "일자리총점":29.175,
            "가치 총점":59.998,
            "매매실거래년":20211208.0,
            "매매실거래가":82000.0,
            "전세실거래년":20220108.0,
            "전세실거래가":35700.0,
            "전세가율":58.05,
            "장기전세가율평균":78.74,
            "전세가율거품지수":20.69,
            "검색코드":106826,
            "세대수":993.0,
            "준공년월":"2015-11-19",
            "준공년차":8.0,
            "가까운역이름":"NA",
            "가까운역거리":"NA",
            "역세권여부":"NA",
            "30분이내주요거점역":"NA",
            "1시간이내주요거점역":"NA",
            "3km이내백화점수":0,
            "5km이내아울렛몰수":0,
            "1km이내대형먀트수":2,
            "500m이내은행수":1,
            "500m이내병원수":16,
            "5km이내대형병원수":2,
            "500m이내공원수":14,
            "3km이내혐오시설수":0,
            "초등학교학업성취도":93.1,
            "중학교학업성취도":72.1,
            "용적률":414,
            "건폐율":26,
            "Y":37.869841,
            "X":127.718706,
            "rank":2.0,
            "area_info":"34평(112.47), 39평(131.79), 50평(165.55), 60평(201.25)",
            "last_sales":"2021-12-08,82000.0,50평(165.55)"
        },
        {
            "index":218,
            "아파트명":"e편한세상춘천한숲시티",
            "투자타입":"일반",
            "전용면적(m2)":"79.83",
            "전용면적(평)":"24평",
            "법정동주소":"강원도 춘천시 퇴계동 1240",
            "도로명주소":"강원도 춘천시 안마산로 133",
            "세대수":100,
            "입주년차":100,
            "용적률점수":"--",
            "건폐율점수":"--",
            "세대당주차수":60,
            "난방방식":30,
            "공급면적":"--",
            "전용률":"--",
            "욕실수":100,
            "현관타입":100,
            "주거총점":87.0,
            "지역구공급총점":0.0,
            "역세권":"NA",
            "30분내 이동가능 거점":"NA",
            "1시간내 이동가능 거점":"NA",
            "교통총점":"NA",
            "백화점":0,
            "아울렛몰":0,
            "대형마트":80,
            "은행":0,
            "병원":30,
            "종합병원":100,
            "공원":80,
            "혐오시설":0,
            "인프라총점":37.4,
            "초등학군":99.31,
            "중학군":47.94,
            "학군총점":58.214,
            "인구수":30.97,
            "인구증감":5.75,
            "인구총점":23.404,
            "일자리":15.0,
            "소득수준":62.25,
            "일자리총점":29.175,
            "가치 총점":59.9635,
            "매매실거래년":20211231.0,
            "매매실거래가":73500.0,
            "전세실거래년":20220103.0,
            "전세실거래가":29000.0,
            "전세가율":87.35,
            "장기전세가율평균":78.74,
            "전세가율거품지수":-8.61,
            "검색코드":114740,
            "세대수":2835.0,
            "준공년월":"2019-10-31",
            "준공년차":4.0,
            "가까운역이름":"NA",
            "가까운역거리":"NA",
            "역세권여부":"NA",
            "30분이내주요거점역":"NA",
            "1시간이내주요거점역":"NA",
            "3km이내백화점수":0,
            "5km이내아울렛몰수":0,
            "1km이내대형먀트수":1,
            "500m이내은행수":0,
            "500m이내병원수":9,
            "5km이내대형병원수":2,
            "500m이내공원수":1,
            "3km이내혐오시설수":0,
            "초등학교학업성취도":99.31,
            "중학교학업성취도":77.9,
            "용적률":250,
            "건폐율":14,
            "Y":37.855952,
            "X":127.73064,
            "rank":3.0,
            "area_info":"24평(79.83), 29평(98.44), 30평(99.2), 33평(110.88), 33평(111.93), 39평(130.68), 45평(149.83)",
            "last_sales":"2021-12-31,73500.0,39평(130.68)"
        },
        {
            "index":130,
            "아파트명":"e편한세상춘천",
            "투자타입":"일반",
            "전용면적(m2)":"99.75",
            "전용면적(평)":"30평",
            "법정동주소":"강원도 춘천시 소양로2가 183",
            "도로명주소":"강원도 춘천시 서부대성로 33",
            "세대수":90,
            "입주년차":80,
            "용적률점수":"--",
            "건폐율점수":"--",
            "세대당주차수":30,
            "난방방식":30,
            "공급면적":"--",
            "전용률":"--",
            "욕실수":100,
            "현관타입":100,
            "주거총점":75.0,
            "지역구공급총점":0.0,
            "역세권":"NA",
            "30분내 이동가능 거점":"NA",
            "1시간내 이동가능 거점":"NA",
            "교통총점":"NA",
            "백화점":0,
            "아울렛몰":0,
            "대형마트":100,
            "은행":20,
            "병원":30,
            "종합병원":100,
            "공원":100,
            "혐오시설":0,
            "인프라총점":43.0,
            "초등학군":86.6,
            "중학군":46.52,
            "학군총점":54.536,
            "인구수":30.97,
            "인구증감":5.75,
            "인구총점":23.404,
            "일자리":15.0,
            "소득수준":62.25,
            "일자리총점":29.175,
            "가치 총점":57.084,
            "매매실거래년":20211206.0,
            "매매실거래가":52500.0,
            "전세실거래년":20220108.0,
            "전세실거래가":25000.0,
            "전세가율":71.43,
            "장기전세가율평균":78.74,
            "전세가율거품지수":7.31,
            "검색코드":104044,
            "세대수":1431.0,
            "준공년월":"2014-04-25",
            "준공년차":9.0,
            "가까운역이름":"NA",
            "가까운역거리":"NA",
            "역세권여부":"NA",
            "30분이내주요거점역":"NA",
            "1시간이내주요거점역":"NA",
            "3km이내백화점수":0,
            "5km이내아울렛몰수":0,
            "1km이내대형먀트수":6,
            "500m이내은행수":2,
            "500m이내병원수":6,
            "5km이내대형병원수":2,
            "500m이내공원수":4,
            "3km이내혐오시설수":0,
            "초등학교학업성취도":86.6,
            "중학교학업성취도":76.8,
            "용적률":240,
            "건폐율":21,
            "Y":37.885584,
            "X":127.727138,
            "rank":4.0,
            "area_info":"30평(99.75), 33평(109.9), 33평(110.84), 33평(110.14), 40평(132.37), 40평(135.02), 43평(142.17), 48평(158.75)",
            "last_sales":"2021-12-06,52500.0,48평(158.75)"
        },
        {
            "index":69,
            "아파트명":"춘천파크자이",
            "투자타입":"일반",
            "전용면적(m2)":"87.5",
            "전용면적(평)":"26평",
            "법정동주소":"강원도 춘천시 삼천동 796",
            "도로명주소":"강원도 춘천시 스포츠타운길 460",
            "세대수":90,
            "입주년차":100,
            "용적률점수":"--",
            "건폐율점수":"--",
            "세대당주차수":60,
            "난방방식":30,
            "공급면적":"--",
            "전용률":"--",
            "욕실수":100,
            "현관타입":100,
            "주거총점":83.5,
            "지역구공급총점":0.0,
            "역세권":"NA",
            "30분내 이동가능 거점":"NA",
            "1시간내 이동가능 거점":"NA",
            "교통총점":"NA",
            "백화점":0,
            "아울렛몰":0,
            "대형마트":80,
            "은행":0,
            "병원":0,
            "종합병원":100,
            "공원":80,
            "혐오시설":0,
            "인프라총점":34.4,
            "초등학군":100.0,
            "중학군":44.34,
            "학군총점":55.472,
            "인구수":30.97,
            "인구증감":5.75,
            "인구총점":23.404,
            "일자리":15.0,
            "소득수준":62.25,
            "일자리총점":29.175,
            "가치 총점":56.853,
            "매매실거래년":20201103.0,
            "매매실거래가":31136.0,
            "전세실거래년":null,
            "전세실거래가":null,
            "전세가율":null,
            "장기전세가율평균":78.74,
            "전세가율거품지수":null,
            "검색코드":119771,
            "세대수":965.0,
            "준공년월":"2020-09-01",
            "준공년차":3.0,
            "가까운역이름":"NA",
            "가까운역거리":"NA",
            "역세권여부":"NA",
            "30분이내주요거점역":"NA",
            "1시간이내주요거점역":"NA",
            "3km이내백화점수":0,
            "5km이내아울렛몰수":0,
            "1km이내대형먀트수":1,
            "500m이내은행수":0,
            "500m이내병원수":0,
            "5km이내대형병원수":2,
            "500m이내공원수":1,
            "3km이내혐오시설수":0,
            "초등학교학업성취도":100.0,
            "중학교학업성취도":72.1,
            "용적률":0,
            "건폐율":0,
            "Y":37.867646,
            "X":127.707973,
            "rank":5.0,
            "area_info":"26평(87.5), 26평(87.44), 29평(97.61), 29평(97.76), 32평(108.82), 32평(108.75), 32평(108.76), 38평(127.37), 38평(127.37), 56평(186.6)",
            "last_sales":"2020-11-03,31136.0,26평(87.5)"
        },
        {
            "index":261,
            "아파트명":"퇴계이안",
            "투자타입":"일반",
            "전용면적(m2)":"80.5",
            "전용면적(평)":"24평",
            "법정동주소":"강원도 춘천시 퇴계동 1052",
            "도로명주소":"강원도 춘천시 영서로 2169",
            "세대수":80,
            "입주년차":40,
            "용적률점수":"--",
            "건폐율점수":"--",
            "세대당주차수":60,
            "난방방식":30,
            "공급면적":"--",
            "전용률":"--",
            "욕실수":100,
            "현관타입":100,
            "주거총점":68.0,
            "지역구공급총점":0.0,
            "역세권":"NA",
            "30분내 이동가능 거점":"NA",
            "1시간내 이동가능 거점":"NA",
            "교통총점":"NA",
            "백화점":0,
            "아울렛몰":0,
            "대형마트":80,
            "은행":20,
            "병원":60,
            "종합병원":100,
            "공원":100,
            "혐오시설":0,
            "인프라총점":43.0,
            "초등학군":99.31,
            "중학군":47.94,
            "학군총점":58.214,
            "인구수":30.97,
            "인구증감":5.75,
            "인구총점":23.404,
            "일자리":15.0,
            "소득수준":62.25,
            "일자리총점":29.175,
            "가치 총점":55.5535,
            "매매실거래년":20220103.0,
            "매매실거래가":34900.0,
            "전세실거래년":20200825.0,
            "전세실거래가":19000.0,
            "전세가율":73.08,
            "장기전세가율평균":78.74,
            "전세가율거품지수":5.66,
            "검색코드":22437,
            "세대수":703.0,
            "준공년월":"2007-08-09",
            "준공년차":16.0,
            "가까운역이름":"NA",
            "가까운역거리":"NA",
            "역세권여부":"NA",
            "30분이내주요거점역":"NA",
            "1시간이내주요거점역":"NA",
            "3km이내백화점수":0,
            "5km이내아울렛몰수":0,
            "1km이내대형먀트수":1,
            "500m이내은행수":2,
            "500m이내병원수":12,
            "5km이내대형병원수":2,
            "500m이내공원수":2,
            "3km이내혐오시설수":0,
            "초등학교학업성취도":99.31,
            "중학교학업성취도":77.9,
            "용적률":226,
            "건폐율":13,
            "Y":37.857834,
            "X":127.73165,
            "rank":6.0,
            "area_info":"24평(80.5), 33평(111.54), 43평(142.34), 70평(231.8)",
            "last_sales":"2022-01-03,34900.0,33평(111.54)"
        },
        {
            "index":0,
            "아파트명":"신성근화미소지움",
            "투자타입":"일반",
            "전용면적(m2)":"83.41",
            "전용면적(평)":"25평",
            "법정동주소":"강원도 춘천시 근화동 279-8",
            "도로명주소":"강원도 춘천시 근화길15번길 26",
            "세대수":90,
            "입주년차":40,
            "용적률점수":"--",
            "건폐율점수":"--",
            "세대당주차수":30,
            "난방방식":30,
            "공급면적":"--",
            "전용률":"--",
            "욕실수":100,
            "현관타입":100,
            "주거총점":67.0,
            "지역구공급총점":0.0,
            "역세권":"NA",
            "30분내 이동가능 거점":"NA",
            "1시간내 이동가능 거점":"NA",
            "교통총점":"NA",
            "백화점":0,
            "아울렛몰":0,
            "대형마트":100,
            "은행":0,
            "병원":60,
            "종합병원":100,
            "공원":100,
            "혐오시설":0,
            "인프라총점":44.0,
            "초등학군":93.1,
            "중학군":44.34,
            "학군총점":54.092,
            "인구수":30.97,
            "인구증감":5.75,
            "인구총점":23.404,
            "일자리":15.0,
            "소득수준":62.25,
            "일자리총점":29.175,
            "가치 총점":54.573,
            "매매실거래년":20211205.0,
            "매매실거래가":23800.0,
            "전세실거래년":20211222.0,
            "전세실거래가":12000.0,
            "전세가율":50.42,
            "장기전세가율평균":78.74,
            "전세가율거품지수":28.32,
            "검색코드":24174,
            "세대수":1092.0,
            "준공년월":"2007-12-18",
            "준공년차":16.0,
            "가까운역이름":"NA",
            "가까운역거리":"NA",
            "역세권여부":"NA",
            "30분이내주요거점역":"NA",
            "1시간이내주요거점역":"NA",
            "3km이내백화점수":0,
            "5km이내아울렛몰수":0,
            "1km이내대형먀트수":2,
            "500m이내은행수":1,
            "500m이내병원수":12,
            "5km이내대형병원수":2,
            "500m이내공원수":16,
            "3km이내혐오시설수":0,
            "초등학교학업성취도":93.1,
            "중학교학업성취도":72.1,
            "용적률":266,
            "건폐율":27,
            "Y":37.872072,
            "X":127.717254,
            "rank":7.0,
            "area_info":"25평(83.41), 34평(114.15), 34평(114.15), 34평(114.15), 35평(115.8), 43평(143.37), 44평(146.51), 50평(167.58)",
            "last_sales":"2021-12-05,23800.0,25평(83.41)"
        },
        {
            "index":162,
            "아파트명":"온의금호1차",
            "투자타입":"재건축",
            "전용면적(m2)":"87.68",
            "전용면적(평)":"26평",
            "법정동주소":"강원도 춘천시 온의동 65-10",
            "도로명주소":"강원도 춘천시 스포츠타운길 535",
            "세대수":50,
            "입주년차":"--",
            "용적률점수":60,
            "건폐율점수":100,
            "세대당주차수":"--",
            "난방방식":"--",
            "공급면적":70,
            "전용률":80,
            "욕실수":"--",
            "현관타입":"--",
            "주거총점":66.5,
            "지역구공급총점":0.0,
            "역세권":"NA",
            "30분내 이동가능 거점":"NA",
            "1시간내 이동가능 거점":"NA",
            "교통총점":"NA",
            "백화점":0,
            "아울렛몰":0,
            "대형마트":100,
            "은행":0,
            "병원":60,
            "종합병원":100,
            "공원":100,
            "혐오시설":0,
            "인프라총점":44.0,
            "초등학군":93.1,
            "중학군":44.34,
            "학군총점":54.092,
            "인구수":30.97,
            "인구증감":5.75,
            "인구총점":23.404,
            "일자리":15.0,
            "소득수준":62.25,
            "일자리총점":29.175,
            "가치 총점":54.398,
            "매매실거래년":20211213.0,
            "매매실거래가":17500.0,
            "전세실거래년":20211211.0,
            "전세실거래가":15200.0,
            "전세가율":86.86,
            "장기전세가율평균":78.74,
            "전세가율거품지수":-8.12,
            "검색코드":6572,
            "세대수":480.0,
            "준공년월":"1990-11-06",
            "준공년차":33.0,
            "가까운역이름":"NA",
            "가까운역거리":"NA",
            "역세권여부":"NA",
            "30분이내주요거점역":"NA",
            "1시간이내주요거점역":"NA",
            "3km이내백화점수":0,
            "5km이내아울렛몰수":0,
            "1km이내대형먀트수":2,
            "500m이내은행수":0,
            "500m이내병원수":10,
            "5km이내대형병원수":2,
            "500m이내공원수":10,
            "3km이내혐오시설수":0,
            "초등학교학업성취도":93.1,
            "중학교학업성취도":72.1,
            "용적률":192,
            "건폐율":16,
            "Y":37.870011,
            "X":127.71434,
            "rank":8.0,
            "area_info":"26평(87.68), 30평(101.03)",
            "last_sales":"2021-12-13,17500.0,26평(87.68)"
        },
        {
            "index":150,
            "아파트명":"약사지구모아엘가센텀뷰",
            "투자타입":"일반",
            "전용면적(m2)":"80.9",
            "전용면적(평)":"24평",
            "법정동주소":"강원도 춘천시 약사동 77번지 약사아파트 일원",
            "도로명주소":"강원도 춘천시 공지로 400",
            "세대수":50,
            "입주년차":100,
            "용적률점수":"--",
            "건폐율점수":"--",
            "세대당주차수":30,
            "난방방식":100,
            "공급면적":"--",
            "전용률":"--",
            "욕실수":100,
            "현관타입":100,
            "주거총점":72.0,
            "지역구공급총점":0.0,
            "역세권":"NA",
            "30분내 이동가능 거점":"NA",
            "1시간내 이동가능 거점":"NA",
            "교통총점":"NA",
            "백화점":0,
            "아울렛몰":0,
            "대형마트":100,
            "은행":0,
            "병원":10,
            "종합병원":100,
            "공원":100,
            "혐오시설":0,
            "인프라총점":39.0,
            "초등학군":93.1,
            "중학군":44.34,
            "학군총점":54.092,
            "인구수":30.97,
            "인구증감":5.75,
            "인구총점":23.404,
            "일자리":15.0,
            "소득수준":62.25,
            "일자리총점":29.175,
            "가치 총점":54.323,
            "매매실거래년":20210910.0,
            "매매실거래가":23880.0,
            "전세실거래년":null,
            "전세실거래가":null,
            "전세가율":null,
            "장기전세가율평균":78.74,
            "전세가율거품지수":null,
            "검색코드":124001,
            "세대수":567.0,
            "준공년월":"2021-09-01",
            "준공년차":2.0,
            "가까운역이름":"NA",
            "가까운역거리":"NA",
            "역세권여부":"NA",
            "30분이내주요거점역":"NA",
            "1시간이내주요거점역":"NA",
            "3km이내백화점수":0,
            "5km이내아울렛몰수":0,
            "1km이내대형먀트수":2,
            "500m이내은행수":0,
            "500m이내병원수":2,
            "5km이내대형병원수":2,
            "500m이내공원수":10,
            "3km이내혐오시설수":0,
            "초등학교학업성취도":93.1,
            "중학교학업성취도":72.1,
            "용적률":264,
            "건폐율":23,
            "Y":37.872521,
            "X":127.724238,
            "rank":9.0,
            "area_info":"24평(80.9), 30평(99.8), 34평(113.91), 34평(114.75)",
            "last_sales":"2021-09-10,23880.0,24평(80.9)"
        },
        {
            "index":369,
            "아파트명":"춘천더샵",
            "투자타입":"일반",
            "전용면적(m2)":"69.86",
            "전용면적(평)":"21평",
            "법정동주소":"강원도 춘천시 후평동 904",
            "도로명주소":"강원도 춘천시 후석로 325",
            "세대수":100,
            "입주년차":40,
            "용적률점수":"--",
            "건폐율점수":"--",
            "세대당주차수":30,
            "난방방식":30,
            "공급면적":"--",
            "전용률":"--",
            "욕실수":100,
            "현관타입":100,
            "주거총점":70.5,
            "지역구공급총점":0.0,
            "역세권":"NA",
            "30분내 이동가능 거점":"NA",
            "1시간내 이동가능 거점":"NA",
            "교통총점":"NA",
            "백화점":0,
            "아울렛몰":0,
            "대형마트":80,
            "은행":0,
            "병원":60,
            "종합병원":100,
            "공원":80,
            "혐오시설":0,
            "인프라총점":40.4,
            "초등학군":94.98,
            "중학군":41.62,
            "학군총점":52.292,
            "인구수":30.97,
            "인구증감":5.75,
            "인구총점":23.404,
            "일자리":15.0,
            "소득수준":62.25,
            "일자리총점":29.175,
            "가치 총점":53.908,
            "매매실거래년":20220108.0,
            "매매실거래가":46800.0,
            "전세실거래년":20211120.0,
            "전세실거래가":21000.0,
            "전세가율":91.3,
            "장기전세가율평균":78.74,
            "전세가율거품지수":-12.56,
            "검색코드":22737,
            "세대수":1792.0,
            "준공년월":"2008-06-27",
            "준공년차":15.0,
            "가까운역이름":"NA",
            "가까운역거리":"NA",
            "역세권여부":"NA",
            "30분이내주요거점역":"NA",
            "1시간이내주요거점역":"NA",
            "3km이내백화점수":0,
            "5km이내아울렛몰수":0,
            "1km이내대형먀트수":1,
            "500m이내은행수":1,
            "500m이내병원수":26,
            "5km이내대형병원수":2,
            "500m이내공원수":1,
            "3km이내혐오시설수":0,
            "초등학교학업성취도":94.98,
            "중학교학업성취도":68.3,
            "용적률":288,
            "건폐율":18,
            "Y":37.879747,
            "X":127.748201,
            "rank":10.0,
            "area_info":"21평(69.86), 23평(77.81), 23평(78.12), 23평(78.14), 26평(87.52), 33평(109.44), 33평(109.77), 33평(109.46), 48평(159.9), 56평(186.1), 56평(187.9), 63평(209.59)",
            "last_sales":"2022-01-08,46800.0,56평(187.9)"
        },
        {
            "index":390,
            "아파트명":"춘천후평우미린뉴시티",
            "투자타입":"일반",
            "전용면적(m2)":"84.52",
            "전용면적(평)":"25평",
            "법정동주소":"강원도 춘천시 후평동 912",
            "도로명주소":"강원도 춘천시 보안길 36",
            "세대수":100,
            "입주년차":100,
            "용적률점수":"--",
            "건폐율점수":"--",
            "세대당주차수":30,
            "난방방식":30,
            "공급면적":"--",
            "전용률":"--",
            "욕실수":100,
            "현관타입":100,
            "주거총점":82.5,
            "지역구공급총점":0.0,
            "역세권":"NA",
            "30분내 이동가능 거점":"NA",
            "1시간내 이동가능 거점":"NA",
            "교통총점":"NA",
            "백화점":0,
            "아울렛몰":0,
            "대형마트":0,
            "은행":0,
            "병원":60,
            "종합병원":100,
            "공원":100,
            "혐오시설":0,
            "인프라총점":29.0,
            "초등학군":94.98,
            "중학군":41.62,
            "학군총점":52.292,
            "인구수":30.97,
            "인구증감":5.75,
            "인구총점":23.404,
            "일자리":15.0,
            "소득수준":62.25,
            "일자리총점":29.175,
            "가치 총점":53.548,
            "매매실거래년":20220104.0,
            "매매실거래가":42500.0,
            "전세실거래년":20211224.0,
            "전세실거래가":21000.0,
            "전세가율":64.02,
            "장기전세가율평균":78.74,
            "전세가율거품지수":14.72,
            "검색코드":113289,
            "세대수":1745.0,
            "준공년월":"2019-07-01",
            "준공년차":4.0,
            "가까운역이름":"NA",
            "가까운역거리":"NA",
            "역세권여부":"NA",
            "30분이내주요거점역":"NA",
            "1시간이내주요거점역":"NA",
            "3km이내백화점수":0,
            "5km이내아울렛몰수":0,
            "1km이내대형먀트수":0,
            "500m이내은행수":0,
            "500m이내병원수":21,
            "5km이내대형병원수":2,
            "500m이내공원수":2,
            "3km이내혐오시설수":0,
            "초등학교학업성취도":94.98,
            "중학교학업성취도":68.3,
            "용적률":256,
            "건폐율":14,
            "Y":37.878847,
            "X":127.752786,
            "rank":11.0,
            "area_info":"25평(84.52), 28평(94.04), 31평(103.07), 34평(113.93), 34평(114.96), 34평(114.22)",
            "last_sales":"2022-01-04,42500.0,31평(103.07)"
        },
        {
            "index":234,
            "아파트명":"뜨란채",
            "투자타입":"일반",
            "전용면적(m2)":"110.34",
            "전용면적(평)":"33평",
            "법정동주소":"강원도 춘천시 퇴계동 1031",
            "도로명주소":"강원도 춘천시 승지골길16번길 47",
            "세대수":80,
            "입주년차":40,
            "용적률점수":"--",
            "건폐율점수":"--",
            "세대당주차수":30,
            "난방방식":30,
            "공급면적":"--",
            "전용률":"--",
            "욕실수":100,
            "현관타입":100,
            "주거총점":63.5,
            "지역구공급총점":0.0,
            "역세권":"NA",
            "30분내 이동가능 거점":"NA",
            "1시간내 이동가능 거점":"NA",
            "교통총점":"NA",
            "백화점":0,
            "아울렛몰":0,
            "대형마트":80,
            "은행":0,
            "병원":60,
            "종합병원":100,
            "공원":100,
            "혐오시설":0,
            "인프라총점":41.0,
            "초등학군":93.11,
            "중학군":49.34,
            "학군총점":58.094,
            "인구수":30.97,
            "인구증감":5.75,
            "인구총점":23.404,
            "일자리":15.0,
            "소득수준":62.25,
            "일자리총점":29.175,
            "가치 총점":53.1485,
            "매매실거래년":20211223.0,
            "매매실거래가":28200.0,
            "전세실거래년":20220112.0,
            "전세실거래가":22000.0,
            "전세가율":78.01,
            "장기전세가율평균":78.74,
            "전세가율거품지수":0.73,
            "검색코드":19627,
            "세대수":714.0,
            "준공년월":"2006-04-25",
            "준공년차":17.0,
            "가까운역이름":"NA",
            "가까운역거리":"NA",
            "역세권여부":"NA",
            "30분이내주요거점역":"NA",
            "1시간이내주요거점역":"NA",
            "3km이내백화점수":0,
            "5km이내아울렛몰수":0,
            "1km이내대형먀트수":1,
            "500m이내은행수":0,
            "500m이내병원수":21,
            "5km이내대형병원수":2,
            "500m이내공원수":7,
            "3km이내혐오시설수":0,
            "초등학교학업성취도":93.11,
            "중학교학업성취도":80.7,
            "용적률":184,
            "건폐율":15,
            "Y":37.849693,
            "X":127.746031,
            "rank":12.0,
            "area_info":"33평(110.34), 33평(110.27)",
            "last_sales":"2021-12-23,28200.0,33평(110.34)"
        },
        {
            "index":198,
            "아파트명":"춘천우두LH2단지",
            "투자타입":"일반",
            "전용면적(m2)":"98.63",
            "전용면적(평)":"29평",
            "법정동주소":"강원도 춘천시 우두동 1085",
            "도로명주소":"강원도 춘천시 우두1길 129",
            "세대수":90,
            "입주년차":100,
            "용적률점수":"--",
            "건폐율점수":"--",
            "세대당주차수":60,
            "난방방식":100,
            "공급면적":"--",
            "전용률":"--",
            "욕실수":100,
            "현관타입":100,
            "주거총점":90.5,
            "지역구공급총점":0.0,
            "역세권":"NA",
            "30분내 이동가능 거점":"NA",
            "1시간내 이동가능 거점":"NA",
            "교통총점":"NA",
            "백화점":0,
            "아울렛몰":0,
            "대형마트":0,
            "은행":0,
            "병원":0,
            "종합병원":100,
            "공원":0,
            "혐오시설":0,
            "인프라총점":20.0,
            "초등학군":94.89,
            "중학군":41.52,
            "학군총점":52.194,
            "인구수":30.97,
            "인구증감":5.75,
            "인구총점":23.404,
            "일자리":15.0,
            "소득수준":62.25,
            "일자리총점":29.175,
            "가치 총점":52.7235,
            "매매실거래년":20211218.0,
            "매매실거래가":37000.0,
            "전세실거래년":20211123.0,
            "전세실거래가":24500.0,
            "전세가율":99.19,
            "장기전세가율평균":78.74,
            "전세가율거품지수":-20.45,
            "검색코드":127722,
            "세대수":979.0,
            "준공년월":"2020-09-01",
            "준공년차":3.0,
            "가까운역이름":"NA",
            "가까운역거리":"NA",
            "역세권여부":"NA",
            "30분이내주요거점역":"NA",
            "1시간이내주요거점역":"NA",
            "3km이내백화점수":0,
            "5km이내아울렛몰수":0,
            "1km이내대형먀트수":0,
            "500m이내은행수":0,
            "500m이내병원수":0,
            "5km이내대형병원수":2,
            "500m이내공원수":0,
            "3km이내혐오시설수":0,
            "초등학교학업성취도":94.89,
            "중학교학업성취도":67.8,
            "용적률":199,
            "건폐율":15,
            "Y":37.911832,
            "X":127.735369,
            "rank":13.0,
            "area_info":"29평(98.63), 29평(99.12), 33평(111.97), 33평(112.13)",
            "last_sales":"2021-12-18,37000.0,33평(112.13)"
        },
        {
            "index":202,
            "아파트명":"춘천우두지구이지더원",
            "투자타입":"일반",
            "전용면적(m2)":"89.44",
            "전용면적(평)":"27평",
            "법정동주소":"강원도 춘천시 우두동 1089",
            "도로명주소":"강원도 춘천시 우두1길 70",
            "세대수":90,
            "입주년차":100,
            "용적률점수":"--",
            "건폐율점수":"--",
            "세대당주차수":60,
            "난방방식":100,
            "공급면적":"--",
            "전용률":"--",
            "욕실수":100,
            "현관타입":100,
            "주거총점":90.5,
            "지역구공급총점":0.0,
            "역세권":"NA",
            "30분내 이동가능 거점":"NA",
            "1시간내 이동가능 거점":"NA",
            "교통총점":"NA",
            "백화점":0,
            "아울렛몰":0,
            "대형마트":0,
            "은행":0,
            "병원":0,
            "종합병원":100,
            "공원":0,
            "혐오시설":0,
            "인프라총점":20.0,
            "초등학군":94.89,
            "중학군":41.52,
            "학군총점":52.194,
            "인구수":30.97,
            "인구증감":5.75,
            "인구총점":23.404,
            "일자리":15.0,
            "소득수준":62.25,
            "일자리총점":29.175,
            "가치 총점":52.7235,
            "매매실거래년":20220107.0,
            "매매실거래가":31011.0,
            "전세실거래년":null,
            "전세실거래가":null,
            "전세가율":null,
            "장기전세가율평균":78.74,
            "전세가율거품지수":null,
            "검색코드":126740,
            "세대수":916.0,
            "준공년월":"2021-12-21",
            "준공년차":2.0,
            "가까운역이름":"NA",
            "가까운역거리":"NA",
            "역세권여부":"NA",
            "30분이내주요거점역":"NA",
            "1시간이내주요거점역":"NA",
            "3km이내백화점수":0,
            "5km이내아울렛몰수":0,
            "1km이내대형먀트수":0,
            "500m이내은행수":0,
            "500m이내병원수":0,
            "5km이내대형병원수":2,
            "500m이내공원수":0,
            "3km이내혐오시설수":0,
            "초등학교학업성취도":94.89,
            "중학교학업성취도":67.8,
            "용적률":199,
            "건폐율":17,
            "Y":37.908778,
            "X":127.735357,
            "rank":13.0,
            "area_info":"27평(89.44), 27평(90.0), 33평(111.09)",
            "last_sales":"2022-01-07,31011.0,27평(89.44)"
        },
        {
            "index":180,
            "아파트명":"춘천요선한신휴플러스",
            "투자타입":"일반",
            "전용면적(m2)":"86.43",
            "전용면적(평)":"26평",
            "법정동주소":"강원도 춘천시 요선동 200",
            "도로명주소":"강원도 춘천시 서부대성로 34",
            "세대수":30,
            "입주년차":40,
            "용적률점수":"--",
            "건폐율점수":"--",
            "세대당주차수":30,
            "난방방식":30,
            "공급면적":"--",
            "전용률":"--",
            "욕실수":100,
            "현관타입":100,
            "주거총점":46.0,
            "지역구공급총점":0.0,
            "역세권":"NA",
            "30분내 이동가능 거점":"NA",
            "1시간내 이동가능 거점":"NA",
            "교통총점":"NA",
            "백화점":0,
            "아울렛몰":0,
            "대형마트":100,
            "은행":100,
            "병원":80,
            "종합병원":100,
            "공원":100,
            "혐오시설":0,
            "인프라총점":56.0,
            "초등학군":90.0,
            "중학군":46.52,
            "학군총점":55.216,
            "인구수":30.97,
            "인구증감":5.75,
            "인구총점":23.404,
            "일자리":15.0,
            "소득수준":62.25,
            "일자리총점":29.175,
            "가치 총점":52.304,
            "매매실거래년":20211127.0,
            "매매실거래가":25900.0,
            "전세실거래년":20200210.0,
            "전세실거래가":18000.0,
            "전세가율":75.0,
            "장기전세가율평균":78.74,
            "전세가율거품지수":3.74,
            "검색코드":19713,
            "세대수":364.0,
            "준공년월":"2007-07-30",
            "준공년차":16.0,
            "가까운역이름":"NA",
            "가까운역거리":"NA",
            "역세권여부":"NA",
            "30분이내주요거점역":"NA",
            "1시간이내주요거점역":"NA",
            "3km이내백화점수":0,
            "5km이내아울렛몰수":0,
            "1km이내대형먀트수":6,
            "500m이내은행수":6,
            "500m이내병원수":37,
            "5km이내대형병원수":2,
            "500m이내공원수":3,
            "3km이내혐오시설수":0,
            "초등학교학업성취도":90.0,
            "중학교학업성취도":76.8,
            "용적률":0,
            "건폐율":0,
            "Y":37.883195,
            "X":127.726544,
            "rank":14.0,
            "area_info":"26평(86.43), 32평(108.02), 32평(108.45), 33평(109.38), 48평(160.88)",
            "last_sales":"2021-11-27,25900.0,32평(108.02)"
        },
        {
            "index":128,
            "아파트명":"휴먼타운",
            "투자타입":"일반",
            "전용면적(m2)":"91.6",
            "전용면적(평)":"27평",
            "법정동주소":"강원도 춘천시 석사동 866",
            "도로명주소":"강원도 춘천시 지석로 29",
            "세대수":90,
            "입주년차":20,
            "용적률점수":"--",
            "건폐율점수":"--",
            "세대당주차수":30,
            "난방방식":30,
            "공급면적":"--",
            "전용률":"--",
            "욕실수":50,
            "현관타입":100,
            "주거총점":58.0,
            "지역구공급총점":0.0,
            "역세권":"NA",
            "30분내 이동가능 거점":"NA",
            "1시간내 이동가능 거점":"NA",
            "교통총점":"NA",
            "백화점":0,
            "아울렛몰":0,
            "대형마트":80,
            "은행":0,
            "병원":80,
            "종합병원":100,
            "공원":100,
            "혐오시설":0,
            "인프라총점":43.0,
            "초등학군":95.93,
            "중학군":49.34,
            "학군총점":58.658,
            "인구수":30.97,
            "인구증감":5.75,
            "인구총점":23.404,
            "일자리":15.0,
            "소득수준":62.25,
            "일자리총점":29.175,
            "가치 총점":52.1645,
            "매매실거래년":20220113.0,
            "매매실거래가":21500.0,
            "전세실거래년":20211225.0,
            "전세실거래가":16000.0,
            "전세가율":89.89,
            "장기전세가율평균":78.74,
            "전세가율거품지수":-11.15,
            "검색코드":26894,
            "세대수":1110.0,
            "준공년월":"2002-05-15",
            "준공년차":21.0,
            "가까운역이름":"NA",
            "가까운역거리":"NA",
            "역세권여부":"NA",
            "30분이내주요거점역":"NA",
            "1시간이내주요거점역":"NA",
            "3km이내백화점수":0,
            "5km이내아울렛몰수":0,
            "1km이내대형먀트수":1,
            "500m이내은행수":1,
            "500m이내병원수":38,
            "5km이내대형병원수":2,
            "500m이내공원수":6,
            "3km이내혐오시설수":0,
            "초등학교학업성취도":95.93,
            "중학교학업성취도":80.7,
            "용적률":189,
            "건폐율":16,
            "Y":37.853842,
            "X":127.739619,
            "rank":15.0,
            "area_info":"27평(91.6), 33평(112.11)",
            "last_sales":"2022-01-13,21500.0,33평(112.11)"
        },
        {
            "index":123,
            "아파트명":"현진에버빌2차",
            "투자타입":"일반",
            "전용면적(m2)":"116.57",
            "전용면적(평)":"35평",
            "법정동주소":"강원도 춘천시 석사동 873",
            "도로명주소":"강원도 춘천시 지석로 67",
            "세대수":50,
            "입주년차":40,
            "용적률점수":"--",
            "건폐율점수":"--",
            "세대당주차수":60,
            "난방방식":30,
            "공급면적":"--",
            "전용률":"--",
            "욕실수":100,
            "현관타입":100,
            "주거총점":57.5,
            "지역구공급총점":0.0,
            "역세권":"NA",
            "30분내 이동가능 거점":"NA",
            "1시간내 이동가능 거점":"NA",
            "교통총점":"NA",
            "백화점":0,
            "아울렛몰":0,
            "대형마트":80,
            "은행":0,
            "병원":60,
            "종합병원":100,
            "공원":100,
            "혐오시설":0,
            "인프라총점":41.0,
            "초등학군":95.93,
            "중학군":49.34,
            "학군총점":58.658,
            "인구수":30.97,
            "인구증감":5.75,
            "인구총점":23.404,
            "일자리":15.0,
            "소득수준":62.25,
            "일자리총점":29.175,
            "가치 총점":51.1895,
            "매매실거래년":20211214.0,
            "매매실거래가":43000.0,
            "전세실거래년":20211120.0,
            "전세실거래가":30000.0,
            "전세가율":81.08,
            "장기전세가율평균":78.74,
            "전세가율거품지수":-2.34,
            "검색코드":17334,
            "세대수":606.0,
            "준공년월":"2005-05-12",
            "준공년차":18.0,
            "가까운역이름":"NA",
            "가까운역거리":"NA",
            "역세권여부":"NA",
            "30분이내주요거점역":"NA",
            "1시간이내주요거점역":"NA",
            "3km이내백화점수":0,
            "5km이내아울렛몰수":0,
            "1km이내대형먀트수":1,
            "500m이내은행수":0,
            "500m이내병원수":29,
            "5km이내대형병원수":2,
            "500m이내공원수":8,
            "3km이내혐오시설수":0,
            "초등학교학업성취도":95.93,
            "중학교학업성취도":80.7,
            "용적률":212,
            "건폐율":19,
            "Y":37.852552,
            "X":127.742964,
            "rank":16.0,
            "area_info":"35평(116.57), 38평(128.23), 43평(144.16), 48평(161.93), 58평(194.15)",
            "last_sales":"2021-12-14,43000.0,48평(161.93)"
        },
        {
            "index":350,
            "아파트명":"주공6단지",
            "투자타입":"재건축",
            "전용면적(m2)":"62.09",
            "전용면적(평)":"18평",
            "법정동주소":"강원도 춘천시 후평동 481",
            "도로명주소":"강원도 춘천시 후만로 37",
            "세대수":30,
            "입주년차":"--",
            "용적률점수":100,
            "건폐율점수":100,
            "세대당주차수":"--",
            "난방방식":"--",
            "공급면적":50,
            "전용률":80,
            "욕실수":"--",
            "현관타입":"--",
            "주거총점":75.5,
            "지역구공급총점":0.0,
            "역세권":"NA",
            "30분내 이동가능 거점":"NA",
            "1시간내 이동가능 거점":"NA",
            "교통총점":"NA",
            "백화점":0,
            "아울렛몰":0,
            "대형마트":0,
            "은행":0,
            "병원":60,
            "종합병원":100,
            "공원":100,
            "혐오시설":0,
            "인프라총점":29.0,
            "초등학군":94.98,
            "중학군":41.62,
            "학군총점":52.292,
            "인구수":30.97,
            "인구증감":5.75,
            "인구총점":23.404,
            "일자리":15.0,
            "소득수준":62.25,
            "일자리총점":29.175,
            "가치 총점":51.098,
            "매매실거래년":20211222.0,
            "매매실거래가":14000.0,
            "전세실거래년":20211215.0,
            "전세실거래가":8000.0,
            "전세가율":57.14,
            "장기전세가율평균":78.74,
            "전세가율거품지수":21.6,
            "검색코드":6736,
            "세대수":360.0,
            "준공년월":"1989-08-20",
            "준공년차":34.0,
            "가까운역이름":"NA",
            "가까운역거리":"NA",
            "역세권여부":"NA",
            "30분이내주요거점역":"NA",
            "1시간이내주요거점역":"NA",
            "3km이내백화점수":0,
            "5km이내아울렛몰수":0,
            "1km이내대형먀트수":0,
            "500m이내은행수":0,
            "500m이내병원수":10,
            "5km이내대형병원수":2,
            "500m이내공원수":4,
            "3km이내혐오시설수":0,
            "초등학교학업성취도":94.98,
            "중학교학업성취도":68.3,
            "용적률":63,
            "건폐율":7,
            "Y":37.874999,
            "X":127.748468,
            "rank":17.0,
            "area_info":"18평(62.09), 21평(71.95)",
            "last_sales":"2021-12-22,14000.0,18평(62.09)"
        },
        {
            "index":381,
            "아파트명":"춘천일성트루엘더퍼스트",
            "투자타입":"일반",
            "전용면적(m2)":"82.54",
            "전용면적(평)":"24평",
            "법정동주소":"강원도 춘천시 후평동 910",
            "도로명주소":"강원도 춘천시 백령로 215",
            "세대수":90,
            "입주년차":80,
            "용적률점수":"--",
            "건폐율점수":"--",
            "세대당주차수":30,
            "난방방식":30,
            "공급면적":"--",
            "전용률":"--",
            "욕실수":100,
            "현관타입":100,
            "주거총점":75.0,
            "지역구공급총점":0.0,
            "역세권":"NA",
            "30분내 이동가능 거점":"NA",
            "1시간내 이동가능 거점":"NA",
            "교통총점":"NA",
            "백화점":0,
            "아울렛몰":0,
            "대형마트":0,
            "은행":0,
            "병원":60,
            "종합병원":100,
            "공원":100,
            "혐오시설":0,
            "인프라총점":29.0,
            "초등학군":94.98,
            "중학군":41.62,
            "학군총점":52.292,
            "인구수":30.97,
            "인구증감":5.75,
            "인구총점":23.404,
            "일자리":15.0,
            "소득수준":62.25,
            "일자리총점":29.175,
            "가치 총점":50.923,
            "매매실거래년":20220110.0,
            "매매실거래가":41000.0,
            "전세실거래년":20220111.0,
            "전세실거래가":26000.0,
            "전세가율":82.54,
            "장기전세가율평균":78.74,
            "전세가율거품지수":-3.8,
            "검색코드":111198,
            "세대수":1123.0,
            "준공년월":"2018-06-01",
            "준공년차":5.0,
            "가까운역이름":"NA",
            "가까운역거리":"NA",
            "역세권여부":"NA",
            "30분이내주요거점역":"NA",
            "1시간이내주요거점역":"NA",
            "3km이내백화점수":0,
            "5km이내아울렛몰수":0,
            "1km이내대형먀트수":0,
            "500m이내은행수":1,
            "500m이내병원수":25,
            "5km이내대형병원수":2,
            "500m이내공원수":3,
            "3km이내혐오시설수":0,
            "초등학교학업성취도":94.98,
            "중학교학업성취도":68.3,
            "용적률":256,
            "건폐율":26,
            "Y":37.877935,
            "X":127.747503,
            "rank":18.0,
            "area_info":"24평(82.54), 27평(92.43), 27평(92.21), 28평(94.08), 33평(112.25), 33평(112.31), 34평(114.1), 34평(115.09), 57평(188.69)",
            "last_sales":"2022-01-10,41000.0,34평(114.1)"
        },
        {
            "index":270,
            "아파트명":"퇴계주공6단지",
            "투자타입":"일반",
            "전용면적(m2)":"79.39",
            "전용면적(평)":"24평",
            "법정동주소":"강원도 춘천시 퇴계동 1015",
            "도로명주소":"강원도 춘천시 지석로 64",
            "세대수":80,
            "입주년차":20,
            "용적률점수":"--",
            "건폐율점수":"--",
            "세대당주차수":0,
            "난방방식":30,
            "공급면적":"--",
            "전용률":"--",
            "욕실수":100,
            "현관타입":100,
            "주거총점":55.0,
            "지역구공급총점":0.0,
            "역세권":"NA",
            "30분내 이동가능 거점":"NA",
            "1시간내 이동가능 거점":"NA",
            "교통총점":"NA",
            "백화점":0,
            "아울렛몰":0,
            "대형마트":80,
            "은행":0,
            "병원":60,
            "종합병원":100,
            "공원":100,
            "혐오시설":0,
            "인프라총점":41.0,
            "초등학군":95.93,
            "중학군":49.34,
            "학군총점":58.658,
            "인구수":30.97,
            "인구증감":5.75,
            "인구총점":23.404,
            "일자리":15.0,
            "소득수준":62.25,
            "일자리총점":29.175,
            "가치 총점":50.3145,
            "매매실거래년":20220106.0,
            "매매실거래가":22000.0,
            "전세실거래년":20220105.0,
            "전세실거래가":19000.0,
            "전세가율":86.36,
            "장기전세가율평균":78.74,
            "전세가율거품지수":-7.62,
            "검색코드":26895,
            "세대수":838.0,
            "준공년월":"2002-05-02",
            "준공년차":21.0,
            "가까운역이름":"NA",
            "가까운역거리":"NA",
            "역세권여부":"NA",
            "30분이내주요거점역":"NA",
            "1시간이내주요거점역":"NA",
            "3km이내백화점수":0,
            "5km이내아울렛몰수":0,
            "1km이내대형먀트수":1,
            "500m이내은행수":0,
            "500m이내병원수":24,
            "5km이내대형병원수":2,
            "500m이내공원수":8,
            "3km이내혐오시설수":0,
            "초등학교학업성취도":95.93,
            "중학교학업성취도":80.7,
            "용적률":173,
            "건폐율":15,
            "Y":37.850586,
            "X":127.742108,
            "rank":19.0,
            "area_info":"24평(79.39), 23평(79.27)",
            "last_sales":"2022-01-06,22000.0,24평(79.39)"
        },
        {
            "index":241,
            "아파트명":"중앙하이츠빌1단지",
            "투자타입":"일반",
            "전용면적(m2)":"109.67",
            "전용면적(평)":"33평",
            "법정동주소":"강원도 춘천시 퇴계동 1043",
            "도로명주소":"강원도 춘천시 영서로2141번길 33",
            "세대수":50,
            "입주년차":40,
            "용적률점수":"--",
            "건폐율점수":"--",
            "세대당주차수":30,
            "난방방식":30,
            "공급면적":"--",
            "전용률":"--",
            "욕실수":100,
            "현관타입":100,
            "주거총점":53.0,
            "지역구공급총점":0.0,
            "역세권":"NA",
            "30분내 이동가능 거점":"NA",
            "1시간내 이동가능 거점":"NA",
            "교통총점":"NA",
            "백화점":0,
            "아울렛몰":0,
            "대형마트":80,
            "은행":0,
            "병원":60,
            "종합병원":100,
            "공원":100,
            "혐오시설":0,
            "인프라총점":41.0,
            "초등학군":95.93,
            "중학군":49.34,
            "학군총점":58.658,
            "인구수":30.97,
            "인구증감":5.75,
            "인구총점":23.404,
            "일자리":15.0,
            "소득수준":62.25,
            "일자리총점":29.175,
            "가치 총점":49.6145,
            "매매실거래년":20211219.0,
            "매매실거래가":21500.0,
            "전세실거래년":20220110.0,
            "전세실거래가":24000.0,
            "전세가율":111.63,
            "장기전세가율평균":78.74,
            "전세가율거품지수":-32.89,
            "검색코드":19281,
            "세대수":420.0,
            "준공년월":"2006-10-27",
            "준공년차":17.0,
            "가까운역이름":"NA",
            "가까운역거리":"NA",
            "역세권여부":"NA",
            "30분이내주요거점역":"NA",
            "1시간이내주요거점역":"NA",
            "3km이내백화점수":0,
            "5km이내아울렛몰수":0,
            "1km이내대형먀트수":1,
            "500m이내은행수":1,
            "500m이내병원수":29,
            "5km이내대형병원수":2,
            "500m이내공원수":5,
            "3km이내혐오시설수":0,
            "초등학교학업성취도":95.93,
            "중학교학업성취도":80.7,
            "용적률":228,
            "건폐율":19,
            "Y":37.855015,
            "X":127.736217,
            "rank":20.0,
            "area_info":"33평(109.67), 45평(149.17), 47평(157.32)",
            "last_sales":"2021-12-19,21500.0,33평(109.67)"
        },
        {
            "index":227,
            "아파트명":"남춘천휴먼시아1단지",
            "투자타입":"일반",
            "전용면적(m2)":"125.96",
            "전용면적(평)":"38평",
            "법정동주소":"강원도 춘천시 퇴계동 1097",
            "도로명주소":"강원도 춘천시 남춘천새길 11",
            "세대수":50,
            "입주년차":60,
            "용적률점수":"--",
            "건폐율점수":"--",
            "세대당주차수":80,
            "난방방식":30,
            "공급면적":"--",
            "전용률":"--",
            "욕실수":100,
            "현관타입":100,
            "주거총점":64.5,
            "지역구공급총점":0.0,
            "역세권":"NA",
            "30분내 이동가능 거점":"NA",
            "1시간내 이동가능 거점":"NA",
            "교통총점":"NA",
            "백화점":0,
            "아울렛몰":0,
            "대형마트":0,
            "은행":20,
            "병원":60,
            "종합병원":100,
            "공원":100,
            "혐오시설":0,
            "인프라총점":31.0,
            "초등학군":99.31,
            "중학군":48.26,
            "학군총점":58.47,
            "인구수":30.97,
            "인구증감":5.75,
            "인구총점":23.404,
            "일자리":15.0,
            "소득수준":62.25,
            "일자리총점":29.175,
            "가치 총점":49.5925,
            "매매실거래년":20210930.0,
            "매매실거래가":47000.0,
            "전세실거래년":20191203.0,
            "전세실거래가":20000.0,
            "전세가율":54.05,
            "장기전세가율평균":78.74,
            "전세가율거품지수":24.69,
            "검색코드":102299,
            "세대수":470.0,
            "준공년월":"2011-08-31",
            "준공년차":12.0,
            "가까운역이름":"NA",
            "가까운역거리":"NA",
            "역세권여부":"NA",
            "30분이내주요거점역":"NA",
            "1시간이내주요거점역":"NA",
            "3km이내백화점수":0,
            "5km이내아울렛몰수":0,
            "1km이내대형먀트수":0,
            "500m이내은행수":2,
            "500m이내병원수":10,
            "5km이내대형병원수":2,
            "500m이내공원수":4,
            "3km이내혐오시설수":0,
            "초등학교학업성취도":99.31,
            "중학교학업성취도":77.7,
            "용적률":167,
            "건폐율":20,
            "Y":37.861712,
            "X":127.733488,
            "rank":21.0,
            "area_info":"38평(125.96), 38평(126.11), 45평(150.79), 45평(150.8), 45평(150.8), 50평(166.79), 50평(166.82)",
            "last_sales":"2021-09-30,47000.0,50평(166.82)"
        },
        {
            "index":299,
            "아파트명":"현진에버빌3차",
            "투자타입":"일반",
            "전용면적(m2)":"82.73",
            "전용면적(평)":"25평",
            "법정동주소":"강원도 춘천시 효자동 822",
            "도로명주소":"강원도 춘천시 춘천로 120",
            "세대수":50,
            "입주년차":80,
            "용적률점수":"--",
            "건폐율점수":"--",
            "세대당주차수":30,
            "난방방식":30,
            "공급면적":"--",
            "전용률":"--",
            "욕실수":100,
            "현관타입":100,
            "주거총점":61.0,
            "지역구공급총점":0.0,
            "역세권":"NA",
            "30분내 이동가능 거점":"NA",
            "1시간내 이동가능 거점":"NA",
            "교통총점":"NA",
            "백화점":0,
            "아울렛몰":0,
            "대형마트":80,
            "은행":0,
            "병원":30,
            "종합병원":100,
            "공원":100,
            "혐오시설":0,
            "인프라총점":38.0,
            "초등학군":80.97,
            "중학군":44.34,
            "학군총점":51.666,
            "인구수":30.97,
            "인구증감":5.75,
            "인구총점":23.404,
            "일자리":15.0,
            "소득수준":62.25,
            "일자리총점":29.175,
            "가치 총점":49.4665,
            "매매실거래년":20220114.0,
            "매매실거래가":48000.0,
            "전세실거래년":20200205.0,
            "전세실거래가":19000.0,
            "전세가율":79.83,
            "장기전세가율평균":78.74,
            "전세가율거품지수":-1.09,
            "검색코드":105094,
            "세대수":641.0,
            "준공년월":"2014-10-30",
            "준공년차":9.0,
            "가까운역이름":"NA",
            "가까운역거리":"NA",
            "역세권여부":"NA",
            "30분이내주요거점역":"NA",
            "1시간이내주요거점역":"NA",
            "3km이내백화점수":0,
            "5km이내아울렛몰수":0,
            "1km이내대형먀트수":1,
            "500m이내은행수":0,
            "500m이내병원수":5,
            "5km이내대형병원수":2,
            "500m이내공원수":6,
            "3km이내혐오시설수":0,
            "초등학교학업성취도":80.97,
            "중학교학업성취도":72.1,
            "용적률":254,
            "건폐율":19,
            "Y":37.87385,
            "X":127.729932,
            "rank":22.0,
            "area_info":"25평(82.73), 34평(112.89), 34평(112.88), 39평(129.6), 45평(150.85)",
            "last_sales":"2022-01-14,48000.0,45평(150.85)"
        },
        {
            "index":266,
            "아파트명":"퇴계주공2단지",
            "투자타입":"일반",
            "전용면적(m2)":"67.22",
            "전용면적(평)":"20평",
            "법정동주소":"강원도 춘천시 퇴계동 983",
            "도로명주소":"강원도 춘천시 퇴계로 168",
            "세대수":90,
            "입주년차":20,
            "용적률점수":"--",
            "건폐율점수":"--",
            "세대당주차수":0,
            "난방방식":30,
            "공급면적":"--",
            "전용률":"--",
            "욕실수":50,
            "현관타입":10,
            "주거총점":44.5,
            "지역구공급총점":0.0,
            "역세권":"NA",
            "30분내 이동가능 거점":"NA",
            "1시간내 이동가능 거점":"NA",
            "교통총점":"NA",
            "백화점":0,
            "아울렛몰":0,
            "대형마트":80,
            "은행":70,
            "병원":60,
            "종합병원":100,
            "공원":100,
            "혐오시설":0,
            "인프라총점":48.0,
            "초등학군":91.93,
            "중학군":48.26,
            "학군총점":56.994,
            "인구수":30.97,
            "인구증감":5.75,
            "인구총점":23.404,
            "일자리":15.0,
            "소득수준":62.25,
            "일자리총점":29.175,
            "가치 총점":49.0235,
            "매매실거래년":20220106.0,
            "매매실거래가":12000.0,
            "전세실거래년":20220114.0,
            "전세실거래가":13000.0,
            "전세가율":89.66,
            "장기전세가율평균":78.74,
            "전세가율거품지수":-10.92,
            "검색코드":6625,
            "세대수":1303.0,
            "준공년월":"1999-08-19",
            "준공년차":24.0,
            "가까운역이름":"NA",
            "가까운역거리":"NA",
            "역세권여부":"NA",
            "30분이내주요거점역":"NA",
            "1시간이내주요거점역":"NA",
            "3km이내백화점수":0,
            "5km이내아울렛몰수":0,
            "1km이내대형먀트수":1,
            "500m이내은행수":3,
            "500m이내병원수":22,
            "5km이내대형병원수":2,
            "500m이내공원수":6,
            "3km이내혐오시설수":0,
            "초등학교학업성취도":91.93,
            "중학교학업성취도":77.7,
            "용적률":208,
            "건폐율":18,
            "Y":37.858213,
            "X":127.736103,
            "rank":23.0,
            "area_info":"20평(67.22), 20평(67.45), 24평(81.27), 24평(81.27)",
            "last_sales":"2022-01-06,12000.0,24평(81.27)"
        },
        {
            "index":119,
            "아파트명":"현대3차",
            "투자타입":"일반",
            "전용면적(m2)":"119.21",
            "전용면적(평)":"36평",
            "법정동주소":"강원도 춘천시 석사동 813",
            "도로명주소":"강원도 춘천시 퇴계로 220-20",
            "세대수":50,
            "입주년차":0,
            "용적률점수":"--",
            "건폐율점수":"--",
            "세대당주차수":60,
            "난방방식":30,
            "공급면적":"--",
            "전용률":"--",
            "욕실수":100,
            "현관타입":100,
            "주거총점":49.5,
            "지역구공급총점":0.0,
            "역세권":"NA",
            "30분내 이동가능 거점":"NA",
            "1시간내 이동가능 거점":"NA",
            "교통총점":"NA",
            "백화점":0,
            "아울렛몰":0,
            "대형마트":80,
            "은행":0,
            "병원":80,
            "종합병원":100,
            "공원":100,
            "혐오시설":0,
            "인프라총점":43.0,
            "초등학군":91.93,
            "중학군":49.34,
            "학군총점":57.858,
            "인구수":30.97,
            "인구증감":5.75,
            "인구총점":23.404,
            "일자리":15.0,
            "소득수준":62.25,
            "일자리총점":29.175,
            "가치 총점":48.9895,
            "매매실거래년":20220111.0,
            "매매실거래가":33500.0,
            "전세실거래년":20211216.0,
            "전세실거래가":24000.0,
            "전세가율":89.55,
            "장기전세가율평균":78.74,
            "전세가율거품지수":-10.81,
            "검색코드":6559,
            "세대수":560.0,
            "준공년월":"1998-12-08",
            "준공년차":25.0,
            "가까운역이름":"NA",
            "가까운역거리":"NA",
            "역세권여부":"NA",
            "30분이내주요거점역":"NA",
            "1시간이내주요거점역":"NA",
            "3km이내백화점수":0,
            "5km이내아울렛몰수":0,
            "1km이내대형먀트수":1,
            "500m이내은행수":1,
            "500m이내병원수":30,
            "5km이내대형병원수":2,
            "500m이내공원수":7,
            "3km이내혐오시설수":0,
            "초등학교학업성취도":91.93,
            "중학교학업성취도":80.7,
            "용적률":228,
            "건폐율":21,
            "Y":37.855764,
            "X":127.740692,
            "rank":24.0,
            "area_info":"36평(119.21), 36평(119.19), 48평(161.03), 65평(218.12)",
            "last_sales":"2022-01-11,33500.0,48평(161.03)"
        },
        {
            "index":24,
            "아파트명":"호반베르디움",
            "투자타입":"일반",
            "전용면적(m2)":"114.74",
            "전용면적(평)":"34평",
            "법정동주소":"강원도 춘천시 동내면 거두리 1065",
            "도로명주소":"강원도 춘천시 외솔길19번길 80-7",
            "세대수":50,
            "입주년차":60,
            "용적률점수":"--",
            "건폐율점수":"--",
            "세대당주차수":60,
            "난방방식":30,
            "공급면적":"--",
            "전용률":"--",
            "욕실수":100,
            "현관타입":100,
            "주거총점":61.5,
            "지역구공급총점":0.0,
            "역세권":"NA",
            "30분내 이동가능 거점":"NA",
            "1시간내 이동가능 거점":"NA",
            "교통총점":"NA",
            "백화점":0,
            "아울렛몰":0,
            "대형마트":80,
            "은행":0,
            "병원":0,
            "종합병원":100,
            "공원":100,
            "혐오시설":0,
            "인프라총점":35.0,
            "초등학군":87.36,
            "중학군":44.98,
            "학군총점":53.456,
            "인구수":30.97,
            "인구증감":5.75,
            "인구총점":23.404,
            "일자리":15.0,
            "소득수준":62.25,
            "일자리총점":29.175,
            "가치 총점":48.889,
            "매매실거래년":20211224.0,
            "매매실거래가":31200.0,
            "전세실거래년":20210125.0,
            "전세실거래가":20000.0,
            "전세가율":64.1,
            "장기전세가율평균":78.74,
            "전세가율거품지수":14.64,
            "검색코드":100234,
            "세대수":420.0,
            "준공년월":"2009-07-24",
            "준공년차":14.0,
            "가까운역이름":"NA",
            "가까운역거리":"NA",
            "역세권여부":"NA",
            "30분이내주요거점역":"NA",
            "1시간이내주요거점역":"NA",
            "3km이내백화점수":0,
            "5km이내아울렛몰수":0,
            "1km이내대형먀트수":1,
            "500m이내은행수":0,
            "500m이내병원수":0,
            "5km이내대형병원수":2,
            "500m이내공원수":2,
            "3km이내혐오시설수":0,
            "초등학교학업성취도":87.36,
            "중학교학업성취도":74.3,
            "용적률":219,
            "건폐율":21,
            "Y":37.858426,
            "X":127.759468,
            "rank":25.0,
            "area_info":"34평(114.74), 34평(114.58), 48평(159.66)",
            "last_sales":"2021-12-24,31200.0,34평(114.74)"
        },
        {
            "index":111,
            "아파트명":"퇴계주공3단지",
            "투자타입":"일반",
            "전용면적(m2)":"105.72",
            "전용면적(평)":"31평",
            "법정동주소":"강원도 춘천시 석사동 820",
            "도로명주소":"강원도 춘천시 퇴계로 220-19",
            "세대수":50,
            "입주년차":20,
            "용적률점수":"--",
            "건폐율점수":"--",
            "세대당주차수":30,
            "난방방식":30,
            "공급면적":"--",
            "전용률":"--",
            "욕실수":100,
            "현관타입":100,
            "주거총점":49.0,
            "지역구공급총점":0.0,
            "역세권":"NA",
            "30분내 이동가능 거점":"NA",
            "1시간내 이동가능 거점":"NA",
            "교통총점":"NA",
            "백화점":0,
            "아울렛몰":0,
            "대형마트":80,
            "은행":0,
            "병원":80,
            "종합병원":100,
            "공원":100,
            "혐오시설":0,
            "인프라총점":43.0,
            "초등학군":91.93,
            "중학군":49.34,
            "학군총점":57.858,
            "인구수":30.97,
            "인구증감":5.75,
            "인구총점":23.404,
            "일자리":15.0,
            "소득수준":62.25,
            "일자리총점":29.175,
            "가치 총점":48.8145,
            "매매실거래년":20211229.0,
            "매매실거래가":23500.0,
            "전세실거래년":20211002.0,
            "전세실거래가":14000.0,
            "전세가율":65.73,
            "장기전세가율평균":78.74,
            "전세가율거품지수":13.01,
            "검색코드":9648,
            "세대수":456.0,
            "준공년월":"1999-11-12",
            "준공년차":24.0,
            "가까운역이름":"NA",
            "가까운역거리":"NA",
            "역세권여부":"NA",
            "30분이내주요거점역":"NA",
            "1시간이내주요거점역":"NA",
            "3km이내백화점수":0,
            "5km이내아울렛몰수":0,
            "1km이내대형먀트수":1,
            "500m이내은행수":1,
            "500m이내병원수":41,
            "5km이내대형병원수":2,
            "500m이내공원수":7,
            "3km이내혐오시설수":0,
            "초등학교학업성취도":91.93,
            "중학교학업성취도":80.7,
            "용적률":214,
            "건폐율":20,
            "Y":37.855273,
            "X":127.743012,
            "rank":26.0,
            "area_info":"31평(105.72), 31평(105.58), 31평(105.68)",
            "last_sales":"2021-12-29,23500.0,31평(105.58)"
        },
        {
            "index":104,
            "아파트명":"석사현진에버빌1차",
            "투자타입":"일반",
            "전용면적(m2)":"113.75",
            "전용면적(평)":"34평",
            "법정동주소":"강원도 춘천시 석사동 893",
            "도로명주소":"강원도 춘천시 지석로 97",
            "세대수":80,
            "입주년차":40,
            "용적률점수":"--",
            "건폐율점수":"--",
            "세대당주차수":30,
            "난방방식":30,
            "공급면적":"--",
            "전용률":"--",
            "욕실수":100,
            "현관타입":100,
            "주거총점":63.5,
            "지역구공급총점":0.0,
            "역세권":"NA",
            "30분내 이동가능 거점":"NA",
            "1시간내 이동가능 거점":"NA",
            "교통총점":"NA",
            "백화점":0,
            "아울렛몰":0,
            "대형마트":0,
            "은행":0,
            "병원":60,
            "종합병원":100,
            "공원":100,
            "혐오시설":0,
            "인프라총점":29.0,
            "초등학군":93.11,
            "중학군":49.34,
            "학군총점":58.094,
            "인구수":30.97,
            "인구증감":5.75,
            "인구총점":23.404,
            "일자리":15.0,
            "소득수준":62.25,
            "일자리총점":29.175,
            "가치 총점":48.3485,
            "매매실거래년":20211225.0,
            "매매실거래가":31000.0,
            "전세실거래년":20220114.0,
            "전세실거래가":27500.0,
            "전세가율":88.71,
            "장기전세가율평균":78.74,
            "전세가율거품지수":-9.97,
            "검색코드":12885,
            "세대수":720.0,
            "준공년월":"2004-07-28",
            "준공년차":19.0,
            "가까운역이름":"NA",
            "가까운역거리":"NA",
            "역세권여부":"NA",
            "30분이내주요거점역":"NA",
            "1시간이내주요거점역":"NA",
            "3km이내백화점수":0,
            "5km이내아울렛몰수":0,
            "1km이내대형먀트수":0,
            "500m이내은행수":0,
            "500m이내병원수":25,
            "5km이내대형병원수":2,
            "500m이내공원수":7,
            "3km이내혐오시설수":0,
            "초등학교학업성취도":93.11,
            "중학교학업성취도":80.7,
            "용적률":209,
            "건폐율":18,
            "Y":37.851479,
            "X":127.746945,
            "rank":27.0,
            "area_info":"34평(113.75), 37평(122.39), 45평(151.0), 56평(186.01)",
            "last_sales":"2021-12-25,31000.0,34평(113.75)"
        },
        {
            "index":225,
            "아파트명":"그린타운",
            "투자타입":"일반",
            "전용면적(m2)":"119.82",
            "전용면적(평)":"36평",
            "법정동주소":"강원도 춘천시 퇴계동 916-3",
            "도로명주소":"강원도 춘천시 춘주로 174",
            "세대수":50,
            "입주년차":0,
            "용적률점수":"--",
            "건폐율점수":"--",
            "세대당주차수":30,
            "난방방식":80,
            "공급면적":"--",
            "전용률":"--",
            "욕실수":100,
            "현관타입":100,
            "주거총점":50.0,
            "지역구공급총점":0.0,
            "역세권":"NA",
            "30분내 이동가능 거점":"NA",
            "1시간내 이동가능 거점":"NA",
            "교통총점":"NA",
            "백화점":0,
            "아울렛몰":0,
            "대형마트":80,
            "은행":0,
            "병원":60,
            "종합병원":100,
            "공원":80,
            "혐오시설":0,
            "인프라총점":40.4,
            "초등학군":99.31,
            "중학군":47.94,
            "학군총점":58.214,
            "인구수":30.97,
            "인구증감":5.75,
            "인구총점":23.404,
            "일자리":15.0,
            "소득수준":62.25,
            "일자리총점":29.175,
            "가치 총점":48.2135,
            "매매실거래년":20220103.0,
            "매매실거래가":21000.0,
            "전세실거래년":20220108.0,
            "전세실거래가":15500.0,
            "전세가율":73.81,
            "장기전세가율평균":78.74,
            "전세가율거품지수":4.93,
            "검색코드":6614,
            "세대수":620.0,
            "준공년월":"1994-11-21",
            "준공년차":29.0,
            "가까운역이름":"NA",
            "가까운역거리":"NA",
            "역세권여부":"NA",
            "30분이내주요거점역":"NA",
            "1시간이내주요거점역":"NA",
            "3km이내백화점수":0,
            "5km이내아울렛몰수":0,
            "1km이내대형먀트수":1,
            "500m이내은행수":0,
            "500m이내병원수":15,
            "5km이내대형병원수":2,
            "500m이내공원수":1,
            "3km이내혐오시설수":0,
            "초등학교학업성취도":99.31,
            "중학교학업성취도":77.9,
            "용적률":216,
            "건폐율":19,
            "Y":37.857582,
            "X":127.727935,
            "rank":28.0,
            "area_info":"36평(119.82), 46평(154.43)",
            "last_sales":"2022-01-03,21000.0,36평(119.82)"
        },
        {
            "index":248,
            "아파트명":"춘천퇴계세영리첼",
            "투자타입":"일반",
            "전용면적(m2)":"97.5",
            "전용면적(평)":"29평",
            "법정동주소":"강원도 춘천시 퇴계동 1235",
            "도로명주소":"강원도 춘천시 김유정로 1866",
            "세대수":0,
            "입주년차":80,
            "용적률점수":"--",
            "건폐율점수":"--",
            "세대당주차수":60,
            "난방방식":30,
            "공급면적":"--",
            "전용률":"--",
            "욕실수":100,
            "현관타입":100,
            "주거총점":48.0,
            "지역구공급총점":0.0,
            "역세권":"NA",
            "30분내 이동가능 거점":"NA",
            "1시간내 이동가능 거점":"NA",
            "교통총점":"NA",
            "백화점":0,
            "아울렛몰":0,
            "대형마트":80,
            "은행":0,
            "병원":60,
            "종합병원":100,
            "공원":100,
            "혐오시설":0,
            "인프라총점":41.0,
            "초등학군":95.93,
            "중학군":49.34,
            "학군총점":58.658,
            "인구수":30.97,
            "인구증감":5.75,
            "인구총점":23.404,
            "일자리":15.0,
            "소득수준":62.25,
            "일자리총점":29.175,
            "가치 총점":47.8645,
            "매매실거래년":20211216.0,
            "매매실거래가":28000.0,
            "전세실거래년":20211215.0,
            "전세실거래가":25000.0,
            "전세가율":89.29,
            "장기전세가율평균":78.74,
            "전세가율거품지수":-10.55,
            "검색코드":112709,
            "세대수":168.0,
            "준공년월":"2018-05-16",
            "준공년차":5.0,
            "가까운역이름":"NA",
            "가까운역거리":"NA",
            "역세권여부":"NA",
            "30분이내주요거점역":"NA",
            "1시간이내주요거점역":"NA",
            "3km이내백화점수":0,
            "5km이내아울렛몰수":0,
            "1km이내대형먀트수":1,
            "500m이내은행수":0,
            "500m이내병원수":18,
            "5km이내대형병원수":2,
            "500m이내공원수":3,
            "3km이내혐오시설수":0,
            "초등학교학업성취도":95.93,
            "중학교학업성취도":80.7,
            "용적률":244,
            "건폐율":22,
            "Y":37.853189,
            "X":127.735747,
            "rank":29.0,
            "area_info":"29평(97.5), 29평(97.5)",
            "last_sales":"2021-12-16,28000.0,29평(97.5)"
        },
        {
            "index":191,
            "아파트명":"롯데인벤스",
            "투자타입":"일반",
            "전용면적(m2)":"96.23",
            "전용면적(평)":"29평",
            "법정동주소":"강원도 춘천시 우두동 1080",
            "도로명주소":"강원도 춘천시 충열로 29",
            "세대수":80,
            "입주년차":40,
            "용적률점수":"--",
            "건폐율점수":"--",
            "세대당주차수":60,
            "난방방식":30,
            "공급면적":"--",
            "전용률":"--",
            "욕실수":100,
            "현관타입":100,
            "주거총점":68.0,
            "지역구공급총점":0.0,
            "역세권":"NA",
            "30분내 이동가능 거점":"NA",
            "1시간내 이동가능 거점":"NA",
            "교통총점":"NA",
            "백화점":0,
            "아울렛몰":0,
            "대형마트":0,
            "은행":0,
            "병원":30,
            "종합병원":100,
            "공원":100,
            "혐오시설":0,
            "인프라총점":26.0,
            "초등학군":94.89,
            "중학군":41.52,
            "학군총점":52.194,
            "인구수":30.97,
            "인구증감":5.75,
            "인구총점":23.404,
            "일자리":15.0,
            "소득수준":62.25,
            "일자리총점":29.175,
            "가치 총점":47.2485,
            "매매실거래년":20220111.0,
            "매매실거래가":25000.0,
            "전세실거래년":20211019.0,
            "전세실거래가":19000.0,
            "전세가율":76.0,
            "장기전세가율평균":78.74,
            "전세가율거품지수":2.74,
            "검색코드":17335,
            "세대수":704.0,
            "준공년월":"2006-02-28",
            "준공년차":17.0,
            "가까운역이름":"NA",
            "가까운역거리":"NA",
            "역세권여부":"NA",
            "30분이내주요거점역":"NA",
            "1시간이내주요거점역":"NA",
            "3km이내백화점수":0,
            "5km이내아울렛몰수":0,
            "1km이내대형먀트수":0,
            "500m이내은행수":0,
            "500m이내병원수":8,
            "5km이내대형병원수":2,
            "500m이내공원수":2,
            "3km이내혐오시설수":0,
            "초등학교학업성취도":94.89,
            "중학교학업성취도":67.8,
            "용적률":239,
            "건폐율":21,
            "Y":37.900677,
            "X":127.731529,
            "rank":30.0,
            "area_info":"29평(96.23), 34평(114.06), 47평(155.96), 49평(165.18), 56평(187.05), 67평(222.61)",
            "last_sales":"2022-01-11,25000.0,29평(96.23)"
        },
        {
            "index":246,
            "아파트명":"중앙하이츠빌3단지",
            "투자타입":"일반",
            "전용면적(m2)":"111.12",
            "전용면적(평)":"33평",
            "법정동주소":"강원도 춘천시 퇴계동 1133",
            "도로명주소":"강원도 춘천시 지석로 10",
            "세대수":30,
            "입주년차":40,
            "용적률점수":"--",
            "건폐율점수":"--",
            "세대당주차수":30,
            "난방방식":30,
            "공급면적":"--",
            "전용률":"--",
            "욕실수":100,
            "현관타입":100,
            "주거총점":46.0,
            "지역구공급총점":0.0,
            "역세권":"NA",
            "30분내 이동가능 거점":"NA",
            "1시간내 이동가능 거점":"NA",
            "교통총점":"NA",
            "백화점":0,
            "아울렛몰":0,
            "대형마트":80,
            "은행":0,
            "병원":60,
            "종합병원":100,
            "공원":100,
            "혐오시설":0,
            "인프라총점":41.0,
            "초등학군":95.93,
            "중학군":49.34,
            "학군총점":58.658,
            "인구수":30.97,
            "인구증감":5.75,
            "인구총점":23.404,
            "일자리":15.0,
            "소득수준":62.25,
            "일자리총점":29.175,
            "가치 총점":47.1645,
            "매매실거래년":20211224.0,
            "매매실거래가":34000.0,
            "전세실거래년":20210625.0,
            "전세실거래가":29000.0,
            "전세가율":93.55,
            "장기전세가율평균":78.74,
            "전세가율거품지수":-14.81,
            "검색코드":24996,
            "세대수":327.0,
            "준공년월":"2008-09-01",
            "준공년차":15.0,
            "가까운역이름":"NA",
            "가까운역거리":"NA",
            "역세권여부":"NA",
            "30분이내주요거점역":"NA",
            "1시간이내주요거점역":"NA",
            "3km이내백화점수":0,
            "5km이내아울렛몰수":0,
            "1km이내대형먀트수":1,
            "500m이내은행수":0,
            "500m이내병원수":20,
            "5km이내대형병원수":2,
            "500m이내공원수":3,
            "3km이내혐오시설수":0,
            "초등학교학업성취도":95.93,
            "중학교학업성취도":80.7,
            "용적률":224,
            "건폐율":18,
            "Y":37.852979,
            "X":127.736588,
            "rank":31.0,
            "area_info":"33평(111.12), 38평(128.78)",
            "last_sales":"2021-12-24,34000.0,38평(128.78)"
        },
        {
            "index":281,
            "아파트명":"현대2차",
            "투자타입":"일반",
            "전용면적(m2)":"56.52",
            "전용면적(평)":"17평",
            "법정동주소":"강원도 춘천시 퇴계동 916",
            "도로명주소":"강원도 춘천시 행촌로 14",
            "세대수":90,
            "입주년차":0,
            "용적률점수":"--",
            "건폐율점수":"--",
            "세대당주차수":0,
            "난방방식":80,
            "공급면적":"--",
            "전용률":"--",
            "욕실수":50,
            "현관타입":10,
            "주거총점":45.5,
            "지역구공급총점":0.0,
            "역세권":"NA",
            "30분내 이동가능 거점":"NA",
            "1시간내 이동가능 거점":"NA",
            "교통총점":"NA",
            "백화점":0,
            "아울렛몰":0,
            "대형마트":80,
            "은행":0,
            "병원":60,
            "종합병원":100,
            "공원":100,
            "혐오시설":0,
            "인프라총점":41.0,
            "초등학군":99.31,
            "중학군":47.94,
            "학군총점":58.214,
            "인구수":30.97,
            "인구증감":5.75,
            "인구총점":23.404,
            "일자리":15.0,
            "소득수준":62.25,
            "일자리총점":29.175,
            "가치 총점":46.8785,
            "매매실거래년":20220109.0,
            "매매실거래가":17000.0,
            "전세실거래년":20220101.0,
            "전세실거래가":9000.0,
            "전세가율":85.71,
            "장기전세가율평균":78.74,
            "전세가율거품지수":-6.97,
            "검색코드":6652,
            "세대수":1049.0,
            "준공년월":"1994-12-14",
            "준공년차":29.0,
            "가까운역이름":"NA",
            "가까운역거리":"NA",
            "역세권여부":"NA",
            "30분이내주요거점역":"NA",
            "1시간이내주요거점역":"NA",
            "3km이내백화점수":0,
            "5km이내아울렛몰수":0,
            "1km이내대형먀트수":1,
            "500m이내은행수":0,
            "500m이내병원수":10,
            "5km이내대형병원수":2,
            "500m이내공원수":5,
            "3km이내혐오시설수":0,
            "초등학교학업성취도":99.31,
            "중학교학업성취도":77.9,
            "용적률":253,
            "건폐율":20,
            "Y":37.858122,
            "X":127.723626,
            "rank":32.0,
            "area_info":"17평(56.52), 23평(78.18), 23평(78.1)",
            "last_sales":"2022-01-09,17000.0,23평(78.18)"
        },
        {
            "index":38,
            "아파트명":"춘천두산위브",
            "투자타입":"일반",
            "전용면적(m2)":"107.57",
            "전용면적(평)":"32평",
            "법정동주소":"강원도 춘천시 동면 장학리  981",
            "도로명주소":"강원도 춘천시 삭주로 231",
            "세대수":50,
            "입주년차":40,
            "용적률점수":"--",
            "건폐율점수":"--",
            "세대당주차수":30,
            "난방방식":30,
            "공급면적":"--",
            "전용률":"--",
            "욕실수":100,
            "현관타입":100,
            "주거총점":53.0,
            "지역구공급총점":0.0,
            "역세권":"NA",
            "30분내 이동가능 거점":"NA",
            "1시간내 이동가능 거점":"NA",
            "교통총점":"NA",
            "백화점":0,
            "아울렛몰":0,
            "대형마트":80,
            "은행":0,
            "병원":10,
            "종합병원":100,
            "공원":100,
            "혐오시설":0,
            "인프라총점":36.0,
            "초등학군":87.06,
            "중학군":44.96,
            "학군총점":53.38,
            "인구수":30.97,
            "인구증감":5.75,
            "인구총점":23.404,
            "일자리":15.0,
            "소득수준":62.25,
            "일자리총점":29.175,
            "가치 총점":46.295,
            "매매실거래년":20220104.0,
            "매매실거래가":35000.0,
            "전세실거래년":20210710.0,
            "전세실거래가":21000.0,
            "전세가율":82.68,
            "장기전세가율평균":78.74,
            "전세가율거품지수":-3.94,
            "검색코드":24183,
            "세대수":677.0,
            "준공년월":"2008-12-30",
            "준공년차":15.0,
            "가까운역이름":"NA",
            "가까운역거리":"NA",
            "역세권여부":"NA",
            "30분이내주요거점역":"NA",
            "1시간이내주요거점역":"NA",
            "3km이내백화점수":0,
            "5km이내아울렛몰수":0,
            "1km이내대형먀트수":1,
            "500m이내은행수":0,
            "500m이내병원수":3,
            "5km이내대형병원수":2,
            "500m이내공원수":3,
            "3km이내혐오시설수":0,
            "초등학교학업성취도":87.06,
            "중학교학업성취도":73.2,
            "용적률":244,
            "건폐율":21,
            "Y":37.888773,
            "X":127.755663,
            "rank":33.0,
            "area_info":"32평(107.57), 32평(107.5), 32평(108.73), 44평(146.16), 60평(201.37)",
            "last_sales":"2022-01-04,35000.0,44평(146.16)"
        },
        {
            "index":185,
            "아파트명":"강변코아루",
            "투자타입":"일반",
            "전용면적(m2)":"108.67",
            "전용면적(평)":"32평",
            "법정동주소":"강원도 춘천시 우두동 1082",
            "도로명주소":"강원도 춘천시 새청말길 26",
            "세대수":80,
            "입주년차":40,
            "용적률점수":"--",
            "건폐율점수":"--",
            "세대당주차수":60,
            "난방방식":30,
            "공급면적":"--",
            "전용률":"--",
            "욕실수":100,
            "현관타입":100,
            "주거총점":68.0,
            "지역구공급총점":0.0,
            "역세권":"NA",
            "30분내 이동가능 거점":"NA",
            "1시간내 이동가능 거점":"NA",
            "교통총점":"NA",
            "백화점":0,
            "아울렛몰":0,
            "대형마트":0,
            "은행":0,
            "병원":10,
            "종합병원":100,
            "공원":80,
            "혐오시설":0,
            "인프라총점":23.4,
            "초등학군":94.89,
            "중학군":41.52,
            "학군총점":52.194,
            "인구수":30.97,
            "인구증감":5.75,
            "인구총점":23.404,
            "일자리":15.0,
            "소득수준":62.25,
            "일자리총점":29.175,
            "가치 총점":46.2085,
            "매매실거래년":20211125.0,
            "매매실거래가":41000.0,
            "전세실거래년":20200719.0,
            "전세실거래가":15000.0,
            "전세가율":70.42,
            "장기전세가율평균":78.74,
            "전세가율거품지수":8.32,
            "검색코드":19691,
            "세대수":803.0,
            "준공년월":"2007-02-21",
            "준공년차":16.0,
            "가까운역이름":"NA",
            "가까운역거리":"NA",
            "역세권여부":"NA",
            "30분이내주요거점역":"NA",
            "1시간이내주요거점역":"NA",
            "3km이내백화점수":0,
            "5km이내아울렛몰수":0,
            "1km이내대형먀트수":0,
            "500m이내은행수":0,
            "500m이내병원수":3,
            "5km이내대형병원수":2,
            "500m이내공원수":1,
            "3km이내혐오시설수":0,
            "초등학교학업성취도":94.89,
            "중학교학업성취도":67.8,
            "용적률":203,
            "건폐율":22,
            "Y":37.897437,
            "X":127.737044,
            "rank":34.0,
            "area_info":"32평(108.67), 36평(120.08), 48평(160.25), 56평(185.91)",
            "last_sales":"2021-11-25,41000.0,56평(185.91)"
        },
        {
            "index":285,
            "아파트명":"휴먼시아남춘천2단지",
            "투자타입":"일반",
            "전용면적(m2)":"112.89",
            "전용면적(평)":"34평",
            "법정동주소":"강원도 춘천시 퇴계동 1131",
            "도로명주소":"강원도 춘천시 퇴계로 128",
            "세대수":30,
            "입주년차":60,
            "용적률점수":"--",
            "건폐율점수":"--",
            "세대당주차수":60,
            "난방방식":30,
            "공급면적":"--",
            "전용률":"--",
            "욕실수":100,
            "현관타입":100,
            "주거총점":54.5,
            "지역구공급총점":0.0,
            "역세권":"NA",
            "30분내 이동가능 거점":"NA",
            "1시간내 이동가능 거점":"NA",
            "교통총점":"NA",
            "백화점":0,
            "아울렛몰":0,
            "대형마트":0,
            "은행":20,
            "병원":60,
            "종합병원":100,
            "공원":100,
            "혐오시설":0,
            "인프라총점":31.0,
            "초등학군":99.31,
            "중학군":48.26,
            "학군총점":58.47,
            "인구수":30.97,
            "인구증감":5.75,
            "인구총점":23.404,
            "일자리":15.0,
            "소득수준":62.25,
            "일자리총점":29.175,
            "가치 총점":46.0925,
            "매매실거래년":20211215.0,
            "매매실거래가":31500.0,
            "전세실거래년":20211218.0,
            "전세실거래가":24000.0,
            "전세가율":76.19,
            "장기전세가율평균":78.74,
            "전세가율거품지수":2.55,
            "검색코드":101708,
            "세대수":356.0,
            "준공년월":"2010-07-19",
            "준공년차":13.0,
            "가까운역이름":"NA",
            "가까운역거리":"NA",
            "역세권여부":"NA",
            "30분이내주요거점역":"NA",
            "1시간이내주요거점역":"NA",
            "3km이내백화점수":0,
            "5km이내아울렛몰수":0,
            "1km이내대형먀트수":0,
            "500m이내은행수":2,
            "500m이내병원수":10,
            "5km이내대형병원수":2,
            "500m이내공원수":5,
            "3km이내혐오시설수":0,
            "초등학교학업성취도":99.31,
            "중학교학업성취도":77.7,
            "용적률":185,
            "건폐율":17,
            "Y":37.859793,
            "X":127.73345,
            "rank":35.0,
            "area_info":"34평(112.89), 34평(112.89), 34평(113.95), 34평(113.69), 34평(113.69), 34평(113.95)",
            "last_sales":"2021-12-15,31500.0,34평(112.89)"
        },
        {
            "index":79,
            "아파트명":"그랜드",
            "투자타입":"일반",
            "전용면적(m2)":"98.95",
            "전용면적(평)":"29평",
            "법정동주소":"강원도 춘천시 석사동 722-2",
            "도로명주소":"강원도 춘천시 우석로101번길 20",
            "세대수":50,
            "입주년차":0,
            "용적률점수":"--",
            "건폐율점수":"--",
            "세대당주차수":30,
            "난방방식":80,
            "공급면적":"--",
            "전용률":"--",
            "욕실수":100,
            "현관타입":100,
            "주거총점":50.0,
            "지역구공급총점":0.0,
            "역세권":"NA",
            "30분내 이동가능 거점":"NA",
            "1시간내 이동가능 거점":"NA",
            "교통총점":"NA",
            "백화점":0,
            "아울렛몰":0,
            "대형마트":80,
            "은행":0,
            "병원":30,
            "종합병원":100,
            "공원":100,
            "혐오시설":0,
            "인프라총점":38.0,
            "초등학군":87.04,
            "중학군":44.98,
            "학군총점":53.392,
            "인구수":30.97,
            "인구증감":5.75,
            "인구총점":23.404,
            "일자리":15.0,
            "소득수준":62.25,
            "일자리총점":29.175,
            "가치 총점":46.048,
            "매매실거래년":20220110.0,
            "매매실거래가":18000.0,
            "전세실거래년":20211223.0,
            "전세실거래가":15000.0,
            "전세가율":83.33,
            "장기전세가율평균":78.74,
            "전세가율거품지수":-4.59,
            "검색코드":6539,
            "세대수":565.0,
            "준공년월":"1998-12-01",
            "준공년차":25.0,
            "가까운역이름":"NA",
            "가까운역거리":"NA",
            "역세권여부":"NA",
            "30분이내주요거점역":"NA",
            "1시간이내주요거점역":"NA",
            "3km이내백화점수":0,
            "5km이내아울렛몰수":0,
            "1km이내대형먀트수":1,
            "500m이내은행수":0,
            "500m이내병원수":7,
            "5km이내대형병원수":2,
            "500m이내공원수":5,
            "3km이내혐오시설수":0,
            "초등학교학업성취도":87.04,
            "중학교학업성취도":74.3,
            "용적률":200,
            "건폐율":23,
            "Y":37.866827,
            "X":127.756917,
            "rank":36.0,
            "area_info":"29평(98.95), 33평(109.55)",
            "last_sales":"2022-01-10,18000.0,29평(98.95)"
        },
        {
            "index":250,
            "아파트명":"퇴계금호타운",
            "투자타입":"일반",
            "전용면적(m2)":"72.54",
            "전용면적(평)":"21평",
            "법정동주소":"강원도 춘천시 퇴계동 945",
            "도로명주소":"강원도 춘천시 안마산로 214",
            "세대수":80,
            "입주년차":0,
            "용적률점수":"--",
            "건폐율점수":"--",
            "세대당주차수":0,
            "난방방식":30,
            "공급면적":"--",
            "전용률":"--",
            "욕실수":50,
            "현관타입":100,
            "주거총점":46.0,
            "지역구공급총점":0.0,
            "역세권":"NA",
            "30분내 이동가능 거점":"NA",
            "1시간내 이동가능 거점":"NA",
            "교통총점":"NA",
            "백화점":0,
            "아울렛몰":0,
            "대형마트":80,
            "은행":0,
            "병원":30,
            "종합병원":100,
            "공원":100,
            "혐오시설":0,
            "인프라총점":38.0,
            "초등학군":95.93,
            "중학군":49.34,
            "학군총점":58.658,
            "인구수":30.97,
            "인구증감":5.75,
            "인구총점":23.404,
            "일자리":15.0,
            "소득수준":62.25,
            "일자리총점":29.175,
            "가치 총점":45.9645,
            "매매실거래년":20211225.0,
            "매매실거래가":15300.0,
            "전세실거래년":20211217.0,
            "전세실거래가":14000.0,
            "전세가율":91.5,
            "장기전세가율평균":78.74,
            "전세가율거품지수":-12.76,
            "검색코드":6615,
            "세대수":864.0,
            "준공년월":"1993-12-14",
            "준공년차":30.0,
            "가까운역이름":"NA",
            "가까운역거리":"NA",
            "역세권여부":"NA",
            "30분이내주요거점역":"NA",
            "1시간이내주요거점역":"NA",
            "3km이내백화점수":0,
            "5km이내아울렛몰수":0,
            "1km이내대형먀트수":1,
            "500m이내은행수":0,
            "500m이내병원수":9,
            "5km이내대형병원수":2,
            "500m이내공원수":2,
            "3km이내혐오시설수":0,
            "초등학교학업성취도":95.93,
            "중학교학업성취도":80.7,
            "용적률":187,
            "건폐율":17,
            "Y":37.849475,
            "X":127.736896,
            "rank":37.0,
            "area_info":"21평(72.54), 21평(72.65), 31평(102.59), 42평(141.81), 49평(163.02)",
            "last_sales":"2021-12-25,15300.0,21평(72.54)"
        },
        {
            "index":96,
            "아파트명":"석사대우",
            "투자타입":"일반",
            "전용면적(m2)":"111.23",
            "전용면적(평)":"33평",
            "법정동주소":"강원도 춘천시 석사동 721-2",
            "도로명주소":"강원도 춘천시 우석로101번길 86",
            "세대수":50,
            "입주년차":0,
            "용적률점수":"--",
            "건폐율점수":"--",
            "세대당주차수":60,
            "난방방식":30,
            "공급면적":"--",
            "전용률":"--",
            "욕실수":100,
            "현관타입":100,
            "주거총점":49.5,
            "지역구공급총점":0.0,
            "역세권":"NA",
            "30분내 이동가능 거점":"NA",
            "1시간내 이동가능 거점":"NA",
            "교통총점":"NA",
            "백화점":0,
            "아울렛몰":0,
            "대형마트":80,
            "은행":0,
            "병원":30,
            "종합병원":100,
            "공원":100,
            "혐오시설":0,
            "인프라총점":38.0,
            "초등학군":87.04,
            "중학군":44.98,
            "학군총점":53.392,
            "인구수":30.97,
            "인구증감":5.75,
            "인구총점":23.404,
            "일자리":15.0,
            "소득수준":62.25,
            "일자리총점":29.175,
            "가치 총점":45.873,
            "매매실거래년":20220103.0,
            "매매실거래가":25500.0,
            "전세실거래년":20210102.0,
            "전세실거래가":20000.0,
            "전세가율":78.43,
            "장기전세가율평균":78.74,
            "전세가율거품지수":0.31,
            "검색코드":6544,
            "세대수":643.0,
            "준공년월":"1998-11-28",
            "준공년차":25.0,
            "가까운역이름":"NA",
            "가까운역거리":"NA",
            "역세권여부":"NA",
            "30분이내주요거점역":"NA",
            "1시간이내주요거점역":"NA",
            "3km이내백화점수":0,
            "5km이내아울렛몰수":0,
            "1km이내대형먀트수":1,
            "500m이내은행수":0,
            "500m이내병원수":8,
            "5km이내대형병원수":2,
            "500m이내공원수":7,
            "3km이내혐오시설수":0,
            "초등학교학업성취도":87.04,
            "중학교학업성취도":74.3,
            "용적률":250,
            "건폐율":21,
            "Y":37.869818,
            "X":127.756851,
            "rank":38.0,
            "area_info":"33평(111.23), 36평(120.47), 49평(162.26), 60평(200.31)",
            "last_sales":"2022-01-03,25500.0,33평(111.23)"
        },
        {
            "index":114,
            "아파트명":"퇴계주공4단지",
            "투자타입":"일반",
            "전용면적(m2)":"67.05",
            "전용면적(평)":"20평",
            "법정동주소":"강원도 춘천시 석사동 822",
            "도로명주소":"강원도 춘천시 퇴계로 242",
            "세대수":90,
            "입주년차":0,
            "용적률점수":"--",
            "건폐율점수":"--",
            "세대당주차수":0,
            "난방방식":30,
            "공급면적":"--",
            "전용률":"--",
            "욕실수":50,
            "현관타입":10,
            "주거총점":40.5,
            "지역구공급총점":0.0,
            "역세권":"NA",
            "30분내 이동가능 거점":"NA",
            "1시간내 이동가능 거점":"NA",
            "교통총점":"NA",
            "백화점":0,
            "아울렛몰":0,
            "대형마트":80,
            "은행":0,
            "병원":80,
            "종합병원":100,
            "공원":100,
            "혐오시설":0,
            "인프라총점":43.0,
            "초등학군":91.93,
            "중학군":49.34,
            "학군총점":57.858,
            "인구수":30.97,
            "인구증감":5.75,
            "인구총점":23.404,
            "일자리":15.0,
            "소득수준":62.25,
            "일자리총점":29.175,
            "가치 총점":45.8395,
            "매매실거래년":20220108.0,
            "매매실거래가":18500.0,
            "전세실거래년":20211123.0,
            "전세실거래가":6300.0,
            "전세가율":44.06,
            "장기전세가율평균":78.74,
            "전세가율거품지수":34.68,
            "검색코드":14439,
            "세대수":1010.0,
            "준공년월":"1998-12-28",
            "준공년차":25.0,
            "가까운역이름":"NA",
            "가까운역거리":"NA",
            "역세권여부":"NA",
            "30분이내주요거점역":"NA",
            "1시간이내주요거점역":"NA",
            "3km이내백화점수":0,
            "5km이내아울렛몰수":0,
            "1km이내대형먀트수":1,
            "500m이내은행수":1,
            "500m이내병원수":41,
            "5km이내대형병원수":2,
            "500m이내공원수":6,
            "3km이내혐오시설수":0,
            "초등학교학업성취도":91.93,
            "중학교학업성취도":80.7,
            "용적률":197,
            "건폐율":15,
            "Y":37.854627,
            "X":127.744219,
            "rank":39.0,
            "area_info":"20평(67.05), 23평(77.11), 23평(77.22), 24평(81.61), 24평(81.61)",
            "last_sales":"2022-01-08,18500.0,24평(81.61)"
        },
        {
            "index":317,
            "아파트명":"대우",
            "투자타입":"재건축",
            "전용면적(m2)":"88.09",
            "전용면적(평)":"26평",
            "법정동주소":"강원도 춘천시 후평동 867",
            "도로명주소":"강원도 춘천시 후만로126번길 31",
            "세대수":0,
            "입주년차":"--",
            "용적률점수":100,
            "건폐율점수":100,
            "세대당주차수":"--",
            "난방방식":"--",
            "공급면적":70,
            "전용률":80,
            "욕실수":"--",
            "현관타입":"--",
            "주거총점":67.5,
            "지역구공급총점":0.0,
            "역세권":"NA",
            "30분내 이동가능 거점":"NA",
            "1시간내 이동가능 거점":"NA",
            "교통총점":"NA",
            "백화점":0,
            "아울렛몰":0,
            "대형마트":0,
            "은행":0,
            "병원":0,
            "종합병원":100,
            "공원":100,
            "혐오시설":0,
            "인프라총점":23.0,
            "초등학군":92.08,
            "중학군":41.62,
            "학군총점":51.712,
            "인구수":30.97,
            "인구증감":5.75,
            "인구총점":23.404,
            "일자리":15.0,
            "소득수준":62.25,
            "일자리총점":29.175,
            "가치 총점":45.753,
            "매매실거래년":20220104.0,
            "매매실거래가":17500.0,
            "전세실거래년":20190515.0,
            "전세실거래가":12500.0,
            "전세가율":110.62,
            "장기전세가율평균":78.74,
            "전세가율거품지수":-31.88,
            "검색코드":6696,
            "세대수":260.0,
            "준공년월":"1991-11-02",
            "준공년차":32.0,
            "가까운역이름":"NA",
            "가까운역거리":"NA",
            "역세권여부":"NA",
            "30분이내주요거점역":"NA",
            "1시간이내주요거점역":"NA",
            "3km이내백화점수":0,
            "5km이내아울렛몰수":0,
            "1km이내대형먀트수":0,
            "500m이내은행수":0,
            "500m이내병원수":0,
            "5km이내대형병원수":2,
            "500m이내공원수":3,
            "3km이내혐오시설수":0,
            "초등학교학업성취도":92.08,
            "중학교학업성취도":68.3,
            "용적률":91,
            "건폐율":18,
            "Y":37.876266,
            "X":127.759762,
            "rank":40.0,
            "area_info":"26평(88.09), 26평(88.36), 29평(96.94), 29평(97.23)",
            "last_sales":"2022-01-04,17500.0,29평(97.23)"
        },
        {
            "index":33,
            "아파트명":"장학LH해온채",
            "투자타입":"일반",
            "전용면적(m2)":"111.7",
            "전용면적(평)":"33평",
            "법정동주소":"강원도 춘천시 동면 988",
            "도로명주소":"강원도 춘천시 소양강로 102",
            "세대수":50,
            "입주년차":80,
            "용적률점수":"--",
            "건폐율점수":"--",
            "세대당주차수":60,
            "난방방식":30,
            "공급면적":"--",
            "전용률":"--",
            "욕실수":100,
            "현관타입":100,
            "주거총점":65.5,
            "지역구공급총점":0.0,
            "역세권":"NA",
            "30분내 이동가능 거점":"NA",
            "1시간내 이동가능 거점":"NA",
            "교통총점":"NA",
            "백화점":0,
            "아울렛몰":0,
            "대형마트":0,
            "은행":0,
            "병원":0,
            "종합병원":100,
            "공원":100,
            "혐오시설":0,
            "인프라총점":23.0,
            "초등학군":91.81,
            "중학군":44.96,
            "학군총점":54.33,
            "인구수":30.97,
            "인구증감":5.75,
            "인구총점":23.404,
            "일자리":15.0,
            "소득수준":62.25,
            "일자리총점":29.175,
            "가치 총점":45.7075,
            "매매실거래년":20220111.0,
            "매매실거래가":27300.0,
            "전세실거래년":20211229.0,
            "전세실거래가":23000.0,
            "전세가율":79.31,
            "장기전세가율평균":78.74,
            "전세가율거품지수":-0.57,
            "검색코드":104984,
            "세대수":560.0,
            "준공년월":"2014-07-22",
            "준공년차":9.0,
            "가까운역이름":"NA",
            "가까운역거리":"NA",
            "역세권여부":"NA",
            "30분이내주요거점역":"NA",
            "1시간이내주요거점역":"NA",
            "3km이내백화점수":0,
            "5km이내아울렛몰수":0,
            "1km이내대형먀트수":0,
            "500m이내은행수":0,
            "500m이내병원수":0,
            "5km이내대형병원수":2,
            "500m이내공원수":3,
            "3km이내혐오시설수":0,
            "초등학교학업성취도":91.81,
            "중학교학업성취도":73.2,
            "용적률":167,
            "건폐율":18,
            "Y":37.897947,
            "X":127.751835,
            "rank":41.0,
            "area_info":"33평(111.7), 33평(111.81), 33평(111.65), 33평(111.75), 34평(113.4)",
            "last_sales":"2022-01-11,27300.0,33평(111.65)"
        },
        {
            "index":13,
            "아파트명":"부영",
            "투자타입":"일반",
            "전용면적(m2)":"77.59",
            "전용면적(평)":"23평",
            "법정동주소":"강원도 춘천시 동내면 거두리 939-1",
            "도로명주소":"강원도 춘천시 춘천순환로94번길 12",
            "세대수":80,
            "입주년차":20,
            "용적률점수":"--",
            "건폐율점수":"--",
            "세대당주차수":30,
            "난방방식":30,
            "공급면적":"--",
            "전용률":"--",
            "욕실수":100,
            "현관타입":100,
            "주거총점":59.5,
            "지역구공급총점":0.0,
            "역세권":"NA",
            "30분내 이동가능 거점":"NA",
            "1시간내 이동가능 거점":"NA",
            "교통총점":"NA",
            "백화점":0,
            "아울렛몰":0,
            "대형마트":0,
            "은행":0,
            "병원":30,
            "종합병원":100,
            "공원":100,
            "혐오시설":0,
            "인프라총점":26.0,
            "초등학군":87.36,
            "중학군":49.34,
            "학군총점":56.944,
            "인구수":30.97,
            "인구증감":5.75,
            "인구총점":23.404,
            "일자리":15.0,
            "소득수준":62.25,
            "일자리총점":29.175,
            "가치 총점":45.461,
            "매매실거래년":20211231.0,
            "매매실거래가":17970.0,
            "전세실거래년":20211229.0,
            "전세실거래가":16000.0,
            "전세가율":89.04,
            "장기전세가율평균":78.74,
            "전세가율거품지수":-10.3,
            "검색코드":18952,
            "세대수":868.0,
            "준공년월":"2003-04-25",
            "준공년차":20.0,
            "가까운역이름":"NA",
            "가까운역거리":"NA",
            "역세권여부":"NA",
            "30분이내주요거점역":"NA",
            "1시간이내주요거점역":"NA",
            "3km이내백화점수":0,
            "5km이내아울렛몰수":0,
            "1km이내대형먀트수":0,
            "500m이내은행수":0,
            "500m이내병원수":8,
            "5km이내대형병원수":2,
            "500m이내공원수":5,
            "3km이내혐오시설수":0,
            "초등학교학업성취도":87.36,
            "중학교학업성취도":80.7,
            "용적률":0,
            "건폐율":0,
            "Y":37.854792,
            "X":127.753775,
            "rank":42.0,
            "area_info":"23평(77.59), 32평(107.04), 32평(107.09)",
            "last_sales":"2021-12-31,17970.0,23평(77.59)"
        },
        {
            "index":157,
            "아파트명":"럭키",
            "투자타입":"일반",
            "전용면적(m2)":"73.42",
            "전용면적(평)":"22평",
            "법정동주소":"강원도 춘천시 온의동 510",
            "도로명주소":"강원도 춘천시 영서로 2317",
            "세대수":50,
            "입주년차":0,
            "용적률점수":"--",
            "건폐율점수":"--",
            "세대당주차수":0,
            "난방방식":30,
            "공급면적":"--",
            "전용률":"--",
            "욕실수":50,
            "현관타입":100,
            "주거총점":35.5,
            "지역구공급총점":0.0,
            "역세권":"NA",
            "30분내 이동가능 거점":"NA",
            "1시간내 이동가능 거점":"NA",
            "교통총점":"NA",
            "백화점":0,
            "아울렛몰":0,
            "대형마트":100,
            "은행":20,
            "병원":60,
            "종합병원":100,
            "공원":100,
            "혐오시설":0,
            "인프라총점":46.0,
            "초등학군":100.0,
            "중학군":47.94,
            "학군총점":58.352,
            "인구수":30.97,
            "인구증감":5.75,
            "인구총점":23.404,
            "일자리":15.0,
            "소득수준":62.25,
            "일자리총점":29.175,
            "가치 총점":45.413,
            "매매실거래년":20211224.0,
            "매매실거래가":20400.0,
            "전세실거래년":20130207.0,
            "전세실거래가":7000.0,
            "전세가율":46.67,
            "장기전세가율평균":78.74,
            "전세가율거품지수":32.07,
            "검색코드":6575,
            "세대수":544.0,
            "준공년월":"1993-01-21",
            "준공년차":30.0,
            "가까운역이름":"NA",
            "가까운역거리":"NA",
            "역세권여부":"NA",
            "30분이내주요거점역":"NA",
            "1시간이내주요거점역":"NA",
            "3km이내백화점수":0,
            "5km이내아울렛몰수":0,
            "1km이내대형먀트수":2,
            "500m이내은행수":2,
            "500m이내병원수":25,
            "5km이내대형병원수":2,
            "500m이내공원수":11,
            "3km이내혐오시설수":0,
            "초등학교학업성취도":100.0,
            "중학교학업성취도":77.9,
            "용적률":251,
            "건폐율":98,
            "Y":37.86599,
            "X":127.717152,
            "rank":43.0,
            "area_info":"22평(73.42), 26평(87.04), 30평(101.35)",
            "last_sales":"2021-12-24,20400.0,30평(101.35)"
        },
        {
            "index":272,
            "아파트명":"한주",
            "투자타입":"일반",
            "전용면적(m2)":"72.49",
            "전용면적(평)":"21평",
            "법정동주소":"강원도 춘천시 퇴계동 944",
            "도로명주소":"강원도 춘천시 안마산로 217",
            "세대수":50,
            "입주년차":0,
            "용적률점수":"--",
            "건폐율점수":"--",
            "세대당주차수":0,
            "난방방식":80,
            "공급면적":"--",
            "전용률":"--",
            "욕실수":50,
            "현관타입":100,
            "주거총점":40.5,
            "지역구공급총점":0.0,
            "역세권":"NA",
            "30분내 이동가능 거점":"NA",
            "1시간내 이동가능 거점":"NA",
            "교통총점":"NA",
            "백화점":0,
            "아울렛몰":0,
            "대형마트":80,
            "은행":0,
            "병원":60,
            "종합병원":100,
            "공원":100,
            "혐오시설":0,
            "인프라총점":41.0,
            "초등학군":95.93,
            "중학군":49.34,
            "학군총점":58.658,
            "인구수":30.97,
            "인구증감":5.75,
            "인구총점":23.404,
            "일자리":15.0,
            "소득수준":62.25,
            "일자리총점":29.175,
            "가치 총점":45.2395,
            "매매실거래년":20211229.0,
            "매매실거래가":8238.0,
            "전세실거래년":20211117.0,
            "전세실거래가":13500.0,
            "전세가율":163.87,
            "장기전세가율평균":78.74,
            "전세가율거품지수":-85.13,
            "검색코드":6641,
            "세대수":554.0,
            "준공년월":"1993-07-30",
            "준공년차":30.0,
            "가까운역이름":"NA",
            "가까운역거리":"NA",
            "역세권여부":"NA",
            "30분이내주요거점역":"NA",
            "1시간이내주요거점역":"NA",
            "3km이내백화점수":0,
            "5km이내아울렛몰수":0,
            "1km이내대형먀트수":1,
            "500m이내은행수":0,
            "500m이내병원수":11,
            "5km이내대형병원수":2,
            "500m이내공원수":4,
            "3km이내혐오시설수":0,
            "초등학교학업성취도":95.93,
            "중학교학업성취도":80.7,
            "용적률":190,
            "건폐율":16,
            "Y":37.850927,
            "X":127.737811,
            "rank":44.0,
            "area_info":"21평(72.49), 31평(102.52), 49평(162.91)",
            "last_sales":"2021-12-29,8238.0,21평(72.49)"
        },
        {
            "index":279,
            "아파트명":"현대1차",
            "투자타입":"일반",
            "전용면적(m2)":"77.86",
            "전용면적(평)":"23평",
            "법정동주소":"강원도 춘천시 퇴계동 916-2",
            "도로명주소":"강원도 춘천시 춘주로 162",
            "세대수":50,
            "입주년차":0,
            "용적률점수":"--",
            "건폐율점수":"--",
            "세대당주차수":0,
            "난방방식":80,
            "공급면적":"--",
            "전용률":"--",
            "욕실수":50,
            "현관타입":100,
            "주거총점":40.5,
            "지역구공급총점":0.0,
            "역세권":"NA",
            "30분내 이동가능 거점":"NA",
            "1시간내 이동가능 거점":"NA",
            "교통총점":"NA",
            "백화점":0,
            "아울렛몰":0,
            "대형마트":80,
            "은행":0,
            "병원":60,
            "종합병원":100,
            "공원":100,
            "혐오시설":0,
            "인프라총점":41.0,
            "초등학군":99.31,
            "중학군":47.94,
            "학군총점":58.214,
            "인구수":30.97,
            "인구증감":5.75,
            "인구총점":23.404,
            "일자리":15.0,
            "소득수준":62.25,
            "일자리총점":29.175,
            "가치 총점":45.1285,
            "매매실거래년":20211226.0,
            "매매실거래가":16500.0,
            "전세실거래년":20211227.0,
            "전세실거래가":13500.0,
            "전세가율":80.12,
            "장기전세가율평균":78.74,
            "전세가율거품지수":-1.38,
            "검색코드":6649,
            "세대수":600.0,
            "준공년월":"1994-04-19",
            "준공년차":29.0,
            "가까운역이름":"NA",
            "가까운역거리":"NA",
            "역세권여부":"NA",
            "30분이내주요거점역":"NA",
            "1시간이내주요거점역":"NA",
            "3km이내백화점수":0,
            "5km이내아울렛몰수":0,
            "1km이내대형먀트수":1,
            "500m이내은행수":0,
            "500m이내병원수":16,
            "5km이내대형병원수":2,
            "500m이내공원수":3,
            "3km이내혐오시설수":0,
            "초등학교학업성취도":99.31,
            "중학교학업성취도":77.9,
            "용적률":210,
            "건폐율":18,
            "Y":37.857676,
            "X":127.725843,
            "rank":45.0,
            "area_info":"23평(77.86), 31평(104.96)",
            "last_sales":"2021-12-26,16500.0,31평(104.96)"
        },
        {
            "index":265,
            "아파트명":"퇴계주공1단지",
            "투자타입":"일반",
            "전용면적(m2)":"75.83",
            "전용면적(평)":"22평",
            "법정동주소":"강원도 춘천시 퇴계동 967",
            "도로명주소":"강원도 춘천시 퇴계로 167",
            "세대수":50,
            "입주년차":20,
            "용적률점수":"--",
            "건폐율점수":"--",
            "세대당주차수":0,
            "난방방식":30,
            "공급면적":"--",
            "전용률":"--",
            "욕실수":50,
            "현관타입":10,
            "주거총점":30.5,
            "지역구공급총점":0.0,
            "역세권":"NA",
            "30분내 이동가능 거점":"NA",
            "1시간내 이동가능 거점":"NA",
            "교통총점":"NA",
            "백화점":0,
            "아울렛몰":0,
            "대형마트":80,
            "은행":70,
            "병원":60,
            "종합병원":100,
            "공원":100,
            "혐오시설":0,
            "인프라총점":48.0,
            "초등학군":91.93,
            "중학군":48.26,
            "학군총점":56.994,
            "인구수":30.97,
            "인구증감":5.75,
            "인구총점":23.404,
            "일자리":15.0,
            "소득수준":62.25,
            "일자리총점":29.175,
            "가치 총점":44.1235,
            "매매실거래년":20220101.0,
            "매매실거래가":15800.0,
            "전세실거래년":20211221.0,
            "전세실거래가":14000.0,
            "전세가율":88.61,
            "장기전세가율평균":78.74,
            "전세가율거품지수":-9.87,
            "검색코드":14446,
            "세대수":572.0,
            "준공년월":"2000-09-18",
            "준공년차":23.0,
            "가까운역이름":"NA",
            "가까운역거리":"NA",
            "역세권여부":"NA",
            "30분이내주요거점역":"NA",
            "1시간이내주요거점역":"NA",
            "3km이내백화점수":0,
            "5km이내아울렛몰수":0,
            "1km이내대형먀트수":1,
            "500m이내은행수":3,
            "500m이내병원수":24,
            "5km이내대형병원수":2,
            "500m이내공원수":8,
            "3km이내혐오시설수":0,
            "초등학교학업성취도":91.93,
            "중학교학업성취도":77.7,
            "용적률":220,
            "건폐율":19,
            "Y":37.859369,
            "X":127.736929,
            "rank":46.0,
            "area_info":"22평(75.83)",
            "last_sales":"2022-01-01,15800.0,22평(75.83)"
        },
        {
            "index":255,
            "아파트명":"퇴계쌍용스윗닷홈",
            "투자타입":"일반",
            "전용면적(m2)":"120.38",
            "전용면적(평)":"36평",
            "법정동주소":"강원도 춘천시 퇴계동 1040",
            "도로명주소":"강원도 춘천시 춘주로 176-22",
            "세대수":0,
            "입주년차":40,
            "용적률점수":"--",
            "건폐율점수":"--",
            "세대당주차수":60,
            "난방방식":30,
            "공급면적":"--",
            "전용률":"--",
            "욕실수":100,
            "현관타입":50,
            "주거총점":35.0,
            "지역구공급총점":0.0,
            "역세권":"NA",
            "30분내 이동가능 거점":"NA",
            "1시간내 이동가능 거점":"NA",
            "교통총점":"NA",
            "백화점":0,
            "아울렛몰":0,
            "대형마트":80,
            "은행":20,
            "병원":60,
            "종합병원":100,
            "공원":100,
            "혐오시설":0,
            "인프라총점":43.0,
            "초등학군":99.31,
            "중학군":47.94,
            "학군총점":58.214,
            "인구수":30.97,
            "인구증감":5.75,
            "인구총점":23.404,
            "일자리":15.0,
            "소득수준":62.25,
            "일자리총점":29.175,
            "가치 총점":44.0035,
            "매매실거래년":20211211.0,
            "매매실거래가":27800.0,
            "전세실거래년":20211225.0,
            "전세실거래가":24000.0,
            "전세가율":86.33,
            "장기전세가율평균":78.74,
            "전세가율거품지수":-7.59,
            "검색코드":17429,
            "세대수":255.0,
            "준공년월":"2005-05-30",
            "준공년차":18.0,
            "가까운역이름":"NA",
            "가까운역거리":"NA",
            "역세권여부":"NA",
            "30분이내주요거점역":"NA",
            "1시간이내주요거점역":"NA",
            "3km이내백화점수":0,
            "5km이내아울렛몰수":0,
            "1km이내대형먀트수":1,
            "500m이내은행수":2,
            "500m이내병원수":15,
            "5km이내대형병원수":2,
            "500m이내공원수":2,
            "3km이내혐오시설수":0,
            "초등학교학업성취도":99.31,
            "중학교학업성취도":77.9,
            "용적률":216,
            "건폐율":15,
            "Y":37.857739,
            "X":127.729571,
            "rank":47.0,
            "area_info":"36평(120.38), 49평(163.96), 60평(200.37)",
            "last_sales":"2021-12-11,27800.0,36평(120.38)"
        },
        {
            "index":168,
            "아파트명":"온의마젤란21",
            "투자타입":"일반",
            "전용면적(m2)":"112.45",
            "전용면적(평)":"34평",
            "법정동주소":"강원도 춘천시 온의동 573",
            "도로명주소":"강원도 춘천시 영서로 2329",
            "세대수":0,
            "입주년차":40,
            "용적률점수":"--",
            "건폐율점수":"--",
            "세대당주차수":30,
            "난방방식":30,
            "공급면적":"--",
            "전용률":"--",
            "욕실수":100,
            "현관타입":100,
            "주거총점":35.5,
            "지역구공급총점":0.0,
            "역세권":"NA",
            "30분내 이동가능 거점":"NA",
            "1시간내 이동가능 거점":"NA",
            "교통총점":"NA",
            "백화점":0,
            "아울렛몰":0,
            "대형마트":100,
            "은행":0,
            "병원":60,
            "종합병원":100,
            "공원":100,
            "혐오시설":0,
            "인프라총점":44.0,
            "초등학군":100.0,
            "중학군":44.34,
            "학군총점":55.472,
            "인구수":30.97,
            "인구증감":5.75,
            "인구총점":23.404,
            "일자리":15.0,
            "소득수준":62.25,
            "일자리총점":29.175,
            "가치 총점":43.893,
            "매매실거래년":20211022.0,
            "매매실거래가":28000.0,
            "전세실거래년":20210719.0,
            "전세실거래가":22500.0,
            "전세가율":85.88,
            "장기전세가율평균":78.74,
            "전세가율거품지수":-7.14,
            "검색코드":24180,
            "세대수":233.0,
            "준공년월":"2007-10-16",
            "준공년차":16.0,
            "가까운역이름":"NA",
            "가까운역거리":"NA",
            "역세권여부":"NA",
            "30분이내주요거점역":"NA",
            "1시간이내주요거점역":"NA",
            "3km이내백화점수":0,
            "5km이내아울렛몰수":0,
            "1km이내대형먀트수":2,
            "500m이내은행수":1,
            "500m이내병원수":18,
            "5km이내대형병원수":2,
            "500m이내공원수":11,
            "3km이내혐오시설수":0,
            "초등학교학업성취도":100.0,
            "중학교학업성취도":72.1,
            "용적률":209,
            "건폐율":19,
            "Y":37.8676,
            "X":127.715884,
            "rank":48.0,
            "area_info":"34평(112.45), 36평(119.02)",
            "last_sales":"2021-10-22,28000.0,36평(119.02)"
        },
        {
            "index":43,
            "아파트명":"춘천장학사랑으로부영",
            "투자타입":"일반",
            "전용면적(m2)":"175.34",
            "전용면적(평)":"53평",
            "법정동주소":"강원도 춘천시 동면 장학리 993",
            "도로명주소":"강원도 춘천시 소양강로 104",
            "세대수":30,
            "입주년차":80,
            "용적률점수":"--",
            "건폐율점수":"--",
            "세대당주차수":60,
            "난방방식":30,
            "공급면적":"--",
            "전용률":"--",
            "욕실수":100,
            "현관타입":100,
            "주거총점":58.5,
            "지역구공급총점":0.0,
            "역세권":"NA",
            "30분내 이동가능 거점":"NA",
            "1시간내 이동가능 거점":"NA",
            "교통총점":"NA",
            "백화점":0,
            "아울렛몰":0,
            "대형마트":0,
            "은행":0,
            "병원":10,
            "종합병원":100,
            "공원":100,
            "혐오시설":0,
            "인프라총점":24.0,
            "초등학군":91.81,
            "중학군":44.96,
            "학군총점":54.33,
            "인구수":30.97,
            "인구증감":5.75,
            "인구총점":23.404,
            "일자리":15.0,
            "소득수준":62.25,
            "일자리총점":29.175,
            "가치 총점":43.6575,
            "매매실거래년":20211029.0,
            "매매실거래가":38000.0,
            "전세실거래년":20210215.0,
            "전세실거래가":27500.0,
            "전세가율":72.37,
            "장기전세가율평균":78.74,
            "전세가율거품지수":6.37,
            "검색코드":111255,
            "세대수":370.0,
            "준공년월":"2015-09-01",
            "준공년차":8.0,
            "가까운역이름":"NA",
            "가까운역거리":"NA",
            "역세권여부":"NA",
            "30분이내주요거점역":"NA",
            "1시간이내주요거점역":"NA",
            "3km이내백화점수":0,
            "5km이내아울렛몰수":0,
            "1km이내대형먀트수":0,
            "500m이내은행수":0,
            "500m이내병원수":3,
            "5km이내대형병원수":2,
            "500m이내공원수":4,
            "3km이내혐오시설수":0,
            "초등학교학업성취도":91.81,
            "중학교학업성취도":73.2,
            "용적률":189,
            "건폐율":21,
            "Y":37.896203,
            "X":127.753808,
            "rank":49.0,
            "area_info":"53평(175.34)",
            "last_sales":"2021-10-29,38000.0,53평(175.34)"
        },
        {
            "index":53,
            "아파트명":"춘천뉴시티코아루",
            "투자타입":"일반",
            "전용면적(m2)":"105.23",
            "전용면적(평)":"31평",
            "법정동주소":"강원도 춘천시 사농동 820",
            "도로명주소":"강원도 춘천시 영서로 2922",
            "세대수":50,
            "입주년차":60,
            "용적률점수":"--",
            "건폐율점수":"--",
            "세대당주차수":60,
            "난방방식":30,
            "공급면적":"--",
            "전용률":"--",
            "욕실수":100,
            "현관타입":100,
            "주거총점":61.5,
            "지역구공급총점":0.0,
            "역세권":"NA",
            "30분내 이동가능 거점":"NA",
            "1시간내 이동가능 거점":"NA",
            "교통총점":"NA",
            "백화점":0,
            "아울렛몰":0,
            "대형마트":0,
            "은행":0,
            "병원":0,
            "종합병원":100,
            "공원":80,
            "혐오시설":0,
            "인프라총점":22.4,
            "초등학군":94.89,
            "중학군":41.52,
            "학군총점":52.194,
            "인구수":30.97,
            "인구증감":5.75,
            "인구총점":23.404,
            "일자리":15.0,
            "소득수준":62.25,
            "일자리총점":29.175,
            "가치 총점":43.5335,
            "매매실거래년":20220108.0,
            "매매실거래가":23800.0,
            "전세실거래년":20211123.0,
            "전세실거래가":19425.0,
            "전세가율":81.62,
            "장기전세가율평균":78.74,
            "전세가율거품지수":-2.88,
            "검색코드":104075,
            "세대수":463.0,
            "준공년월":"2013-05-24",
            "준공년차":10.0,
            "가까운역이름":"NA",
            "가까운역거리":"NA",
            "역세권여부":"NA",
            "30분이내주요거점역":"NA",
            "1시간이내주요거점역":"NA",
            "3km이내백화점수":0,
            "5km이내아울렛몰수":0,
            "1km이내대형먀트수":0,
            "500m이내은행수":1,
            "500m이내병원수":0,
            "5km이내대형병원수":2,
            "500m이내공원수":1,
            "3km이내혐오시설수":0,
            "초등학교학업성취도":94.89,
            "중학교학업성취도":67.8,
            "용적률":205,
            "건폐율":20,
            "Y":37.911629,
            "X":127.725643,
            "rank":50.0,
            "area_info":"31평(105.23), 34평(112.79)",
            "last_sales":"2022-01-08,23800.0,31평(105.23)"
        },
        {
            "index":44,
            "아파트명":"춘천장학아이파크",
            "투자타입":"일반",
            "전용면적(m2)":"111.94",
            "전용면적(평)":"33평",
            "법정동주소":"강원도 춘천시 동면 985",
            "도로명주소":"강원도 춘천시 만천로 242",
            "세대수":50,
            "입주년차":60,
            "용적률점수":"--",
            "건폐율점수":"--",
            "세대당주차수":30,
            "난방방식":30,
            "공급면적":"--",
            "전용률":"--",
            "욕실수":100,
            "현관타입":100,
            "주거총점":57.0,
            "지역구공급총점":0.0,
            "역세권":"NA",
            "30분내 이동가능 거점":"NA",
            "1시간내 이동가능 거점":"NA",
            "교통총점":"NA",
            "백화점":0,
            "아울렛몰":0,
            "대형마트":0,
            "은행":0,
            "병원":10,
            "종합병원":100,
            "공원":100,
            "혐오시설":0,
            "인프라총점":24.0,
            "초등학군":91.81,
            "중학군":44.96,
            "학군총점":54.33,
            "인구수":30.97,
            "인구증감":5.75,
            "인구총점":23.404,
            "일자리":15.0,
            "소득수준":62.25,
            "일자리총점":29.175,
            "가치 총점":43.1325,
            "매매실거래년":20211123.0,
            "매매실거래가":42000.0,
            "전세실거래년":20211228.0,
            "전세실거래가":26000.0,
            "전세가율":83.87,
            "장기전세가율평균":78.74,
            "전세가율거품지수":-5.13,
            "검색코드":103533,
            "세대수":493.0,
            "준공년월":"2012-12-12",
            "준공년차":11.0,
            "가까운역이름":"NA",
            "가까운역거리":"NA",
            "역세권여부":"NA",
            "30분이내주요거점역":"NA",
            "1시간이내주요거점역":"NA",
            "3km이내백화점수":0,
            "5km이내아울렛몰수":0,
            "1km이내대형먀트수":0,
            "500m이내은행수":0,
            "500m이내병원수":3,
            "5km이내대형병원수":2,
            "500m이내공원수":4,
            "3km이내혐오시설수":0,
            "초등학교학업성취도":91.81,
            "중학교학업성취도":73.2,
            "용적률":234,
            "건폐율":21,
            "Y":37.890882,
            "X":127.755747,
            "rank":51.0,
            "area_info":"33평(111.94), 33평(111.91), 34평(112.52), 34평(112.55), 46평(153.31)",
            "last_sales":"2021-11-23,42000.0,46평(153.31)"
        },
        {
            "index":244,
            "아파트명":"중앙하이츠빌2단지",
            "투자타입":"일반",
            "전용면적(m2)":"114.21",
            "전용면적(평)":"34평",
            "법정동주소":"강원도 춘천시 퇴계동 1048",
            "도로명주소":"강원도 춘천시 영서로2141번길 25",
            "세대수":0,
            "입주년차":40,
            "용적률점수":"--",
            "건폐율점수":"--",
            "세대당주차수":30,
            "난방방식":30,
            "공급면적":"--",
            "전용률":"--",
            "욕실수":100,
            "현관타입":100,
            "주거총점":35.5,
            "지역구공급총점":0.0,
            "역세권":"NA",
            "30분내 이동가능 거점":"NA",
            "1시간내 이동가능 거점":"NA",
            "교통총점":"NA",
            "백화점":0,
            "아울렛몰":0,
            "대형마트":80,
            "은행":0,
            "병원":60,
            "종합병원":100,
            "공원":100,
            "혐오시설":0,
            "인프라총점":41.0,
            "초등학군":91.93,
            "중학군":48.26,
            "학군총점":56.994,
            "인구수":30.97,
            "인구증감":5.75,
            "인구총점":23.404,
            "일자리":15.0,
            "소득수준":62.25,
            "일자리총점":29.175,
            "가치 총점":43.0735,
            "매매실거래년":20211112.0,
            "매매실거래가":30000.0,
            "전세실거래년":20211231.0,
            "전세실거래가":27000.0,
            "전세가율":90.0,
            "장기전세가율평균":78.74,
            "전세가율거품지수":-11.26,
            "검색코드":24997,
            "세대수":297.0,
            "준공년월":"2007-07-26",
            "준공년차":16.0,
            "가까운역이름":"NA",
            "가까운역거리":"NA",
            "역세권여부":"NA",
            "30분이내주요거점역":"NA",
            "1시간이내주요거점역":"NA",
            "3km이내백화점수":0,
            "5km이내아울렛몰수":0,
            "1km이내대형먀트수":1,
            "500m이내은행수":1,
            "500m이내병원수":27,
            "5km이내대형병원수":2,
            "500m이내공원수":5,
            "3km이내혐오시설수":0,
            "초등학교학업성취도":91.93,
            "중학교학업성취도":77.7,
            "용적률":234,
            "건폐율":19,
            "Y":37.85633,
            "X":127.735792,
            "rank":52.0,
            "area_info":"34평(114.21), 38평(128.75)",
            "last_sales":"2021-11-12,30000.0,34평(114.21)"
        },
        {
            "index":21,
            "아파트명":"현대성우오스타",
            "투자타입":"일반",
            "전용면적(m2)":"112.83",
            "전용면적(평)":"34평",
            "법정동주소":"강원도 춘천시 동내면 거두리 1038",
            "도로명주소":"강원도 춘천시 춘천순환로 93",
            "세대수":30,
            "입주년차":60,
            "용적률점수":"--",
            "건폐율점수":"--",
            "세대당주차수":60,
            "난방방식":30,
            "공급면적":"--",
            "전용률":"--",
            "욕실수":100,
            "현관타입":100,
            "주거총점":54.5,
            "지역구공급총점":0.0,
            "역세권":"NA",
            "30분내 이동가능 거점":"NA",
            "1시간내 이동가능 거점":"NA",
            "교통총점":"NA",
            "백화점":0,
            "아울렛몰":0,
            "대형마트":0,
            "은행":0,
            "병원":30,
            "종합병원":100,
            "공원":100,
            "혐오시설":0,
            "인프라총점":26.0,
            "초등학군":87.36,
            "중학군":44.98,
            "학군총점":53.456,
            "인구수":30.97,
            "인구증감":5.75,
            "인구총점":23.404,
            "일자리":15.0,
            "소득수준":62.25,
            "일자리총점":29.175,
            "가치 총점":42.839,
            "매매실거래년":20220105.0,
            "매매실거래가":31900.0,
            "전세실거래년":20210410.0,
            "전세실거래가":25000.0,
            "전세가율":78.37,
            "장기전세가율평균":78.74,
            "전세가율거품지수":0.37,
            "검색코드":27548,
            "세대수":308.0,
            "준공년월":"2009-08-19",
            "준공년차":14.0,
            "가까운역이름":"NA",
            "가까운역거리":"NA",
            "역세권여부":"NA",
            "30분이내주요거점역":"NA",
            "1시간이내주요거점역":"NA",
            "3km이내백화점수":0,
            "5km이내아울렛몰수":0,
            "1km이내대형먀트수":0,
            "500m이내은행수":0,
            "500m이내병원수":6,
            "5km이내대형병원수":2,
            "500m이내공원수":4,
            "3km이내혐오시설수":0,
            "초등학교학업성취도":87.36,
            "중학교학업성취도":74.3,
            "용적률":218,
            "건폐율":21,
            "Y":37.857137,
            "X":127.754892,
            "rank":53.0,
            "area_info":"34평(112.83), 34평(113.76), 34평(114.74)",
            "last_sales":"2022-01-05,31900.0,34평(112.83)"
        },
        {
            "index":411,
            "아파트명":"현대3차",
            "투자타입":"재건축",
            "전용면적(m2)":"86.61",
            "전용면적(평)":"26평",
            "법정동주소":"강원도 춘천시 후평동 87",
            "도로명주소":"강원도 춘천시 후석로326번길 31",
            "세대수":50,
            "입주년차":"--",
            "용적률점수":20,
            "건폐율점수":60,
            "세대당주차수":"--",
            "난방방식":"--",
            "공급면적":70,
            "전용률":80,
            "욕실수":"--",
            "현관타입":"--",
            "주거총점":42.5,
            "지역구공급총점":0.0,
            "역세권":"NA",
            "30분내 이동가능 거점":"NA",
            "1시간내 이동가능 거점":"NA",
            "교통총점":"NA",
            "백화점":0,
            "아울렛몰":0,
            "대형마트":80,
            "은행":0,
            "병원":60,
            "종합병원":100,
            "공원":0,
            "혐오시설":0,
            "인프라총점":38.0,
            "초등학군":87.06,
            "중학군":41.62,
            "학군총점":50.708,
            "인구수":30.97,
            "인구증감":5.75,
            "인구총점":23.404,
            "일자리":15.0,
            "소득수준":62.25,
            "일자리총점":29.175,
            "가치 총점":42.752,
            "매매실거래년":20211216.0,
            "매매실거래가":14200.0,
            "전세실거래년":20210812.0,
            "전세실거래가":9500.0,
            "전세가율":68.84,
            "장기전세가율평균":78.74,
            "전세가율거품지수":9.9,
            "검색코드":6752,
            "세대수":440.0,
            "준공년월":"1990-10-27",
            "준공년차":33.0,
            "가까운역이름":"NA",
            "가까운역거리":"NA",
            "역세권여부":"NA",
            "30분이내주요거점역":"NA",
            "1시간이내주요거점역":"NA",
            "3km이내백화점수":0,
            "5km이내아울렛몰수":0,
            "1km이내대형먀트수":1,
            "500m이내은행수":0,
            "500m이내병원수":24,
            "5km이내대형병원수":2,
            "500m이내공원수":0,
            "3km이내혐오시설수":0,
            "초등학교학업성취도":87.06,
            "중학교학업성취도":68.3,
            "용적률":219,
            "건폐율":30,
            "Y":37.881911,
            "X":127.752809,
            "rank":54.0,
            "area_info":"26평(86.61), 31평(103.46)",
            "last_sales":"2021-12-16,14200.0,31평(103.46)"
        },
        {
            "index":205,
            "아파트명":"호수경남아너스빌",
            "투자타입":"일반",
            "전용면적(m2)":"84.35",
            "전용면적(평)":"25평",
            "법정동주소":"강원도 춘천시 죽림동 188",
            "도로명주소":"강원도 춘천시 약사고개길 19",
            "세대수":0,
            "입주년차":20,
            "용적률점수":"--",
            "건폐율점수":"--",
            "세대당주차수":0,
            "난방방식":30,
            "공급면적":"--",
            "전용률":"--",
            "욕실수":50,
            "현관타입":100,
            "주거총점":22.0,
            "지역구공급총점":0.0,
            "역세권":"NA",
            "30분내 이동가능 거점":"NA",
            "1시간내 이동가능 거점":"NA",
            "교통총점":"NA",
            "백화점":0,
            "아울렛몰":0,
            "대형마트":100,
            "은행":70,
            "병원":100,
            "종합병원":100,
            "공원":100,
            "혐오시설":0,
            "인프라총점":55.0,
            "초등학군":80.97,
            "중학군":44.34,
            "학군총점":51.666,
            "인구수":30.97,
            "인구증감":5.75,
            "인구총점":23.404,
            "일자리":15.0,
            "소득수준":62.25,
            "일자리총점":29.175,
            "가치 총점":42.6165,
            "매매실거래년":20210923.0,
            "매매실거래가":22500.0,
            "전세실거래년":null,
            "전세실거래가":null,
            "전세가율":null,
            "장기전세가율평균":78.74,
            "전세가율거품지수":null,
            "검색코드":24677,
            "세대수":135.0,
            "준공년월":"2002-06-03",
            "준공년차":21.0,
            "가까운역이름":"NA",
            "가까운역거리":"NA",
            "역세권여부":"NA",
            "30분이내주요거점역":"NA",
            "1시간이내주요거점역":"NA",
            "3km이내백화점수":0,
            "5km이내아울렛몰수":0,
            "1km이내대형먀트수":6,
            "500m이내은행수":4,
            "500m이내병원수":62,
            "5km이내대형병원수":2,
            "500m이내공원수":5,
            "3km이내혐오시설수":0,
            "초등학교학업성취도":80.97,
            "중학교학업성취도":72.1,
            "용적률":354,
            "건폐율":52,
            "Y":37.877222,
            "X":127.726851,
            "rank":55.0,
            "area_info":"25평(84.35), 25평(85.23), 28평(93.81), 36평(120.07), 36평(121.09), 55평(183.48)",
            "last_sales":"2021-09-23,22500.0,55평(183.48)"
        },
        {
            "index":275,
            "아파트명":"한진,한성",
            "투자타입":"일반",
            "전용면적(m2)":"77.27",
            "전용면적(평)":"23평",
            "법정동주소":"강원도 춘천시 퇴계동 917",
            "도로명주소":"강원도 춘천시 행촌로 11",
            "세대수":50,
            "입주년차":0,
            "용적률점수":"--",
            "건폐율점수":"--",
            "세대당주차수":0,
            "난방방식":30,
            "공급면적":"--",
            "전용률":"--",
            "욕실수":50,
            "현관타입":100,
            "주거총점":35.5,
            "지역구공급총점":0.0,
            "역세권":"NA",
            "30분내 이동가능 거점":"NA",
            "1시간내 이동가능 거점":"NA",
            "교통총점":"NA",
            "백화점":0,
            "아울렛몰":0,
            "대형마트":80,
            "은행":0,
            "병원":30,
            "종합병원":100,
            "공원":100,
            "혐오시설":0,
            "인프라총점":38.0,
            "초등학군":100.0,
            "중학군":47.94,
            "학군총점":58.352,
            "인구수":30.97,
            "인구증감":5.75,
            "인구총점":23.404,
            "일자리":15.0,
            "소득수준":62.25,
            "일자리총점":29.175,
            "가치 총점":42.213,
            "매매실거래년":20220112.0,
            "매매실거래가":19100.0,
            "전세실거래년":null,
            "전세실거래가":null,
            "전세가율":null,
            "장기전세가율평균":78.74,
            "전세가율거품지수":null,
            "검색코드":6637,
            "세대수":600.0,
            "준공년월":"1995-04-27",
            "준공년차":28.0,
            "가까운역이름":"NA",
            "가까운역거리":"NA",
            "역세권여부":"NA",
            "30분이내주요거점역":"NA",
            "1시간이내주요거점역":"NA",
            "3km이내백화점수":0,
            "5km이내아울렛몰수":0,
            "1km이내대형먀트수":1,
            "500m이내은행수":1,
            "500m이내병원수":9,
            "5km이내대형병원수":2,
            "500m이내공원수":5,
            "3km이내혐오시설수":0,
            "초등학교학업성취도":100.0,
            "중학교학업성취도":77.9,
            "용적률":213,
            "건폐율":20,
            "Y":37.859228,
            "X":127.72261,
            "rank":56.0,
            "area_info":"23평(77.27), 23평(77.66), 31평(103.94), 31평(104.09)",
            "last_sales":"2022-01-12,19100.0,31평(104.09)"
        },
        {
            "index":310,
            "아파트명":"금호빌리지",
            "투자타입":"재건축",
            "전용면적(m2)":"97.63",
            "전용면적(평)":"29평",
            "법정동주소":"강원도 춘천시 후평동 866",
            "도로명주소":"강원도 춘천시 후만로 119",
            "세대수":0,
            "입주년차":"--",
            "용적률점수":80,
            "건폐율점수":80,
            "세대당주차수":"--",
            "난방방식":"--",
            "공급면적":70,
            "전용률":80,
            "욕실수":"--",
            "현관타입":"--",
            "주거총점":55.5,
            "지역구공급총점":0.0,
            "역세권":"NA",
            "30분내 이동가능 거점":"NA",
            "1시간내 이동가능 거점":"NA",
            "교통총점":"NA",
            "백화점":0,
            "아울렛몰":0,
            "대형마트":0,
            "은행":0,
            "병원":10,
            "종합병원":100,
            "공원":100,
            "혐오시설":0,
            "인프라총점":24.0,
            "초등학군":92.08,
            "중학군":41.62,
            "학군총점":51.712,
            "인구수":30.97,
            "인구증감":5.75,
            "인구총점":23.404,
            "일자리":15.0,
            "소득수준":62.25,
            "일자리총점":29.175,
            "가치 총점":41.953,
            "매매실거래년":"18000101",
            "매매실거래가":null,
            "전세실거래년":null,
            "전세실거래가":null,
            "전세가율":null,
            "장기전세가율평균":78.74,
            "전세가율거품지수":null,
            "검색코드":6686,
            "세대수":276.0,
            "준공년월":"1992-08-03",
            "준공년차":31.0,
            "가까운역이름":"NA",
            "가까운역거리":"NA",
            "역세권여부":"NA",
            "30분이내주요거점역":"NA",
            "1시간이내주요거점역":"NA",
            "3km이내백화점수":0,
            "5km이내아울렛몰수":0,
            "1km이내대형먀트수":0,
            "500m이내은행수":0,
            "500m이내병원수":3,
            "5km이내대형병원수":2,
            "500m이내공원수":4,
            "3km이내혐오시설수":0,
            "초등학교학업성취도":92.08,
            "중학교학업성취도":68.3,
            "용적률":173,
            "건폐율":23,
            "Y":37.877721,
            "X":127.757257,
            "rank":57.0,
            "area_info":"29평(97.63), 33평(109.83), 38평(127.19), 38평(128.22), 39평(130.89), 42평(139.07), 51평(171.65)",
            "last_sales":"1800-01-01,nan,29평(97.63)"
        },
        {
            "index":330,
            "아파트명":"석사주공2단지",
            "투자타입":"일반",
            "전용면적(m2)":"53.15",
            "전용면적(평)":"16평",
            "법정동주소":"강원도 춘천시 후평동 899",
            "도로명주소":"강원도 춘천시 후석로228번길 24",
            "세대수":90,
            "입주년차":0,
            "용적률점수":"--",
            "건폐율점수":"--",
            "세대당주차수":0,
            "난방방식":30,
            "공급면적":"--",
            "전용률":"--",
            "욕실수":50,
            "현관타입":10,
            "주거총점":40.5,
            "지역구공급총점":0.0,
            "역세권":"NA",
            "30분내 이동가능 거점":"NA",
            "1시간내 이동가능 거점":"NA",
            "교통총점":"NA",
            "백화점":0,
            "아울렛몰":0,
            "대형마트":80,
            "은행":0,
            "병원":10,
            "종합병원":100,
            "공원":100,
            "혐오시설":0,
            "인프라총점":36.0,
            "초등학군":87.04,
            "중학군":44.98,
            "학군총점":53.392,
            "인구수":30.97,
            "인구증감":5.75,
            "인구총점":23.404,
            "일자리":15.0,
            "소득수준":62.25,
            "일자리총점":29.175,
            "가치 총점":41.923,
            "매매실거래년":20211220.0,
            "매매실거래가":10500.0,
            "전세실거래년":20211125.0,
            "전세실거래가":8000.0,
            "전세가율":102.56,
            "장기전세가율평균":78.74,
            "전세가율거품지수":-23.82,
            "검색코드":6713,
            "세대수":1309.0,
            "준공년월":"1994-05-31",
            "준공년차":29.0,
            "가까운역이름":"NA",
            "가까운역거리":"NA",
            "역세권여부":"NA",
            "30분이내주요거점역":"NA",
            "1시간이내주요거점역":"NA",
            "3km이내백화점수":0,
            "5km이내아울렛몰수":0,
            "1km이내대형먀트수":1,
            "500m이내은행수":0,
            "500m이내병원수":4,
            "5km이내대형병원수":2,
            "500m이내공원수":7,
            "3km이내혐오시설수":0,
            "초등학교학업성취도":87.04,
            "중학교학업성취도":74.3,
            "용적률":202,
            "건폐율":14,
            "Y":37.871448,
            "X":127.756118,
            "rank":58.0,
            "area_info":"16평(53.15), 21평(71.12), 23평(78.98)",
            "last_sales":"2021-12-20,10500.0,21평(71.12)"
        },
        {
            "index":328,
            "아파트명":"동아",
            "투자타입":"일반",
            "전용면적(m2)":"122.41",
            "전용면적(평)":"37평",
            "법정동주소":"강원도 춘천시 후평동 893",
            "도로명주소":"강원도 춘천시 서부대성로 327",
            "세대수":30,
            "입주년차":0,
            "용적률점수":"--",
            "건폐율점수":"--",
            "세대당주차수":30,
            "난방방식":30,
            "공급면적":"--",
            "전용률":"--",
            "욕실수":100,
            "현관타입":100,
            "주거총점":38.0,
            "지역구공급총점":0.0,
            "역세권":"NA",
            "30분내 이동가능 거점":"NA",
            "1시간내 이동가능 거점":"NA",
            "교통총점":"NA",
            "백화점":0,
            "아울렛몰":0,
            "대형마트":80,
            "은행":0,
            "병원":30,
            "종합병원":100,
            "공원":100,
            "혐오시설":0,
            "인프라총점":38.0,
            "초등학군":87.04,
            "중학군":44.98,
            "학군총점":53.392,
            "인구수":30.97,
            "인구증감":5.75,
            "인구총점":23.404,
            "일자리":15.0,
            "소득수준":62.25,
            "일자리총점":29.175,
            "가치 총점":41.848,
            "매매실거래년":20211225.0,
            "매매실거래가":23600.0,
            "전세실거래년":20210828.0,
            "전세실거래가":15000.0,
            "전세가율":69.77,
            "장기전세가율평균":78.74,
            "전세가율거품지수":8.97,
            "검색코드":6710,
            "세대수":390.0,
            "준공년월":"1995-06-24",
            "준공년차":28.0,
            "가까운역이름":"NA",
            "가까운역거리":"NA",
            "역세권여부":"NA",
            "30분이내주요거점역":"NA",
            "1시간이내주요거점역":"NA",
            "3km이내백화점수":0,
            "5km이내아울렛몰수":0,
            "1km이내대형먀트수":1,
            "500m이내은행수":0,
            "500m이내병원수":8,
            "5km이내대형병원수":2,
            "500m이내공원수":7,
            "3km이내혐오시설수":0,
            "초등학교학업성취도":87.04,
            "중학교학업성취도":74.3,
            "용적률":258,
            "건폐율":22,
            "Y":37.870721,
            "X":127.753449,
            "rank":59.0,
            "area_info":"37평(122.41), 47평(157.84)",
            "last_sales":"2021-12-25,23600.0,47평(157.84)"
        },
        {
            "index":138,
            "아파트명":"소양로현대",
            "투자타입":"일반",
            "전용면적(m2)":"75.76",
            "전용면적(평)":"22평",
            "법정동주소":"강원도 춘천시 소양로2가 1",
            "도로명주소":"강원도 춘천시 모수물길 60",
            "세대수":50,
            "입주년차":0,
            "용적률점수":"--",
            "건폐율점수":"--",
            "세대당주차수":0,
            "난방방식":30,
            "공급면적":"--",
            "전용률":"--",
            "욕실수":50,
            "현관타입":100,
            "주거총점":35.5,
            "지역구공급총점":0.0,
            "역세권":"NA",
            "30분내 이동가능 거점":"NA",
            "1시간내 이동가능 거점":"NA",
            "교통총점":"NA",
            "백화점":0,
            "아울렛몰":0,
            "대형마트":100,
            "은행":0,
            "병원":10,
            "종합병원":100,
            "공원":100,
            "혐오시설":0,
            "인프라총점":39.0,
            "초등학군":86.6,
            "중학군":46.52,
            "학군총점":54.536,
            "인구수":30.97,
            "인구증감":5.75,
            "인구총점":23.404,
            "일자리":15.0,
            "소득수준":62.25,
            "일자리총점":29.175,
            "가치 총점":41.659,
            "매매실거래년":20211124.0,
            "매매실거래가":19400.0,
            "전세실거래년":20220114.0,
            "전세실거래가":12600.0,
            "전세가율":81.29,
            "장기전세가율평균":78.74,
            "전세가율거품지수":-2.55,
            "검색코드":14440,
            "세대수":635.0,
            "준공년월":"1998-11-19",
            "준공년차":25.0,
            "가까운역이름":"NA",
            "가까운역거리":"NA",
            "역세권여부":"NA",
            "30분이내주요거점역":"NA",
            "1시간이내주요거점역":"NA",
            "3km이내백화점수":0,
            "5km이내아울렛몰수":0,
            "1km이내대형먀트수":5,
            "500m이내은행수":0,
            "500m이내병원수":2,
            "5km이내대형병원수":2,
            "500m이내공원수":5,
            "3km이내혐오시설수":0,
            "초등학교학업성취도":86.6,
            "중학교학업성취도":76.8,
            "용적률":252,
            "건폐율":24,
            "Y":37.889143,
            "X":127.727102,
            "rank":60.0,
            "area_info":"22평(75.76), 24평(82.02), 32평(107.33), 43평(145.08)",
            "last_sales":"2021-11-24,19400.0,32평(107.33)"
        },
        {
            "index":258,
            "아파트명":"퇴계우성",
            "투자타입":"일반",
            "전용면적(m2)":"110.61",
            "전용면적(평)":"33평",
            "법정동주소":"강원도 춘천시 퇴계동 430",
            "도로명주소":"강원도 춘천시 국사봉길 7",
            "세대수":30,
            "입주년차":20,
            "용적률점수":"--",
            "건폐율점수":"--",
            "세대당주차수":30,
            "난방방식":30,
            "공급면적":"--",
            "전용률":"--",
            "욕실수":100,
            "현관타입":100,
            "주거총점":42.0,
            "지역구공급총점":0.0,
            "역세권":"NA",
            "30분내 이동가능 거점":"NA",
            "1시간내 이동가능 거점":"NA",
            "교통총점":"NA",
            "백화점":0,
            "아울렛몰":0,
            "대형마트":0,
            "은행":20,
            "병원":60,
            "종합병원":100,
            "공원":100,
            "혐오시설":0,
            "인프라총점":31.0,
            "초등학군":99.31,
            "중학군":47.94,
            "학군총점":58.214,
            "인구수":30.97,
            "인구증감":5.75,
            "인구총점":23.404,
            "일자리":15.0,
            "소득수준":62.25,
            "일자리총점":29.175,
            "가치 총점":41.6535,
            "매매실거래년":20211204.0,
            "매매실거래가":20000.0,
            "전세실거래년":20211204.0,
            "전세실거래가":16000.0,
            "전세가율":70.48,
            "장기전세가율평균":78.74,
            "전세가율거품지수":8.26,
            "검색코드":6618,
            "세대수":381.0,
            "준공년월":"1999-09-30",
            "준공년차":24.0,
            "가까운역이름":"NA",
            "가까운역거리":"NA",
            "역세권여부":"NA",
            "30분이내주요거점역":"NA",
            "1시간이내주요거점역":"NA",
            "3km이내백화점수":0,
            "5km이내아울렛몰수":0,
            "1km이내대형먀트수":0,
            "500m이내은행수":2,
            "500m이내병원수":14,
            "5km이내대형병원수":2,
            "500m이내공원수":3,
            "3km이내혐오시설수":0,
            "초등학교학업성취도":99.31,
            "중학교학업성취도":77.9,
            "용적률":196,
            "건폐율":16,
            "Y":37.85901,
            "X":127.729793,
            "rank":61.0,
            "area_info":"33평(110.61), 38평(125.83), 50평(167.52)",
            "last_sales":"2021-12-04,20000.0,50평(167.52)"
        },
        {
            "index":304,
            "아파트명":"효자코아루웰라움",
            "투자타입":"일반",
            "전용면적(m2)":"86.32",
            "전용면적(평)":"26평",
            "법정동주소":"강원도 춘천시 효자동 823",
            "도로명주소":"강원도 춘천시 공지로218번길 26",
            "세대수":0,
            "입주년차":100,
            "용적률점수":"--",
            "건폐율점수":"--",
            "세대당주차수":60,
            "난방방식":30,
            "공급면적":"--",
            "전용률":"--",
            "욕실수":100,
            "현관타입":100,
            "주거총점":52.0,
            "지역구공급총점":0.0,
            "역세권":"NA",
            "30분내 이동가능 거점":"NA",
            "1시간내 이동가능 거점":"NA",
            "교통총점":"NA",
            "백화점":0,
            "아울렛몰":0,
            "대형마트":0,
            "은행":0,
            "병원":0,
            "종합병원":100,
            "공원":100,
            "혐오시설":0,
            "인프라총점":23.0,
            "초등학군":89.78,
            "중학군":48.26,
            "학군총점":56.564,
            "인구수":30.97,
            "인구증감":5.75,
            "인구총점":23.404,
            "일자리":15.0,
            "소득수준":62.25,
            "일자리총점":29.175,
            "가치 총점":41.541,
            "매매실거래년":20211108.0,
            "매매실거래가":23600.0,
            "전세실거래년":20210915.0,
            "전세실거래가":18000.0,
            "전세가율":76.27,
            "장기전세가율평균":78.74,
            "전세가율거품지수":2.47,
            "검색코드":118710,
            "세대수":155.0,
            "준공년월":"2019-07-01",
            "준공년차":4.0,
            "가까운역이름":"NA",
            "가까운역거리":"NA",
            "역세권여부":"NA",
            "30분이내주요거점역":"NA",
            "1시간이내주요거점역":"NA",
            "3km이내백화점수":0,
            "5km이내아울렛몰수":0,
            "1km이내대형먀트수":0,
            "500m이내은행수":0,
            "500m이내병원수":1,
            "5km이내대형병원수":2,
            "500m이내공원수":5,
            "3km이내혐오시설수":0,
            "초등학교학업성취도":89.78,
            "중학교학업성취도":77.7,
            "용적률":247,
            "건폐율":23,
            "Y":37.863847,
            "X":127.742362,
            "rank":62.0,
            "area_info":"26평(86.32), 26평(88.27), 28평(92.89), 34평(112.58)",
            "last_sales":"2021-11-08,23600.0,26평(86.32)"
        },
        {
            "index":401,
            "아파트명":"한신",
            "투자타입":"재건축",
            "전용면적(m2)":"87.92",
            "전용면적(평)":"26평",
            "법정동주소":"강원도 춘천시 후평동 864",
            "도로명주소":"강원도 춘천시 부평길 7",
            "세대수":50,
            "입주년차":"--",
            "용적률점수":20,
            "건폐율점수":100,
            "세대당주차수":"--",
            "난방방식":"--",
            "공급면적":70,
            "전용률":80,
            "욕실수":"--",
            "현관타입":"--",
            "주거총점":50.5,
            "지역구공급총점":0.0,
            "역세권":"NA",
            "30분내 이동가능 거점":"NA",
            "1시간내 이동가능 거점":"NA",
            "교통총점":"NA",
            "백화점":0,
            "아울렛몰":0,
            "대형마트":0,
            "은행":0,
            "병원":30,
            "종합병원":100,
            "공원":100,
            "혐오시설":0,
            "인프라총점":26.0,
            "초등학군":94.98,
            "중학군":41.62,
            "학군총점":52.292,
            "인구수":30.97,
            "인구증감":5.75,
            "인구총점":23.404,
            "일자리":15.0,
            "소득수준":62.25,
            "일자리총점":29.175,
            "가치 총점":41.148,
            "매매실거래년":20220108.0,
            "매매실거래가":12500.0,
            "전세실거래년":20210915.0,
            "전세실거래가":10500.0,
            "전세가율":81.4,
            "장기전세가율평균":78.74,
            "전세가율거품지수":-2.66,
            "검색코드":6745,
            "세대수":560.0,
            "준공년월":"1991-01-19",
            "준공년차":32.0,
            "가까운역이름":"NA",
            "가까운역거리":"NA",
            "역세권여부":"NA",
            "30분이내주요거점역":"NA",
            "1시간이내주요거점역":"NA",
            "3km이내백화점수":0,
            "5km이내아울렛몰수":0,
            "1km이내대형먀트수":0,
            "500m이내은행수":0,
            "500m이내병원수":7,
            "5km이내대형병원수":2,
            "500m이내공원수":6,
            "3km이내혐오시설수":0,
            "초등학교학업성취도":94.98,
            "중학교학업성취도":68.3,
            "용적률":212,
            "건폐율":17,
            "Y":37.873284,
            "X":127.750974,
            "rank":63.0,
            "area_info":"26평(87.92), 30평(101.28), 45평(149.61)",
            "last_sales":"2022-01-08,12500.0,30평(101.28)"
        },
        {
            "index":160,
            "아파트명":"보배온의",
            "투자타입":"재건축",
            "전용면적(m2)":"102.52",
            "전용면적(평)":"31평",
            "법정동주소":"강원도 춘천시 온의동 509",
            "도로명주소":"강원도 춘천시 스포츠타운길 529-15",
            "세대수":0,
            "입주년차":"--",
            "용적률점수":0,
            "건폐율점수":100,
            "세대당주차수":"--",
            "난방방식":"--",
            "공급면적":90,
            "전용률":80,
            "욕실수":"--",
            "현관타입":"--",
            "주거총점":28.5,
            "지역구공급총점":0.0,
            "역세권":"NA",
            "30분내 이동가능 거점":"NA",
            "1시간내 이동가능 거점":"NA",
            "교통총점":"NA",
            "백화점":0,
            "아울렛몰":0,
            "대형마트":100,
            "은행":0,
            "병원":60,
            "종합병원":100,
            "공원":100,
            "혐오시설":0,
            "인프라총점":44.0,
            "초등학군":93.1,
            "중학군":44.34,
            "학군총점":54.092,
            "인구수":30.97,
            "인구증감":5.75,
            "인구총점":23.404,
            "일자리":15.0,
            "소득수준":62.25,
            "일자리총점":29.175,
            "가치 총점":41.098,
            "매매실거래년":20211204.0,
            "매매실거래가":19700.0,
            "전세실거래년":20220107.0,
            "전세실거래가":14000.0,
            "전세가율":82.35,
            "장기전세가율평균":78.74,
            "전세가율거품지수":-3.61,
            "검색코드":6579,
            "세대수":262.0,
            "준공년월":"1992-09-17",
            "준공년차":31.0,
            "가까운역이름":"NA",
            "가까운역거리":"NA",
            "역세권여부":"NA",
            "30분이내주요거점역":"NA",
            "1시간이내주요거점역":"NA",
            "3km이내백화점수":0,
            "5km이내아울렛몰수":0,
            "1km이내대형먀트수":2,
            "500m이내은행수":0,
            "500m이내병원수":10,
            "5km이내대형병원수":2,
            "500m이내공원수":11,
            "3km이내혐오시설수":0,
            "초등학교학업성취도":93.1,
            "중학교학업성취도":72.1,
            "용적률":235,
            "건폐율":19,
            "Y":37.86945,
            "X":127.71324,
            "rank":64.0,
            "area_info":"31평(102.52), 44평(147.81)",
            "last_sales":"2021-12-04,19700.0,44평(147.81)"
        },
        {
            "index":64,
            "아파트명":"현대",
            "투자타입":"일반",
            "전용면적(m2)":"83.57",
            "전용면적(평)":"25평",
            "법정동주소":"강원도 춘천시 사농동 158",
            "도로명주소":"강원도 춘천시 영서로 2920",
            "세대수":80,
            "입주년차":20,
            "용적률점수":"--",
            "건폐율점수":"--",
            "세대당주차수":30,
            "난방방식":30,
            "공급면적":"--",
            "전용률":"--",
            "욕실수":50,
            "현관타입":100,
            "주거총점":54.5,
            "지역구공급총점":0.0,
            "역세권":"NA",
            "30분내 이동가능 거점":"NA",
            "1시간내 이동가능 거점":"NA",
            "교통총점":"NA",
            "백화점":0,
            "아울렛몰":0,
            "대형마트":0,
            "은행":0,
            "병원":0,
            "종합병원":100,
            "공원":80,
            "혐오시설":0,
            "인프라총점":22.4,
            "초등학군":94.89,
            "중학군":41.52,
            "학군총점":52.194,
            "인구수":30.97,
            "인구증감":5.75,
            "인구총점":23.404,
            "일자리":15.0,
            "소득수준":62.25,
            "일자리총점":29.175,
            "가치 총점":41.0835,
            "매매실거래년":20220108.0,
            "매매실거래가":17300.0,
            "전세실거래년":20220102.0,
            "전세실거래가":12000.0,
            "전세가율":77.92,
            "장기전세가율평균":78.74,
            "전세가율거품지수":0.82,
            "검색코드":13565,
            "세대수":810.0,
            "준공년월":"2002-09-27",
            "준공년차":21.0,
            "가까운역이름":"NA",
            "가까운역거리":"NA",
            "역세권여부":"NA",
            "30분이내주요거점역":"NA",
            "1시간이내주요거점역":"NA",
            "3km이내백화점수":0,
            "5km이내아울렛몰수":0,
            "1km이내대형먀트수":0,
            "500m이내은행수":0,
            "500m이내병원수":0,
            "5km이내대형병원수":2,
            "500m이내공원수":1,
            "3km이내혐오시설수":0,
            "초등학교학업성취도":94.89,
            "중학교학업성취도":67.8,
            "용적률":191,
            "건폐율":13,
            "Y":37.91185,
            "X":127.72388,
            "rank":65.0,
            "area_info":"25평(83.57), 25평(85.24), 29평(96.28), 33평(110.02), 37평(123.46)",
            "last_sales":"2022-01-08,17300.0,33평(110.02)"
        },
        {
            "index":109,
            "아파트명":"청구",
            "투자타입":"일반",
            "전용면적(m2)":"78.33",
            "전용면적(평)":"23평",
            "법정동주소":"강원도 춘천시 석사동 727-6",
            "도로명주소":"강원도 춘천시 서부대성로 332",
            "세대수":50,
            "입주년차":0,
            "용적률점수":"--",
            "건폐율점수":"--",
            "세대당주차수":0,
            "난방방식":30,
            "공급면적":"--",
            "전용률":"--",
            "욕실수":50,
            "현관타입":100,
            "주거총점":35.5,
            "지역구공급총점":0.0,
            "역세권":"NA",
            "30분내 이동가능 거점":"NA",
            "1시간내 이동가능 거점":"NA",
            "교통총점":"NA",
            "백화점":0,
            "아울렛몰":0,
            "대형마트":80,
            "은행":0,
            "병원":30,
            "종합병원":100,
            "공원":100,
            "혐오시설":0,
            "인프라총점":38.0,
            "초등학군":87.04,
            "중학군":44.98,
            "학군총점":53.392,
            "인구수":30.97,
            "인구증감":5.75,
            "인구총점":23.404,
            "일자리":15.0,
            "소득수준":62.25,
            "일자리총점":29.175,
            "가치 총점":40.973,
            "매매실거래년":20211231.0,
            "매매실거래가":16500.0,
            "전세실거래년":20210910.0,
            "전세실거래가":12500.0,
            "전세가율":75.76,
            "장기전세가율평균":78.74,
            "전세가율거품지수":2.98,
            "검색코드":6556,
            "세대수":438.0,
            "준공년월":"1997-09-09",
            "준공년차":26.0,
            "가까운역이름":"NA",
            "가까운역거리":"NA",
            "역세권여부":"NA",
            "30분이내주요거점역":"NA",
            "1시간이내주요거점역":"NA",
            "3km이내백화점수":0,
            "5km이내아울렛몰수":0,
            "1km이내대형먀트수":1,
            "500m이내은행수":0,
            "500m이내병원수":8,
            "5km이내대형병원수":2,
            "500m이내공원수":7,
            "3km이내혐오시설수":0,
            "초등학교학업성취도":87.04,
            "중학교학업성취도":74.3,
            "용적률":202,
            "건폐율":19,
            "Y":37.869496,
            "X":127.753465,
            "rank":66.0,
            "area_info":"23평(78.33), 23평(79.33)",
            "last_sales":"2021-12-31,16500.0,23평(78.33)"
        },
        {
            "index":86,
            "아파트명":"두산",
            "투자타입":"일반",
            "전용면적(m2)":"79.39",
            "전용면적(평)":"24평",
            "법정동주소":"강원도 춘천시 석사동 727-4",
            "도로명주소":"강원도 춘천시 후석로186번길 25",
            "세대수":50,
            "입주년차":0,
            "용적률점수":"--",
            "건폐율점수":"--",
            "세대당주차수":0,
            "난방방식":30,
            "공급면적":"--",
            "전용률":"--",
            "욕실수":50,
            "현관타입":100,
            "주거총점":35.5,
            "지역구공급총점":0.0,
            "역세권":"NA",
            "30분내 이동가능 거점":"NA",
            "1시간내 이동가능 거점":"NA",
            "교통총점":"NA",
            "백화점":0,
            "아울렛몰":0,
            "대형마트":80,
            "은행":0,
            "병원":30,
            "종합병원":100,
            "공원":100,
            "혐오시설":0,
            "인프라총점":38.0,
            "초등학군":87.04,
            "중학군":44.98,
            "학군총점":53.392,
            "인구수":30.97,
            "인구증감":5.75,
            "인구총점":23.404,
            "일자리":15.0,
            "소득수준":62.25,
            "일자리총점":29.175,
            "가치 총점":40.973,
            "매매실거래년":20211222.0,
            "매매실거래가":16000.0,
            "전세실거래년":20220103.0,
            "전세실거래가":14700.0,
            "전세가율":91.88,
            "장기전세가율평균":78.74,
            "전세가율거품지수":-13.14,
            "검색코드":6547,
            "세대수":498.0,
            "준공년월":"1997-07-29",
            "준공년차":26.0,
            "가까운역이름":"NA",
            "가까운역거리":"NA",
            "역세권여부":"NA",
            "30분이내주요거점역":"NA",
            "1시간이내주요거점역":"NA",
            "3km이내백화점수":0,
            "5km이내아울렛몰수":0,
            "1km이내대형먀트수":1,
            "500m이내은행수":0,
            "500m이내병원수":8,
            "5km이내대형병원수":2,
            "500m이내공원수":7,
            "3km이내혐오시설수":0,
            "초등학교학업성취도":87.04,
            "중학교학업성취도":74.3,
            "용적률":201,
            "건폐율":20,
            "Y":37.868301,
            "X":127.755412,
            "rank":66.0,
            "area_info":"24평(79.39)",
            "last_sales":"2021-12-22,16000.0,24평(79.39)"
        },
        {
            "index":108,
            "아파트명":"진흥",
            "투자타입":"일반",
            "전용면적(m2)":"76.87",
            "전용면적(평)":"23평",
            "법정동주소":"강원도 춘천시 석사동 727-5",
            "도로명주소":"강원도 춘천시 후석로186번길 9",
            "세대수":50,
            "입주년차":0,
            "용적률점수":"--",
            "건폐율점수":"--",
            "세대당주차수":0,
            "난방방식":30,
            "공급면적":"--",
            "전용률":"--",
            "욕실수":50,
            "현관타입":100,
            "주거총점":35.5,
            "지역구공급총점":0.0,
            "역세권":"NA",
            "30분내 이동가능 거점":"NA",
            "1시간내 이동가능 거점":"NA",
            "교통총점":"NA",
            "백화점":0,
            "아울렛몰":0,
            "대형마트":80,
            "은행":0,
            "병원":30,
            "종합병원":100,
            "공원":100,
            "혐오시설":0,
            "인프라총점":38.0,
            "초등학군":87.04,
            "중학군":44.98,
            "학군총점":53.392,
            "인구수":30.97,
            "인구증감":5.75,
            "인구총점":23.404,
            "일자리":15.0,
            "소득수준":62.25,
            "일자리총점":29.175,
            "가치 총점":40.973,
            "매매실거래년":20211218.0,
            "매매실거래가":15500.0,
            "전세실거래년":20211225.0,
            "전세실거래가":15000.0,
            "전세가율":96.77,
            "장기전세가율평균":78.74,
            "전세가율거품지수":-18.03,
            "검색코드":6554,
            "세대수":563.0,
            "준공년월":"1997-06-25",
            "준공년차":26.0,
            "가까운역이름":"NA",
            "가까운역거리":"NA",
            "역세권여부":"NA",
            "30분이내주요거점역":"NA",
            "1시간이내주요거점역":"NA",
            "3km이내백화점수":0,
            "5km이내아울렛몰수":0,
            "1km이내대형먀트수":1,
            "500m이내은행수":0,
            "500m이내병원수":7,
            "5km이내대형병원수":2,
            "500m이내공원수":6,
            "3km이내혐오시설수":0,
            "초등학교학업성취도":87.04,
            "중학교학업성취도":74.3,
            "용적률":212,
            "건폐율":20,
            "Y":37.868018,
            "X":127.753447,
            "rank":66.0,
            "area_info":"23평(76.87)",
            "last_sales":"2021-12-18,15500.0,23평(76.87)"
        },
        {
            "index":27,
            "아파트명":"KCC스위첸",
            "투자타입":"일반",
            "전용면적(m2)":"110.24",
            "전용면적(평)":"33평",
            "법정동주소":"강원도 춘천시 동면 만천리 984",
            "도로명주소":"강원도 춘천시 만천로 69",
            "세대수":30,
            "입주년차":60,
            "용적률점수":"--",
            "건폐율점수":"--",
            "세대당주차수":60,
            "난방방식":30,
            "공급면적":"--",
            "전용률":"--",
            "욕실수":100,
            "현관타입":100,
            "주거총점":54.5,
            "지역구공급총점":0.0,
            "역세권":"NA",
            "30분내 이동가능 거점":"NA",
            "1시간내 이동가능 거점":"NA",
            "교통총점":"NA",
            "백화점":0,
            "아울렛몰":0,
            "대형마트":0,
            "은행":0,
            "병원":0,
            "종합병원":100,
            "공원":80,
            "혐오시설":0,
            "인프라총점":22.4,
            "초등학군":92.08,
            "중학군":41.62,
            "학군총점":51.712,
            "인구수":30.97,
            "인구증감":5.75,
            "인구총점":23.404,
            "일자리":15.0,
            "소득수준":62.25,
            "일자리총점":29.175,
            "가치 총점":40.963,
            "매매실거래년":20211230.0,
            "매매실거래가":29000.0,
            "전세실거래년":20211029.0,
            "전세실거래가":18000.0,
            "전세가율":75.63,
            "장기전세가율평균":78.74,
            "전세가율거품지수":3.11,
            "검색코드":102544,
            "세대수":384.0,
            "준공년월":"2009-11-30",
            "준공년차":14.0,
            "가까운역이름":"NA",
            "가까운역거리":"NA",
            "역세권여부":"NA",
            "30분이내주요거점역":"NA",
            "1시간이내주요거점역":"NA",
            "3km이내백화점수":0,
            "5km이내아울렛몰수":0,
            "1km이내대형먀트수":0,
            "500m이내은행수":0,
            "500m이내병원수":0,
            "5km이내대형병원수":2,
            "500m이내공원수":1,
            "3km이내혐오시설수":0,
            "초등학교학업성취도":92.08,
            "중학교학업성취도":68.3,
            "용적률":268,
            "건폐율":24,
            "Y":37.878747,
            "X":127.765381,
            "rank":67.0,
            "area_info":"33평(110.24), 45평(150.81), 48평(159.14)",
            "last_sales":"2021-12-30,29000.0,45평(150.81)"
        },
        {
            "index":12,
            "아파트명":"창촌",
            "투자타입":"재건축",
            "전용면적(m2)":"43.55",
            "전용면적(평)":"13평",
            "법정동주소":"강원도 춘천시 남산면 창촌리 34-2",
            "도로명주소":"강원도 춘천시 창말길 54-14",
            "세대수":0,
            "입주년차":"--",
            "용적률점수":100,
            "건폐율점수":100,
            "세대당주차수":"--",
            "난방방식":"--",
            "공급면적":50,
            "전용률":80,
            "욕실수":"--",
            "현관타입":"--",
            "주거총점":66.5,
            "지역구공급총점":0.0,
            "역세권":"NA",
            "30분내 이동가능 거점":"NA",
            "1시간내 이동가능 거점":"NA",
            "교통총점":"NA",
            "백화점":0,
            "아울렛몰":0,
            "대형마트":100,
            "은행":0,
            "병원":0,
            "종합병원":0,
            "공원":0,
            "혐오시설":0,
            "인프라총점":15.0,
            "초등학군":90.0,
            "중학군":34.68,
            "학군총점":45.744,
            "인구수":30.97,
            "인구증감":5.75,
            "인구총점":23.404,
            "일자리":15.0,
            "소득수준":62.25,
            "일자리총점":29.175,
            "가치 총점":40.711,
            "매매실거래년":20211108.0,
            "매매실거래가":3700.0,
            "전세실거래년":20190930.0,
            "전세실거래가":2500.0,
            "전세가율":67.57,
            "장기전세가율평균":78.74,
            "전세가율거품지수":11.17,
            "검색코드":112430,
            "세대수":140.0,
            "준공년월":"1990-03-07",
            "준공년차":33.0,
            "가까운역이름":"NA",
            "가까운역거리":"NA",
            "역세권여부":"NA",
            "30분이내주요거점역":"NA",
            "1시간이내주요거점역":"NA",
            "3km이내백화점수":0,
            "5km이내아울렛몰수":0,
            "1km이내대형먀트수":2,
            "500m이내은행수":0,
            "500m이내병원수":1,
            "5km이내대형병원수":0,
            "500m이내공원수":0,
            "3km이내혐오시설수":0,
            "초등학교학업성취도":90.0,
            "중학교학업성취도":57.8,
            "용적률":84,
            "건폐율":18,
            "Y":37.789286,
            "X":127.650048,
            "rank":68.0,
            "area_info":"13평(43.55)",
            "last_sales":"2021-11-08,3700.0,13평(43.55)"
        },
        {
            "index":49,
            "아파트명":"한일유앤아이",
            "투자타입":"일반",
            "전용면적(m2)":"110.42",
            "전용면적(평)":"33평",
            "법정동주소":"강원도 춘천시 동면 만천리 971",
            "도로명주소":"강원도 춘천시 만천로 107",
            "세대수":50,
            "입주년차":40,
            "용적률점수":"--",
            "건폐율점수":"--",
            "세대당주차수":30,
            "난방방식":30,
            "공급면적":"--",
            "전용률":"--",
            "욕실수":100,
            "현관타입":100,
            "주거총점":53.0,
            "지역구공급총점":0.0,
            "역세권":"NA",
            "30분내 이동가능 거점":"NA",
            "1시간내 이동가능 거점":"NA",
            "교통총점":"NA",
            "백화점":0,
            "아울렛몰":0,
            "대형마트":0,
            "은행":0,
            "병원":0,
            "종합병원":100,
            "공원":100,
            "혐오시설":0,
            "인프라총점":23.0,
            "초등학군":87.06,
            "중학군":41.62,
            "학군총점":50.708,
            "인구수":30.97,
            "인구증감":5.75,
            "인구총점":23.404,
            "일자리":15.0,
            "소득수준":62.25,
            "일자리총점":29.175,
            "가치 총점":40.427,
            "매매실거래년":20220110.0,
            "매매실거래가":23200.0,
            "전세실거래년":20220114.0,
            "전세실거래가":17000.0,
            "전세가율":73.28,
            "장기전세가율평균":78.74,
            "전세가율거품지수":5.46,
            "검색코드":18936,
            "세대수":573.0,
            "준공년월":"2006-02-07",
            "준공년차":17.0,
            "가까운역이름":"NA",
            "가까운역거리":"NA",
            "역세권여부":"NA",
            "30분이내주요거점역":"NA",
            "1시간이내주요거점역":"NA",
            "3km이내백화점수":0,
            "5km이내아울렛몰수":0,
            "1km이내대형먀트수":0,
            "500m이내은행수":0,
            "500m이내병원수":0,
            "5km이내대형병원수":2,
            "500m이내공원수":2,
            "3km이내혐오시설수":0,
            "초등학교학업성취도":87.06,
            "중학교학업성취도":68.3,
            "용적률":252,
            "건폐율":22,
            "Y":37.880766,
            "X":127.761601,
            "rank":69.0,
            "area_info":"33평(110.42), 36평(119.84), 47평(157.74), 60평(200.27)",
            "last_sales":"2022-01-10,23200.0,33평(110.42)"
        },
        {
            "index":340,
            "아파트명":"세경4차",
            "투자타입":"일반",
            "전용면적(m2)":"62.64",
            "전용면적(평)":"18평",
            "법정동주소":"강원도 춘천시 후평동 885-1",
            "도로명주소":"강원도 춘천시 세실로 173",
            "세대수":50,
            "입주년차":0,
            "용적률점수":"--",
            "건폐율점수":"--",
            "세대당주차수":0,
            "난방방식":30,
            "공급면적":"--",
            "전용률":"--",
            "욕실수":50,
            "현관타입":100,
            "주거총점":35.5,
            "지역구공급총점":0.0,
            "역세권":"NA",
            "30분내 이동가능 거점":"NA",
            "1시간내 이동가능 거점":"NA",
            "교통총점":"NA",
            "백화점":0,
            "아울렛몰":0,
            "대형마트":80,
            "은행":0,
            "병원":10,
            "종합병원":100,
            "공원":100,
            "혐오시설":0,
            "인프라총점":36.0,
            "초등학군":92.08,
            "중학군":44.98,
            "학군총점":54.4,
            "인구수":30.97,
            "인구증감":5.75,
            "인구총점":23.404,
            "일자리":15.0,
            "소득수준":62.25,
            "일자리총점":29.175,
            "가치 총점":40.425,
            "매매실거래년":20220112.0,
            "매매실거래가":7400.0,
            "전세실거래년":20220111.0,
            "전세실거래가":6500.0,
            "전세가율":87.84,
            "장기전세가율평균":78.74,
            "전세가율거품지수":-9.1,
            "검색코드":114409,
            "세대수":560.0,
            "준공년월":"1994-08-12",
            "준공년차":29.0,
            "가까운역이름":"NA",
            "가까운역거리":"NA",
            "역세권여부":"NA",
            "30분이내주요거점역":"NA",
            "1시간이내주요거점역":"NA",
            "3km이내백화점수":0,
            "5km이내아울렛몰수":0,
            "1km이내대형먀트수":1,
            "500m이내은행수":0,
            "500m이내병원수":3,
            "5km이내대형병원수":2,
            "500m이내공원수":5,
            "3km이내혐오시설수":0,
            "초등학교학업성취도":92.08,
            "중학교학업성취도":74.3,
            "용적률":114,
            "건폐율":23,
            "Y":37.872927,
            "X":127.758002,
            "rank":70.0,
            "area_info":"18평(62.64), 19평(65.16)",
            "last_sales":"2022-01-12,7400.0,18평(62.64)"
        },
        {
            "index":100,
            "아파트명":"석사신도브래뉴",
            "투자타입":"일반",
            "전용면적(m2)":"113.46",
            "전용면적(평)":"34평",
            "법정동주소":"강원도 춘천시 석사동 971",
            "도로명주소":"강원도 춘천시 공지로 69-10",
            "세대수":0,
            "입주년차":40,
            "용적률점수":"--",
            "건폐율점수":"--",
            "세대당주차수":60,
            "난방방식":30,
            "공급면적":"--",
            "전용률":"--",
            "욕실수":100,
            "현관타입":100,
            "주거총점":40.0,
            "지역구공급총점":0.0,
            "역세권":"NA",
            "30분내 이동가능 거점":"NA",
            "1시간내 이동가능 거점":"NA",
            "교통총점":"NA",
            "백화점":0,
            "아울렛몰":0,
            "대형마트":0,
            "은행":0,
            "병원":60,
            "종합병원":100,
            "공원":100,
            "혐오시설":0,
            "인프라총점":29.0,
            "초등학군":87.36,
            "중학군":49.34,
            "학군총점":56.944,
            "인구수":30.97,
            "인구증감":5.75,
            "인구총점":23.404,
            "일자리":15.0,
            "소득수준":62.25,
            "일자리총점":29.175,
            "가치 총점":39.836,
            "매매실거래년":20211123.0,
            "매매실거래가":39000.0,
            "전세실거래년":20211204.0,
            "전세실거래가":15000.0,
            "전세가율":47.17,
            "장기전세가율평균":78.74,
            "전세가율거품지수":31.57,
            "검색코드":24176,
            "세대수":234.0,
            "준공년월":"2007-10-26",
            "준공년차":16.0,
            "가까운역이름":"NA",
            "가까운역거리":"NA",
            "역세권여부":"NA",
            "30분이내주요거점역":"NA",
            "1시간이내주요거점역":"NA",
            "3km이내백화점수":0,
            "5km이내아울렛몰수":0,
            "1km이내대형먀트수":0,
            "500m이내은행수":0,
            "500m이내병원수":14,
            "5km이내대형병원수":2,
            "500m이내공원수":5,
            "3km이내혐오시설수":0,
            "초등학교학업성취도":87.36,
            "중학교학업성취도":80.7,
            "용적률":247,
            "건폐율":22,
            "Y":37.853828,
            "X":127.749824,
            "rank":71.0,
            "area_info":"34평(113.46), 47평(156.63)",
            "last_sales":"2021-11-23,39000.0,47평(156.63)"
        },
        {
            "index":358,
            "아파트명":"초록지붕",
            "투자타입":"일반",
            "전용면적(m2)":"100.89",
            "전용면적(평)":"30평",
            "법정동주소":"강원도 춘천시 후평동 908",
            "도로명주소":"강원도 춘천시 세실로 260",
            "세대수":0,
            "입주년차":60,
            "용적률점수":"--",
            "건폐율점수":"--",
            "세대당주차수":60,
            "난방방식":30,
            "공급면적":"--",
            "전용률":"--",
            "욕실수":100,
            "현관타입":100,
            "주거총점":44.0,
            "지역구공급총점":0.0,
            "역세권":"NA",
            "30분내 이동가능 거점":"NA",
            "1시간내 이동가능 거점":"NA",
            "교통총점":"NA",
            "백화점":0,
            "아울렛몰":0,
            "대형마트":0,
            "은행":0,
            "병원":60,
            "종합병원":100,
            "공원":100,
            "혐오시설":0,
            "인프라총점":29.0,
            "초등학군":87.06,
            "중학군":41.62,
            "학군총점":50.708,
            "인구수":30.97,
            "인구증감":5.75,
            "인구총점":23.404,
            "일자리":15.0,
            "소득수준":62.25,
            "일자리총점":29.175,
            "가치 총점":39.677,
            "매매실거래년":20210916.0,
            "매매실거래가":22700.0,
            "전세실거래년":20210901.0,
            "전세실거래가":15000.0,
            "전세가율":83.8,
            "장기전세가율평균":78.74,
            "전세가율거품지수":-5.06,
            "검색코드":102519,
            "세대수":278.0,
            "준공년월":"2010-12-03",
            "준공년차":13.0,
            "가까운역이름":"NA",
            "가까운역거리":"NA",
            "역세권여부":"NA",
            "30분이내주요거점역":"NA",
            "1시간이내주요거점역":"NA",
            "3km이내백화점수":0,
            "5km이내아울렛몰수":0,
            "1km이내대형먀트수":0,
            "500m이내은행수":0,
            "500m이내병원수":19,
            "5km이내대형병원수":2,
            "500m이내공원수":2,
            "3km이내혐오시설수":0,
            "초등학교학업성취도":87.06,
            "중학교학업성취도":68.3,
            "용적률":242,
            "건폐율":20,
            "Y":37.880294,
            "X":127.755577,
            "rank":72.0,
            "area_info":"30평(100.89), 30평(101.33), 30평(102.13), 30평(102.02), 31평(104.65), 33평(109.61), 34평(112.47), 34평(113.78)",
            "last_sales":"2021-09-16,22700.0,33평(109.61)"
        },
        {
            "index":189,
            "아파트명":"동부",
            "투자타입":"일반",
            "전용면적(m2)":"76.55",
            "전용면적(평)":"23평",
            "법정동주소":"강원도 춘천시 우두동 1068-1",
            "도로명주소":"강원도 춘천시 충열로 32",
            "세대수":80,
            "입주년차":0,
            "용적률점수":"--",
            "건폐율점수":"--",
            "세대당주차수":0,
            "난방방식":30,
            "공급면적":"--",
            "전용률":"--",
            "욕실수":50,
            "현관타입":100,
            "주거총점":46.0,
            "지역구공급총점":0.0,
            "역세권":"NA",
            "30분내 이동가능 거점":"NA",
            "1시간내 이동가능 거점":"NA",
            "교통총점":"NA",
            "백화점":0,
            "아울렛몰":0,
            "대형마트":0,
            "은행":0,
            "병원":30,
            "종합병원":100,
            "공원":100,
            "혐오시설":0,
            "인프라총점":26.0,
            "초등학군":94.89,
            "중학군":41.52,
            "학군총점":52.194,
            "인구수":30.97,
            "인구증감":5.75,
            "인구총점":23.404,
            "일자리":15.0,
            "소득수준":62.25,
            "일자리총점":29.175,
            "가치 총점":39.5485,
            "매매실거래년":20220107.0,
            "매매실거래가":17300.0,
            "전세실거래년":20211208.0,
            "전세실거래가":15000.0,
            "전세가율":85.71,
            "장기전세가율평균":78.74,
            "전세가율거품지수":-6.97,
            "검색코드":6608,
            "세대수":854.0,
            "준공년월":"1994-11-29",
            "준공년차":29.0,
            "가까운역이름":"NA",
            "가까운역거리":"NA",
            "역세권여부":"NA",
            "30분이내주요거점역":"NA",
            "1시간이내주요거점역":"NA",
            "3km이내백화점수":0,
            "5km이내아울렛몰수":0,
            "1km이내대형먀트수":0,
            "500m이내은행수":0,
            "500m이내병원수":8,
            "5km이내대형병원수":2,
            "500m이내공원수":2,
            "3km이내혐오시설수":0,
            "초등학교학업성취도":94.89,
            "중학교학업성취도":67.8,
            "용적률":245,
            "건폐율":20,
            "Y":37.89857,
            "X":127.732014,
            "rank":73.0,
            "area_info":"23평(76.55), 31평(103.18)",
            "last_sales":"2022-01-07,17300.0,31평(103.18)"
        },
        {
            "index":217,
            "아파트명":"춘천칠전사랑으로부영",
            "투자타입":"일반",
            "전용면적(m2)":"88.45",
            "전용면적(평)":"26평",
            "법정동주소":"강원도 춘천시 칠전동 529-2",
            "도로명주소":"강원도 춘천시 칠전서길 45",
            "세대수":30,
            "입주년차":60,
            "용적률점수":"--",
            "건폐율점수":"--",
            "세대당주차수":30,
            "난방방식":30,
            "공급면적":"--",
            "전용률":"--",
            "욕실수":100,
            "현관타입":100,
            "주거총점":50.0,
            "지역구공급총점":0.0,
            "역세권":"NA",
            "30분내 이동가능 거점":"NA",
            "1시간내 이동가능 거점":"NA",
            "교통총점":"NA",
            "백화점":0,
            "아울렛몰":0,
            "대형마트":0,
            "은행":0,
            "병원":0,
            "종합병원":80,
            "공원":100,
            "혐오시설":0,
            "인프라총점":19.0,
            "초등학군":87.44,
            "중학군":49.26,
            "학군총점":56.896,
            "인구수":30.97,
            "인구증감":5.75,
            "인구총점":23.404,
            "일자리":15.0,
            "소득수준":62.25,
            "일자리총점":29.175,
            "가치 총점":39.324,
            "매매실거래년":20220102.0,
            "매매실거래가":15800.0,
            "전세실거래년":20220107.0,
            "전세실거래가":14300.0,
            "전세가율":90.51,
            "장기전세가율평균":78.74,
            "전세가율거품지수":-11.77,
            "검색코드":105151,
            "세대수":369.0,
            "준공년월":"2012-09-18",
            "준공년차":11.0,
            "가까운역이름":"NA",
            "가까운역거리":"NA",
            "역세권여부":"NA",
            "30분이내주요거점역":"NA",
            "1시간이내주요거점역":"NA",
            "3km이내백화점수":0,
            "5km이내아울렛몰수":0,
            "1km이내대형먀트수":0,
            "500m이내은행수":0,
            "500m이내병원수":1,
            "5km이내대형병원수":1,
            "500m이내공원수":5,
            "3km이내혐오시설수":0,
            "초등학교학업성취도":87.44,
            "중학교학업성취도":80.9,
            "용적률":216,
            "건폐율":21,
            "Y":37.843768,
            "X":127.712022,
            "rank":74.0,
            "area_info":"26평(88.45)",
            "last_sales":"2022-01-02,15800.0,26평(88.45)"
        },
        {
            "index":30,
            "아파트명":"대동다숲",
            "투자타입":"일반",
            "전용면적(m2)":"113.89",
            "전용면적(평)":"34평",
            "법정동주소":"강원도 춘천시 동면 만천리 973",
            "도로명주소":"강원도 춘천시 후석로326번길 63",
            "세대수":0,
            "입주년차":40,
            "용적률점수":"--",
            "건폐율점수":"--",
            "세대당주차수":30,
            "난방방식":30,
            "공급면적":"--",
            "전용률":"--",
            "욕실수":100,
            "현관타입":100,
            "주거총점":35.5,
            "지역구공급총점":0.0,
            "역세권":"NA",
            "30분내 이동가능 거점":"NA",
            "1시간내 이동가능 거점":"NA",
            "교통총점":"NA",
            "백화점":0,
            "아울렛몰":0,
            "대형마트":80,
            "은행":0,
            "병원":0,
            "종합병원":100,
            "공원":100,
            "혐오시설":0,
            "인프라총점":35.0,
            "초등학군":87.06,
            "중학군":41.62,
            "학군총점":50.708,
            "인구수":30.97,
            "인구증감":5.75,
            "인구총점":23.404,
            "일자리":15.0,
            "소득수준":62.25,
            "일자리총점":29.175,
            "가치 총점":39.102,
            "매매실거래년":20220103.0,
            "매매실거래가":21600.0,
            "전세실거래년":20200709.0,
            "전세실거래가":20000.0,
            "전세가율":92.59,
            "장기전세가율평균":78.74,
            "전세가율거품지수":-13.85,
            "검색코드":24172,
            "세대수":287.0,
            "준공년월":"2008-05-09",
            "준공년차":15.0,
            "가까운역이름":"NA",
            "가까운역거리":"NA",
            "역세권여부":"NA",
            "30분이내주요거점역":"NA",
            "1시간이내주요거점역":"NA",
            "3km이내백화점수":0,
            "5km이내아울렛몰수":0,
            "1km이내대형먀트수":1,
            "500m이내은행수":0,
            "500m이내병원수":0,
            "5km이내대형병원수":2,
            "500m이내공원수":2,
            "3km이내혐오시설수":0,
            "초등학교학업성취도":87.06,
            "중학교학업성취도":68.3,
            "용적률":241,
            "건폐율":22,
            "Y":37.883151,
            "X":127.755477,
            "rank":75.0,
            "area_info":"34평(113.89), 34평(114.01), 50평(165.82)",
            "last_sales":"2022-01-03,21600.0,34평(113.89)"
        },
        {
            "index":308,
            "아파트명":"극동늘푸른",
            "투자타입":"일반",
            "전용면적(m2)":"80.61",
            "전용면적(평)":"24평",
            "법정동주소":"강원도 춘천시 후평동 595",
            "도로명주소":"강원도 춘천시 후석로 459",
            "세대수":50,
            "입주년차":0,
            "용적률점수":"--",
            "건폐율점수":"--",
            "세대당주차수":0,
            "난방방식":30,
            "공급면적":"--",
            "전용률":"--",
            "욕실수":50,
            "현관타입":100,
            "주거총점":35.5,
            "지역구공급총점":0.0,
            "역세권":"NA",
            "30분내 이동가능 거점":"NA",
            "1시간내 이동가능 거점":"NA",
            "교통총점":"NA",
            "백화점":0,
            "아울렛몰":0,
            "대형마트":80,
            "은행":0,
            "병원":0,
            "종합병원":100,
            "공원":0,
            "혐오시설":0,
            "인프라총점":32.0,
            "초등학군":89.7,
            "중학군":46.52,
            "학군총점":55.156,
            "인구수":30.97,
            "인구증감":5.75,
            "인구총점":23.404,
            "일자리":15.0,
            "소득수준":62.25,
            "일자리총점":29.175,
            "가치 총점":39.014,
            "매매실거래년":20211223.0,
            "매매실거래가":12500.0,
            "전세실거래년":20211019.0,
            "전세실거래가":5000.0,
            "전세가율":40.0,
            "장기전세가율평균":78.74,
            "전세가율거품지수":38.74,
            "검색코드":6681,
            "세대수":460.0,
            "준공년월":"1997-10-23",
            "준공년차":26.0,
            "가까운역이름":"NA",
            "가까운역거리":"NA",
            "역세권여부":"NA",
            "30분이내주요거점역":"NA",
            "1시간이내주요거점역":"NA",
            "3km이내백화점수":0,
            "5km이내아울렛몰수":0,
            "1km이내대형먀트수":1,
            "500m이내은행수":0,
            "500m이내병원수":0,
            "5km이내대형병원수":2,
            "500m이내공원수":0,
            "3km이내혐오시설수":0,
            "초등학교학업성취도":89.7,
            "중학교학업성취도":76.8,
            "용적률":258,
            "건폐율":20,
            "Y":37.890146,
            "X":127.740185,
            "rank":76.0,
            "area_info":"24평(80.61), 33평(109.26)",
            "last_sales":"2021-12-23,12500.0,24평(80.61)"
        },
        {
            "index":211,
            "아파트명":"대우1차",
            "투자타입":"일반",
            "전용면적(m2)":"77.68",
            "전용면적(평)":"23평",
            "법정동주소":"강원도 춘천시 칠전동 529-1",
            "도로명주소":"강원도 춘천시 옛경춘로 492",
            "세대수":50,
            "입주년차":20,
            "용적률점수":"--",
            "건폐율점수":"--",
            "세대당주차수":30,
            "난방방식":30,
            "공급면적":"--",
            "전용률":"--",
            "욕실수":100,
            "현관타입":100,
            "주거총점":49.0,
            "지역구공급총점":0.0,
            "역세권":"NA",
            "30분내 이동가능 거점":"NA",
            "1시간내 이동가능 거점":"NA",
            "교통총점":"NA",
            "백화점":0,
            "아울렛몰":0,
            "대형마트":0,
            "은행":0,
            "병원":0,
            "종합병원":80,
            "공원":100,
            "혐오시설":0,
            "인프라총점":19.0,
            "초등학군":87.44,
            "중학군":49.26,
            "학군총점":56.896,
            "인구수":30.97,
            "인구증감":5.75,
            "인구총점":23.404,
            "일자리":15.0,
            "소득수준":62.25,
            "일자리총점":29.175,
            "가치 총점":38.974,
            "매매실거래년":20220102.0,
            "매매실거래가":14600.0,
            "전세실거래년":20211207.0,
            "전세실거래가":11000.0,
            "전세가율":78.01,
            "장기전세가율평균":78.74,
            "전세가율거품지수":0.73,
            "검색코드":8447,
            "세대수":494.0,
            "준공년월":"1999-11-15",
            "준공년차":24.0,
            "가까운역이름":"NA",
            "가까운역거리":"NA",
            "역세권여부":"NA",
            "30분이내주요거점역":"NA",
            "1시간이내주요거점역":"NA",
            "3km이내백화점수":0,
            "5km이내아울렛몰수":0,
            "1km이내대형먀트수":0,
            "500m이내은행수":0,
            "500m이내병원수":1,
            "5km이내대형병원수":1,
            "500m이내공원수":3,
            "3km이내혐오시설수":0,
            "초등학교학업성취도":87.44,
            "중학교학업성취도":80.9,
            "용적률":156,
            "건폐율":17,
            "Y":37.843375,
            "X":127.710103,
            "rank":77.0,
            "area_info":"23평(77.68), 23평(77.83), 23평(77.69)",
            "last_sales":"2022-01-02,14600.0,23평(77.69)"
        },
        {
            "index":214,
            "아파트명":"춘천칠전대우2차",
            "투자타입":"일반",
            "전용면적(m2)":"96.72",
            "전용면적(평)":"29평",
            "법정동주소":"강원도 춘천시 칠전동 585-1",
            "도로명주소":"강원도 춘천시 칠전서길 15-2",
            "세대수":50,
            "입주년차":20,
            "용적률점수":"--",
            "건폐율점수":"--",
            "세대당주차수":30,
            "난방방식":30,
            "공급면적":"--",
            "전용률":"--",
            "욕실수":100,
            "현관타입":100,
            "주거총점":49.0,
            "지역구공급총점":0.0,
            "역세권":"NA",
            "30분내 이동가능 거점":"NA",
            "1시간내 이동가능 거점":"NA",
            "교통총점":"NA",
            "백화점":0,
            "아울렛몰":0,
            "대형마트":0,
            "은행":0,
            "병원":0,
            "종합병원":80,
            "공원":100,
            "혐오시설":0,
            "인프라총점":19.0,
            "초등학군":87.44,
            "중학군":49.26,
            "학군총점":56.896,
            "인구수":30.97,
            "인구증감":5.75,
            "인구총점":23.404,
            "일자리":15.0,
            "소득수준":62.25,
            "일자리총점":29.175,
            "가치 총점":38.974,
            "매매실거래년":20211228.0,
            "매매실거래가":20200.0,
            "전세실거래년":20191015.0,
            "전세실거래가":13000.0,
            "전세가율":78.31,
            "장기전세가율평균":78.74,
            "전세가율거품지수":0.43,
            "검색코드":14443,
            "세대수":614.0,
            "준공년월":"2002-04-29",
            "준공년차":21.0,
            "가까운역이름":"NA",
            "가까운역거리":"NA",
            "역세권여부":"NA",
            "30분이내주요거점역":"NA",
            "1시간이내주요거점역":"NA",
            "3km이내백화점수":0,
            "5km이내아울렛몰수":0,
            "1km이내대형먀트수":0,
            "500m이내은행수":0,
            "500m이내병원수":1,
            "5km이내대형병원수":1,
            "500m이내공원수":5,
            "3km이내혐오시설수":0,
            "초등학교학업성취도":87.44,
            "중학교학업성취도":80.9,
            "용적률":175,
            "건폐율":18,
            "Y":37.840937,
            "X":127.711578,
            "rank":77.0,
            "area_info":"29평(96.72), 34평(112.98), 34평(113.95)",
            "last_sales":"2021-12-28,20200.0,34평(113.95)"
        },
        {
            "index":55,
            "아파트명":"춘천롯데캐슬더퍼스트1단지",
            "투자타입":"일반",
            "전용면적(m2)":"109.66",
            "전용면적(평)":"33평",
            "법정동주소":"강원도 춘천시 사농동 809",
            "도로명주소":"강원도 춘천시 마장길 58",
            "세대수":30,
            "입주년차":40,
            "용적률점수":"--",
            "건폐율점수":"--",
            "세대당주차수":60,
            "난방방식":30,
            "공급면적":"--",
            "전용률":"--",
            "욕실수":100,
            "현관타입":100,
            "주거총점":50.5,
            "지역구공급총점":0.0,
            "역세권":"NA",
            "30분내 이동가능 거점":"NA",
            "1시간내 이동가능 거점":"NA",
            "교통총점":"NA",
            "백화점":0,
            "아울렛몰":0,
            "대형마트":0,
            "은행":0,
            "병원":0,
            "종합병원":100,
            "공원":0,
            "혐오시설":0,
            "인프라총점":20.0,
            "초등학군":94.89,
            "중학군":41.52,
            "학군총점":52.194,
            "인구수":30.97,
            "인구증감":5.75,
            "인구총점":23.404,
            "일자리":15.0,
            "소득수준":62.25,
            "일자리총점":29.175,
            "가치 총점":38.7235,
            "매매실거래년":20220102.0,
            "매매실거래가":21500.0,
            "전세실거래년":20220114.0,
            "전세실거래가":19000.0,
            "전세가율":82.97,
            "장기전세가율평균":78.74,
            "전세가율거품지수":-4.23,
            "검색코드":26013,
            "세대수":306.0,
            "준공년월":"2008-11-27",
            "준공년차":15.0,
            "가까운역이름":"NA",
            "가까운역거리":"NA",
            "역세권여부":"NA",
            "30분이내주요거점역":"NA",
            "1시간이내주요거점역":"NA",
            "3km이내백화점수":0,
            "5km이내아울렛몰수":0,
            "1km이내대형먀트수":0,
            "500m이내은행수":1,
            "500m이내병원수":1,
            "5km이내대형병원수":2,
            "500m이내공원수":0,
            "3km이내혐오시설수":0,
            "초등학교학업성취도":94.89,
            "중학교학업성취도":67.8,
            "용적률":242,
            "건폐율":24,
            "Y":37.908683,
            "X":127.729475,
            "rank":78.0,
            "area_info":"33평(109.66), 33평(109.13), 33평(111.23), 33평(111.31), 43평(144.25), 47평(156.92)",
            "last_sales":"2022-01-02,21500.0,33평(111.23)"
        },
        {
            "index":20,
            "아파트명":"초록지붕",
            "투자타입":"일반",
            "전용면적(m2)":"107.14",
            "전용면적(평)":"32평",
            "법정동주소":"강원도 춘천시 동내면 거두리 936",
            "도로명주소":"강원도 춘천시 거두택지길 7",
            "세대수":0,
            "입주년차":40,
            "용적률점수":"--",
            "건폐율점수":"--",
            "세대당주차수":60,
            "난방방식":30,
            "공급면적":"--",
            "전용률":"--",
            "욕실수":100,
            "현관타입":100,
            "주거총점":40.0,
            "지역구공급총점":0.0,
            "역세권":"NA",
            "30분내 이동가능 거점":"NA",
            "1시간내 이동가능 거점":"NA",
            "교통총점":"NA",
            "백화점":0,
            "아울렛몰":0,
            "대형마트":0,
            "은행":0,
            "병원":30,
            "종합병원":100,
            "공원":100,
            "혐오시설":0,
            "인프라총점":26.0,
            "초등학군":87.36,
            "중학군":49.34,
            "학군총점":56.944,
            "인구수":30.97,
            "인구증감":5.75,
            "인구총점":23.404,
            "일자리":15.0,
            "소득수준":62.25,
            "일자리총점":29.175,
            "가치 총점":38.636,
            "매매실거래년":20220101.0,
            "매매실거래가":22900.0,
            "전세실거래년":20210221.0,
            "전세실거래가":18000.0,
            "전세가율":78.6,
            "장기전세가율평균":78.74,
            "전세가율거품지수":0.14,
            "검색코드":24916,
            "세대수":297.0,
            "준공년월":"2006-10-26",
            "준공년차":17.0,
            "가까운역이름":"NA",
            "가까운역거리":"NA",
            "역세권여부":"NA",
            "30분이내주요거점역":"NA",
            "1시간이내주요거점역":"NA",
            "3km이내백화점수":0,
            "5km이내아울렛몰수":0,
            "1km이내대형먀트수":0,
            "500m이내은행수":0,
            "500m이내병원수":9,
            "5km이내대형병원수":2,
            "500m이내공원수":4,
            "3km이내혐오시설수":0,
            "초등학교학업성취도":87.36,
            "중학교학업성취도":80.7,
            "용적률":216,
            "건폐율":18,
            "Y":37.853563,
            "X":127.752302,
            "rank":79.0,
            "area_info":"32평(107.14)",
            "last_sales":"2022-01-01,22900.0,32평(107.14)"
        },
        {
            "index":154,
            "아파트명":"금호3차",
            "투자타입":"일반",
            "전용면적(m2)":"72.16",
            "전용면적(평)":"21평",
            "법정동주소":"강원도 춘천시 온의동 571",
            "도로명주소":"강원도 춘천시 영서로 2319",
            "세대수":0,
            "입주년차":0,
            "용적률점수":"--",
            "건폐율점수":"--",
            "세대당주차수":0,
            "난방방식":30,
            "공급면적":"--",
            "전용률":"--",
            "욕실수":50,
            "현관타입":100,
            "주거총점":18.0,
            "지역구공급총점":0.0,
            "역세권":"NA",
            "30분내 이동가능 거점":"NA",
            "1시간내 이동가능 거점":"NA",
            "교통총점":"NA",
            "백화점":0,
            "아울렛몰":0,
            "대형마트":100,
            "은행":0,
            "병원":60,
            "종합병원":100,
            "공원":100,
            "혐오시설":0,
            "인프라총점":44.0,
            "초등학군":100.0,
            "중학군":47.94,
            "학군총점":58.352,
            "인구수":30.97,
            "인구증감":5.75,
            "인구총점":23.404,
            "일자리":15.0,
            "소득수준":62.25,
            "일자리총점":29.175,
            "가치 총점":38.488,
            "매매실거래년":20211223.0,
            "매매실거래가":15300.0,
            "전세실거래년":20220110.0,
            "전세실거래가":13000.0,
            "전세가율":84.97,
            "장기전세가율평균":78.74,
            "전세가율거품지수":-6.23,
            "검색코드":14442,
            "세대수":250.0,
            "준공년월":"1994-10-20",
            "준공년차":29.0,
            "가까운역이름":"NA",
            "가까운역거리":"NA",
            "역세권여부":"NA",
            "30분이내주요거점역":"NA",
            "1시간이내주요거점역":"NA",
            "3km이내백화점수":0,
            "5km이내아울렛몰수":0,
            "1km이내대형먀트수":2,
            "500m이내은행수":1,
            "500m이내병원수":23,
            "5km이내대형병원수":2,
            "500m이내공원수":11,
            "3km이내혐오시설수":0,
            "초등학교학업성취도":100.0,
            "중학교학업성취도":77.9,
            "용적률":237,
            "건폐율":24,
            "Y":37.866836,
            "X":127.716467,
            "rank":80.0,
            "area_info":"21평(72.16), 30평(102.43), 49평(162.59)",
            "last_sales":"2021-12-23,15300.0,21평(72.16)"
        },
        {
            "index":236,
            "아파트명":"유승한내들",
            "투자타입":"일반",
            "전용면적(m2)":"113.98",
            "전용면적(평)":"34평",
            "법정동주소":"강원도 춘천시 퇴계동 1041",
            "도로명주소":"강원도 춘천시 퇴계로 108",
            "세대수":0,
            "입주년차":40,
            "용적률점수":"--",
            "건폐율점수":"--",
            "세대당주차수":30,
            "난방방식":30,
            "공급면적":"--",
            "전용률":"--",
            "욕실수":100,
            "현관타입":100,
            "주거총점":35.5,
            "지역구공급총점":0.0,
            "역세권":"NA",
            "30분내 이동가능 거점":"NA",
            "1시간내 이동가능 거점":"NA",
            "교통총점":"NA",
            "백화점":0,
            "아울렛몰":0,
            "대형마트":0,
            "은행":20,
            "병원":30,
            "종합병원":100,
            "공원":100,
            "혐오시설":0,
            "인프라총점":28.0,
            "초등학군":99.31,
            "중학군":47.94,
            "학군총점":58.214,
            "인구수":30.97,
            "인구증감":5.75,
            "인구총점":23.404,
            "일자리":15.0,
            "소득수준":62.25,
            "일자리총점":29.175,
            "가치 총점":38.1785,
            "매매실거래년":20211101.0,
            "매매실거래가":34000.0,
            "전세실거래년":20211127.0,
            "전세실거래가":25000.0,
            "전세가율":84.75,
            "장기전세가율평균":78.74,
            "전세가율거품지수":-6.01,
            "검색코드":19187,
            "세대수":292.0,
            "준공년월":"2006-08-31",
            "준공년차":17.0,
            "가까운역이름":"NA",
            "가까운역거리":"NA",
            "역세권여부":"NA",
            "30분이내주요거점역":"NA",
            "1시간이내주요거점역":"NA",
            "3km이내백화점수":0,
            "5km이내아울렛몰수":0,
            "1km이내대형먀트수":0,
            "500m이내은행수":2,
            "500m이내병원수":9,
            "5km이내대형병원수":2,
            "500m이내공원수":4,
            "3km이내혐오시설수":0,
            "초등학교학업성취도":99.31,
            "중학교학업성취도":77.9,
            "용적률":251,
            "건폐율":24,
            "Y":37.861535,
            "X":127.730886,
            "rank":81.0,
            "area_info":"34평(113.98), 44평(147.24)",
            "last_sales":"2021-11-01,34000.0,44평(147.24)"
        },
        {
            "index":94,
            "아파트명":"석사3지구부영",
            "투자타입":"일반",
            "전용면적(m2)":"69.08",
            "전용면적(평)":"20평",
            "법정동주소":"강원도 춘천시 석사동 727-2",
            "도로명주소":"강원도 춘천시 우석로101번길 83",
            "세대수":50,
            "입주년차":0,
            "용적률점수":"--",
            "건폐율점수":"--",
            "세대당주차수":0,
            "난방방식":30,
            "공급면적":"--",
            "전용률":"--",
            "욕실수":50,
            "현관타입":10,
            "주거총점":26.5,
            "지역구공급총점":0.0,
            "역세권":"NA",
            "30분내 이동가능 거점":"NA",
            "1시간내 이동가능 거점":"NA",
            "교통총점":"NA",
            "백화점":0,
            "아울렛몰":0,
            "대형마트":80,
            "은행":0,
            "병원":30,
            "종합병원":100,
            "공원":100,
            "혐오시설":0,
            "인프라총점":38.0,
            "초등학군":87.04,
            "중학군":44.98,
            "학군총점":53.392,
            "인구수":30.97,
            "인구증감":5.75,
            "인구총점":23.404,
            "일자리":15.0,
            "소득수준":62.25,
            "일자리총점":29.175,
            "가치 총점":37.823,
            "매매실거래년":20211225.0,
            "매매실거래가":12800.0,
            "전세실거래년":20210224.0,
            "전세실거래가":10000.0,
            "전세가율":84.75,
            "장기전세가율평균":78.74,
            "전세가율거품지수":-6.01,
            "검색코드":112062,
            "세대수":515.0,
            "준공년월":"1998-04-30",
            "준공년차":25.0,
            "가까운역이름":"NA",
            "가까운역거리":"NA",
            "역세권여부":"NA",
            "30분이내주요거점역":"NA",
            "1시간이내주요거점역":"NA",
            "3km이내백화점수":0,
            "5km이내아울렛몰수":0,
            "1km이내대형먀트수":1,
            "500m이내은행수":0,
            "500m이내병원수":9,
            "5km이내대형병원수":2,
            "500m이내공원수":7,
            "3km이내혐오시설수":0,
            "초등학교학업성취도":87.04,
            "중학교학업성취도":74.3,
            "용적률":219,
            "건폐율":18,
            "Y":37.869788,
            "X":127.755305,
            "rank":82.0,
            "area_info":"20평(69.08), 25평(82.7)",
            "last_sales":"2021-12-25,12800.0,25평(82.7)"
        },
        {
            "index":170,
            "아파트명":"온의한주",
            "투자타입":"일반",
            "전용면적(m2)":"73.47",
            "전용면적(평)":"22평",
            "법정동주소":"강원도 춘천시 온의동 572",
            "도로명주소":"강원도 춘천시 스포츠타운길 528-12",
            "세대수":0,
            "입주년차":0,
            "용적률점수":"--",
            "건폐율점수":"--",
            "세대당주차수":0,
            "난방방식":30,
            "공급면적":"--",
            "전용률":"--",
            "욕실수":50,
            "현관타입":100,
            "주거총점":18.0,
            "지역구공급총점":0.0,
            "역세권":"NA",
            "30분내 이동가능 거점":"NA",
            "1시간내 이동가능 거점":"NA",
            "교통총점":"NA",
            "백화점":0,
            "아울렛몰":0,
            "대형마트":100,
            "은행":0,
            "병원":60,
            "종합병원":100,
            "공원":100,
            "혐오시설":0,
            "인프라총점":44.0,
            "초등학군":100.0,
            "중학군":44.34,
            "학군총점":55.472,
            "인구수":30.97,
            "인구증감":5.75,
            "인구총점":23.404,
            "일자리":15.0,
            "소득수준":62.25,
            "일자리총점":29.175,
            "가치 총점":37.768,
            "매매실거래년":20211212.0,
            "매매실거래가":15500.0,
            "전세실거래년":20220111.0,
            "전세실거래가":14000.0,
            "전세가율":90.32,
            "장기전세가율평균":78.74,
            "전세가율거품지수":-11.58,
            "검색코드":6580,
            "세대수":297.0,
            "준공년월":"1995-04-29",
            "준공년차":28.0,
            "가까운역이름":"NA",
            "가까운역거리":"NA",
            "역세권여부":"NA",
            "30분이내주요거점역":"NA",
            "1시간이내주요거점역":"NA",
            "3km이내백화점수":0,
            "5km이내아울렛몰수":0,
            "1km이내대형먀트수":2,
            "500m이내은행수":1,
            "500m이내병원수":14,
            "5km이내대형병원수":2,
            "500m이내공원수":9,
            "3km이내혐오시설수":0,
            "초등학교학업성취도":100.0,
            "중학교학업성취도":72.1,
            "용적률":207,
            "건폐율":61,
            "Y":37.867696,
            "X":127.714463,
            "rank":83.0,
            "area_info":"22평(73.47), 26평(87.66), 31평(103.95)",
            "last_sales":"2021-12-12,15500.0,22평(73.47)"
        },
        {
            "index":284,
            "아파트명":"현진",
            "투자타입":"일반",
            "전용면적(m2)":"77.98",
            "전용면적(평)":"23평",
            "법정동주소":"강원도 춘천시 퇴계동 916-1",
            "도로명주소":"강원도 춘천시 춘주로 150",
            "세대수":0,
            "입주년차":0,
            "용적률점수":"--",
            "건폐율점수":"--",
            "세대당주차수":0,
            "난방방식":30,
            "공급면적":"--",
            "전용률":"--",
            "욕실수":50,
            "현관타입":100,
            "주거총점":18.0,
            "지역구공급총점":0.0,
            "역세권":"NA",
            "30분내 이동가능 거점":"NA",
            "1시간내 이동가능 거점":"NA",
            "교통총점":"NA",
            "백화점":0,
            "아울렛몰":0,
            "대형마트":80,
            "은행":0,
            "병원":60,
            "종합병원":100,
            "공원":100,
            "혐오시설":0,
            "인프라총점":41.0,
            "초등학군":99.31,
            "중학군":47.94,
            "학군총점":58.214,
            "인구수":30.97,
            "인구증감":5.75,
            "인구총점":23.404,
            "일자리":15.0,
            "소득수준":62.25,
            "일자리총점":29.175,
            "가치 총점":37.2535,
            "매매실거래년":20211110.0,
            "매매실거래가":15800.0,
            "전세실거래년":20220106.0,
            "전세실거래가":14000.0,
            "전세가율":88.61,
            "장기전세가율평균":78.74,
            "전세가율거품지수":-9.87,
            "검색코드":6661,
            "세대수":195.0,
            "준공년월":"1994-11-29",
            "준공년차":29.0,
            "가까운역이름":"NA",
            "가까운역거리":"NA",
            "역세권여부":"NA",
            "30분이내주요거점역":"NA",
            "1시간이내주요거점역":"NA",
            "3km이내백화점수":0,
            "5km이내아울렛몰수":0,
            "1km이내대형먀트수":1,
            "500m이내은행수":0,
            "500m이내병원수":16,
            "5km이내대형병원수":2,
            "500m이내공원수":3,
            "3km이내혐오시설수":0,
            "초등학교학업성취도":99.31,
            "중학교학업성취도":77.9,
            "용적률":183,
            "건폐율":24,
            "Y":37.858169,
            "X":127.724739,
            "rank":84.0,
            "area_info":"23평(77.98)",
            "last_sales":"2021-11-10,15800.0,23평(77.98)"
        },
        {
            "index":61,
            "아파트명":"춘천롯데캐슬더퍼스트2단지",
            "투자타입":"일반",
            "전용면적(m2)":"109.58",
            "전용면적(평)":"33평",
            "법정동주소":"강원도 춘천시 사농동 810",
            "도로명주소":"강원도 춘천시 마장길 60",
            "세대수":30,
            "입주년차":40,
            "용적률점수":"--",
            "건폐율점수":"--",
            "세대당주차수":30,
            "난방방식":30,
            "공급면적":"--",
            "전용률":"--",
            "욕실수":100,
            "현관타입":100,
            "주거총점":46.0,
            "지역구공급총점":0.0,
            "역세권":"NA",
            "30분내 이동가능 거점":"NA",
            "1시간내 이동가능 거점":"NA",
            "교통총점":"NA",
            "백화점":0,
            "아울렛몰":0,
            "대형마트":0,
            "은행":0,
            "병원":0,
            "종합병원":100,
            "공원":0,
            "혐오시설":0,
            "인프라총점":20.0,
            "초등학군":94.89,
            "중학군":41.52,
            "학군총점":52.194,
            "인구수":30.97,
            "인구증감":5.75,
            "인구총점":23.404,
            "일자리":15.0,
            "소득수준":62.25,
            "일자리총점":29.175,
            "가치 총점":37.1485,
            "매매실거래년":20211220.0,
            "매매실거래가":23500.0,
            "전세실거래년":20211218.0,
            "전세실거래가":18300.0,
            "전세가율":77.87,
            "장기전세가율평균":78.74,
            "전세가율거품지수":0.87,
            "검색코드":100995,
            "세대수":363.0,
            "준공년월":"2008-11-27",
            "준공년차":15.0,
            "가까운역이름":"NA",
            "가까운역거리":"NA",
            "역세권여부":"NA",
            "30분이내주요거점역":"NA",
            "1시간이내주요거점역":"NA",
            "3km이내백화점수":0,
            "5km이내아울렛몰수":0,
            "1km이내대형먀트수":0,
            "500m이내은행수":1,
            "500m이내병원수":1,
            "5km이내대형병원수":2,
            "500m이내공원수":0,
            "3km이내혐오시설수":0,
            "초등학교학업성취도":94.89,
            "중학교학업성취도":67.8,
            "용적률":233,
            "건폐율":24,
            "Y":37.908758,
            "X":127.731124,
            "rank":85.0,
            "area_info":"33평(109.58), 33평(110.37), 33평(110.45)",
            "last_sales":"2021-12-20,23500.0,33평(109.58)"
        },
        {
            "index":291,
            "아파트명":"내안애양우",
            "투자타입":"일반",
            "전용면적(m2)":"113.24",
            "전용면적(평)":"34평",
            "법정동주소":"강원도 춘천시 효자동 701",
            "도로명주소":"강원도 춘천시 공지로317번길 11",
            "세대수":0,
            "입주년차":40,
            "용적률점수":"--",
            "건폐율점수":"--",
            "세대당주차수":30,
            "난방방식":30,
            "공급면적":"--",
            "전용률":"--",
            "욕실수":100,
            "현관타입":100,
            "주거총점":35.5,
            "지역구공급총점":0.0,
            "역세권":"NA",
            "30분내 이동가능 거점":"NA",
            "1시간내 이동가능 거점":"NA",
            "교통총점":"NA",
            "백화점":0,
            "아울렛몰":0,
            "대형마트":0,
            "은행":0,
            "병원":30,
            "종합병원":100,
            "공원":100,
            "혐오시설":0,
            "인프라총점":26.0,
            "초등학군":91.9,
            "중학군":48.26,
            "학군총점":56.988,
            "인구수":30.97,
            "인구증감":5.75,
            "인구총점":23.404,
            "일자리":15.0,
            "소득수준":62.25,
            "일자리총점":29.175,
            "가치 총점":37.072,
            "매매실거래년":20220112.0,
            "매매실거래가":24500.0,
            "전세실거래년":20210729.0,
            "전세실거래가":22000.0,
            "전세가율":89.8,
            "장기전세가율평균":78.74,
            "전세가율거품지수":-11.06,
            "검색코드":14069,
            "세대수":295.0,
            "준공년월":"2005-09-30",
            "준공년차":18.0,
            "가까운역이름":"NA",
            "가까운역거리":"NA",
            "역세권여부":"NA",
            "30분이내주요거점역":"NA",
            "1시간이내주요거점역":"NA",
            "3km이내백화점수":0,
            "5km이내아울렛몰수":0,
            "1km이내대형먀트수":0,
            "500m이내은행수":1,
            "500m이내병원수":5,
            "5km이내대형병원수":2,
            "500m이내공원수":4,
            "3km이내혐오시설수":0,
            "초등학교학업성취도":91.9,
            "중학교학업성취도":77.7,
            "용적률":242,
            "건폐율":23,
            "Y":37.867193,
            "X":127.730332,
            "rank":86.0,
            "area_info":"34평(113.24)",
            "last_sales":"2022-01-12,24500.0,34평(113.24)"
        },
        {
            "index":238,
            "아파트명":"일성",
            "투자타입":"일반",
            "전용면적(m2)":"77.16",
            "전용면적(평)":"23평",
            "법정동주소":"강원도 춘천시 퇴계동 1139",
            "도로명주소":"강원도 춘천시 우묵길78번길 25",
            "세대수":0,
            "입주년차":0,
            "용적률점수":"--",
            "건폐율점수":"--",
            "세대당주차수":0,
            "난방방식":30,
            "공급면적":"--",
            "전용률":"--",
            "욕실수":50,
            "현관타입":100,
            "주거총점":18.0,
            "지역구공급총점":0.0,
            "역세권":"NA",
            "30분내 이동가능 거점":"NA",
            "1시간내 이동가능 거점":"NA",
            "교통총점":"NA",
            "백화점":0,
            "아울렛몰":0,
            "대형마트":100,
            "은행":0,
            "병원":30,
            "종합병원":100,
            "공원":100,
            "혐오시설":0,
            "인프라총점":41.0,
            "초등학군":91.9,
            "중학군":47.94,
            "학군총점":56.732,
            "인구수":30.97,
            "인구증감":5.75,
            "인구총점":23.404,
            "일자리":15.0,
            "소득수준":62.25,
            "일자리총점":29.175,
            "가치 총점":36.883,
            "매매실거래년":20211119.0,
            "매매실거래가":19000.0,
            "전세실거래년":20220108.0,
            "전세실거래가":15000.0,
            "전세가율":94.34,
            "장기전세가율평균":78.74,
            "전세가율거품지수":-15.6,
            "검색코드":6622,
            "세대수":296.0,
            "준공년월":"1996-11-29",
            "준공년차":27.0,
            "가까운역이름":"NA",
            "가까운역거리":"NA",
            "역세권여부":"NA",
            "30분이내주요거점역":"NA",
            "1시간이내주요거점역":"NA",
            "3km이내백화점수":0,
            "5km이내아울렛몰수":0,
            "1km이내대형먀트수":2,
            "500m이내은행수":0,
            "500m이내병원수":6,
            "5km이내대형병원수":2,
            "500m이내공원수":5,
            "3km이내혐오시설수":0,
            "초등학교학업성취도":91.9,
            "중학교학업성취도":77.9,
            "용적률":0,
            "건폐율":0,
            "Y":37.866751,
            "X":127.726242,
            "rank":87.0,
            "area_info":"23평(77.16), 28평(93.61), 33평(109.57)",
            "last_sales":"2021-11-19,19000.0,33평(109.57)"
        },
        {
            "index":366,
            "아파트명":"초록지붕6차",
            "투자타입":"일반",
            "전용면적(m2)":"103.45",
            "전용면적(평)":"31평",
            "법정동주소":"강원도 춘천시 후평동 903",
            "도로명주소":"강원도 춘천시 세실로 261",
            "세대수":0,
            "입주년차":40,
            "용적률점수":"--",
            "건폐율점수":"--",
            "세대당주차수":30,
            "난방방식":30,
            "공급면적":"--",
            "전용률":"--",
            "욕실수":100,
            "현관타입":100,
            "주거총점":35.5,
            "지역구공급총점":0.0,
            "역세권":"NA",
            "30분내 이동가능 거점":"NA",
            "1시간내 이동가능 거점":"NA",
            "교통총점":"NA",
            "백화점":0,
            "아울렛몰":0,
            "대형마트":0,
            "은행":0,
            "병원":60,
            "종합병원":100,
            "공원":100,
            "혐오시설":0,
            "인프라총점":29.0,
            "초등학군":87.06,
            "중학군":41.62,
            "학군총점":50.708,
            "인구수":30.97,
            "인구증감":5.75,
            "인구총점":23.404,
            "일자리":15.0,
            "소득수준":62.25,
            "일자리총점":29.175,
            "가치 총점":36.702,
            "매매실거래년":20211227.0,
            "매매실거래가":17200.0,
            "전세실거래년":20211231.0,
            "전세실거래가":13000.0,
            "전세가율":86.67,
            "장기전세가율평균":78.74,
            "전세가율거품지수":-7.93,
            "검색코드":108360,
            "세대수":299.0,
            "준공년월":"2004-01-03",
            "준공년차":19.0,
            "가까운역이름":"NA",
            "가까운역거리":"NA",
            "역세권여부":"NA",
            "30분이내주요거점역":"NA",
            "1시간이내주요거점역":"NA",
            "3km이내백화점수":0,
            "5km이내아울렛몰수":0,
            "1km이내대형먀트수":0,
            "500m이내은행수":0,
            "500m이내병원수":20,
            "5km이내대형병원수":2,
            "500m이내공원수":2,
            "3km이내혐오시설수":0,
            "초등학교학업성취도":87.06,
            "중학교학업성취도":68.3,
            "용적률":214,
            "건폐율":16,
            "Y":37.880238,
            "X":127.754372,
            "rank":88.0,
            "area_info":"31평(103.45), 32평(107.23), 33평(111.9)",
            "last_sales":"2021-12-27,17200.0,33평(111.9)"
        },
        {
            "index":407,
            "아파트명":"현대2차",
            "투자타입":"재건축",
            "전용면적(m2)":"86.31",
            "전용면적(평)":"26평",
            "법정동주소":"강원도 춘천시 후평동 427",
            "도로명주소":"강원도 춘천시 후석로326번길 13",
            "세대수":50,
            "입주년차":"--",
            "용적률점수":0,
            "건폐율점수":0,
            "세대당주차수":"--",
            "난방방식":"--",
            "공급면적":70,
            "전용률":80,
            "욕실수":"--",
            "현관타입":"--",
            "주거총점":22.5,
            "지역구공급총점":0.0,
            "역세권":"NA",
            "30분내 이동가능 거점":"NA",
            "1시간내 이동가능 거점":"NA",
            "교통총점":"NA",
            "백화점":0,
            "아울렛몰":0,
            "대형마트":80,
            "은행":0,
            "병원":60,
            "종합병원":100,
            "공원":0,
            "혐오시설":0,
            "인프라총점":38.0,
            "초등학군":94.98,
            "중학군":41.62,
            "학군총점":52.292,
            "인구수":30.97,
            "인구증감":5.75,
            "인구총점":23.404,
            "일자리":15.0,
            "소득수준":62.25,
            "일자리총점":29.175,
            "가치 총점":36.148,
            "매매실거래년":20211207.0,
            "매매실거래가":16200.0,
            "전세실거래년":20210602.0,
            "전세실거래가":13000.0,
            "전세가율":90.91,
            "장기전세가율평균":78.74,
            "전세가율거품지수":-12.17,
            "검색코드":6750,
            "세대수":433.0,
            "준공년월":"1990-05-14",
            "준공년차":33.0,
            "가까운역이름":"NA",
            "가까운역거리":"NA",
            "역세권여부":"NA",
            "30분이내주요거점역":"NA",
            "1시간이내주요거점역":"NA",
            "3km이내백화점수":0,
            "5km이내아울렛몰수":0,
            "1km이내대형먀트수":1,
            "500m이내은행수":1,
            "500m이내병원수":26,
            "5km이내대형병원수":2,
            "500m이내공원수":0,
            "3km이내혐오시설수":0,
            "초등학교학업성취도":94.98,
            "중학교학업성취도":68.3,
            "용적률":0,
            "건폐율":0,
            "Y":37.881474,
            "X":127.751117,
            "rank":89.0,
            "area_info":"26평(86.31), 26평(86.49), 30평(102.22), 30평(102.41)",
            "last_sales":"2021-12-07,16200.0,30평(102.41)"
        },
        {
            "index":8,
            "아파트명":"청와",
            "투자타입":"재건축",
            "전용면적(m2)":"53.9",
            "전용면적(평)":"16평",
            "법정동주소":"강원도 춘천시 근화동 742-1",
            "도로명주소":"강원도 춘천시 중앙로190번길 79",
            "세대수":0,
            "입주년차":"--",
            "용적률점수":0,
            "건폐율점수":80,
            "세대당주차수":"--",
            "난방방식":"--",
            "공급면적":50,
            "전용률":60,
            "욕실수":"--",
            "현관타입":"--",
            "주거총점":21.5,
            "지역구공급총점":0.0,
            "역세권":"NA",
            "30분내 이동가능 거점":"NA",
            "1시간내 이동가능 거점":"NA",
            "교통총점":"NA",
            "백화점":0,
            "아울렛몰":0,
            "대형마트":100,
            "은행":0,
            "병원":0,
            "종합병원":100,
            "공원":100,
            "혐오시설":0,
            "인프라총점":38.0,
            "초등학군":90.0,
            "중학군":44.34,
            "학군총점":53.472,
            "인구수":30.97,
            "인구증감":5.75,
            "인구총점":23.404,
            "일자리":15.0,
            "소득수준":62.25,
            "일자리총점":29.175,
            "가치 총점":36.093,
            "매매실거래년":20211217.0,
            "매매실거래가":9300.0,
            "전세실거래년":20211106.0,
            "전세실거래가":8400.0,
            "전세가율":90.32,
            "장기전세가율평균":78.74,
            "전세가율거품지수":-11.58,
            "검색코드":14434,
            "세대수":260.0,
            "준공년월":"1991-05-27",
            "준공년차":32.0,
            "가까운역이름":"NA",
            "가까운역거리":"NA",
            "역세권여부":"NA",
            "30분이내주요거점역":"NA",
            "1시간이내주요거점역":"NA",
            "3km이내백화점수":0,
            "5km이내아울렛몰수":0,
            "1km이내대형먀트수":5,
            "500m이내은행수":0,
            "500m이내병원수":0,
            "5km이내대형병원수":2,
            "500m이내공원수":4,
            "3km이내혐오시설수":0,
            "초등학교학업성취도":90.0,
            "중학교학업성취도":72.1,
            "용적률":280,
            "건폐율":28,
            "Y":37.88038,
            "X":127.713561,
            "rank":90.0,
            "area_info":"16평(53.9), 27평(92.22)",
            "last_sales":"2021-12-17,9300.0,16평(53.9)"
        },
        {
            "index":88,
            "아파트명":"삼익세라믹1차",
            "투자타입":"재건축",
            "전용면적(m2)":"87.51",
            "전용면적(평)":"26평",
            "법정동주소":"강원도 춘천시 석사동 283-15",
            "도로명주소":"강원도 춘천시 춘천순환로 42",
            "세대수":0,
            "입주년차":"--",
            "용적률점수":0,
            "건폐율점수":100,
            "세대당주차수":"--",
            "난방방식":"--",
            "공급면적":70,
            "전용률":80,
            "욕실수":"--",
            "현관타입":"--",
            "주거총점":27.5,
            "지역구공급총점":0.0,
            "역세권":"NA",
            "30분내 이동가능 거점":"NA",
            "1시간내 이동가능 거점":"NA",
            "교통총점":"NA",
            "백화점":0,
            "아울렛몰":0,
            "대형마트":0,
            "은행":0,
            "병원":60,
            "종합병원":100,
            "공원":100,
            "혐오시설":0,
            "인프라총점":29.0,
            "초등학군":87.36,
            "중학군":49.34,
            "학군총점":56.944,
            "인구수":30.97,
            "인구증감":5.75,
            "인구총점":23.404,
            "일자리":15.0,
            "소득수준":62.25,
            "일자리총점":29.175,
            "가치 총점":35.461,
            "매매실거래년":20211025.0,
            "매매실거래가":13800.0,
            "전세실거래년":null,
            "전세실거래가":null,
            "전세가율":null,
            "장기전세가율평균":78.74,
            "전세가율거품지수":null,
            "검색코드":6548,
            "세대수":210.0,
            "준공년월":"1990-09-13",
            "준공년차":33.0,
            "가까운역이름":"NA",
            "가까운역거리":"NA",
            "역세권여부":"NA",
            "30분이내주요거점역":"NA",
            "1시간이내주요거점역":"NA",
            "3km이내백화점수":0,
            "5km이내아울렛몰수":0,
            "1km이내대형먀트수":0,
            "500m이내은행수":0,
            "500m이내병원수":17,
            "5km이내대형병원수":2,
            "500m이내공원수":4,
            "3km이내혐오시설수":0,
            "초등학교학업성취도":87.36,
            "중학교학업성취도":80.7,
            "용적률":265,
            "건폐율":17,
            "Y":37.854556,
            "X":127.748821,
            "rank":91.0,
            "area_info":"26평(87.51), 27평(90.51), 30평(99.25)",
            "last_sales":"2021-10-25,13800.0,30평(99.25)"
        },
        {
            "index":339,
            "아파트명":"세경3차",
            "투자타입":"재건축",
            "전용면적(m2)":"66.39",
            "전용면적(평)":"20평",
            "법정동주소":"강원도 춘천시 후평동 845-1",
            "도로명주소":"강원도 춘천시 삭주로 125",
            "세대수":50,
            "입주년차":"--",
            "용적률점수":0,
            "건폐율점수":0,
            "세대당주차수":"--",
            "난방방식":"--",
            "공급면적":50,
            "전용률":60,
            "욕실수":"--",
            "현관타입":"--",
            "주거총점":20.5,
            "지역구공급총점":0.0,
            "역세권":"NA",
            "30분내 이동가능 거점":"NA",
            "1시간내 이동가능 거점":"NA",
            "교통총점":"NA",
            "백화점":0,
            "아울렛몰":0,
            "대형마트":80,
            "은행":0,
            "병원":30,
            "종합병원":100,
            "공원":100,
            "혐오시설":0,
            "인프라총점":38.0,
            "초등학군":89.7,
            "중학군":41.68,
            "학군총점":51.284,
            "인구수":30.97,
            "인구증감":5.75,
            "인구총점":23.404,
            "일자리":15.0,
            "소득수준":62.25,
            "일자리총점":29.175,
            "가치 총점":35.196,
            "매매실거래년":20220110.0,
            "매매실거래가":8750.0,
            "전세실거래년":20211206.0,
            "전세실거래가":5000.0,
            "전세가율":57.14,
            "장기전세가율평균":78.74,
            "전세가율거품지수":21.6,
            "검색코드":105630,
            "세대수":540.0,
            "준공년월":"1991-08-13",
            "준공년차":32.0,
            "가까운역이름":"NA",
            "가까운역거리":"NA",
            "역세권여부":"NA",
            "30분이내주요거점역":"NA",
            "1시간이내주요거점역":"NA",
            "3km이내백화점수":0,
            "5km이내아울렛몰수":0,
            "1km이내대형먀트수":1,
            "500m이내은행수":0,
            "500m이내병원수":5,
            "5km이내대형병원수":2,
            "500m이내공원수":2,
            "3km이내혐오시설수":0,
            "초등학교학업성취도":89.7,
            "중학교학업성취도":69.0,
            "용적률":0,
            "건폐율":0,
            "Y":37.885515,
            "X":127.744498,
            "rank":92.0,
            "area_info":"20평(66.39)",
            "last_sales":"2022-01-10,8750.0,20평(66.39)"
        },
        {
            "index":417,
            "아파트명":"후평주공4단지",
            "투자타입":"재건축",
            "전용면적(m2)":"47.57",
            "전용면적(평)":"14평",
            "법정동주소":"강원도 춘천시 후평동 808-1",
            "도로명주소":"강원도 춘천시 대양당길 4",
            "세대수":80,
            "입주년차":"--",
            "용적률점수":0,
            "건폐율점수":0,
            "세대당주차수":"--",
            "난방방식":"--",
            "공급면적":50,
            "전용률":100,
            "욕실수":"--",
            "현관타입":"--",
            "주거총점":31.5,
            "지역구공급총점":0.0,
            "역세권":"NA",
            "30분내 이동가능 거점":"NA",
            "1시간내 이동가능 거점":"NA",
            "교통총점":"NA",
            "백화점":0,
            "아울렛몰":0,
            "대형마트":0,
            "은행":0,
            "병원":30,
            "종합병원":100,
            "공원":100,
            "혐오시설":0,
            "인프라총점":26.0,
            "초등학군":94.98,
            "중학군":41.62,
            "학군총점":52.292,
            "인구수":30.97,
            "인구증감":5.75,
            "인구총점":23.404,
            "일자리":15.0,
            "소득수준":62.25,
            "일자리총점":29.175,
            "가치 총점":34.498,
            "매매실거래년":20220107.0,
            "매매실거래가":17000.0,
            "전세실거래년":20201204.0,
            "전세실거래가":5500.0,
            "전세가율":35.48,
            "장기전세가율평균":78.74,
            "전세가율거품지수":43.26,
            "검색코드":6731,
            "세대수":708.0,
            "준공년월":"1985-10-19",
            "준공년차":38.0,
            "가까운역이름":"NA",
            "가까운역거리":"NA",
            "역세권여부":"NA",
            "30분이내주요거점역":"NA",
            "1시간이내주요거점역":"NA",
            "3km이내백화점수":0,
            "5km이내아울렛몰수":0,
            "1km이내대형먀트수":0,
            "500m이내은행수":0,
            "500m이내병원수":9,
            "5km이내대형병원수":2,
            "500m이내공원수":4,
            "3km이내혐오시설수":0,
            "초등학교학업성취도":94.98,
            "중학교학업성취도":68.3,
            "용적률":0,
            "건폐율":0,
            "Y":37.877475,
            "X":127.755871,
            "rank":93.0,
            "area_info":"14평(47.57), 14평(49.5), 16평(54.77), 19평(62.81)",
            "last_sales":"2022-01-07,17000.0,19평(62.81)"
        },
        {
            "index":292,
            "아파트명":"동보",
            "투자타입":"일반",
            "전용면적(m2)":"47.0",
            "전용면적(평)":"14평",
            "법정동주소":"강원도 춘천시 효자동 821",
            "도로명주소":"강원도 춘천시 공지로200번길 13",
            "세대수":50,
            "입주년차":20,
            "용적률점수":"--",
            "건폐율점수":"--",
            "세대당주차수":0,
            "난방방식":30,
            "공급면적":"--",
            "전용률":"--",
            "욕실수":50,
            "현관타입":10,
            "주거총점":30.5,
            "지역구공급총점":0.0,
            "역세권":"NA",
            "30분내 이동가능 거점":"NA",
            "1시간내 이동가능 거점":"NA",
            "교통총점":"NA",
            "백화점":0,
            "아울렛몰":0,
            "대형마트":0,
            "은행":0,
            "병원":10,
            "종합병원":100,
            "공원":100,
            "혐오시설":0,
            "인프라총점":24.0,
            "초등학군":89.78,
            "중학군":48.26,
            "학군총점":56.564,
            "인구수":30.97,
            "인구증감":5.75,
            "인구총점":23.404,
            "일자리":15.0,
            "소득수준":62.25,
            "일자리총점":29.175,
            "가치 총점":34.416,
            "매매실거래년":20220111.0,
            "매매실거래가":5000.0,
            "전세실거래년":20211224.0,
            "전세실거래가":5500.0,
            "전세가율":110.0,
            "장기전세가율평균":78.74,
            "전세가율거품지수":-31.26,
            "검색코드":13538,
            "세대수":687.0,
            "준공년월":"1999-05-19",
            "준공년차":24.0,
            "가까운역이름":"NA",
            "가까운역거리":"NA",
            "역세권여부":"NA",
            "30분이내주요거점역":"NA",
            "1시간이내주요거점역":"NA",
            "3km이내백화점수":0,
            "5km이내아울렛몰수":0,
            "1km이내대형먀트수":0,
            "500m이내은행수":0,
            "500m이내병원수":2,
            "5km이내대형병원수":2,
            "500m이내공원수":3,
            "3km이내혐오시설수":0,
            "초등학교학업성취도":89.78,
            "중학교학업성취도":77.7,
            "용적률":256,
            "건폐율":23,
            "Y":37.86335,
            "X":127.740722,
            "rank":94.0,
            "area_info":"14평(47.0), 18평(61.61)",
            "last_sales":"2022-01-11,5000.0,14평(47.0)"
        },
        {
            "index":102,
            "아파트명":"석사신우",
            "투자타입":"일반",
            "전용면적(m2)":"105.29",
            "전용면적(평)":"31평",
            "법정동주소":"강원도 춘천시 석사동 682-1",
            "도로명주소":"강원도 춘천시 공지로 111",
            "세대수":0,
            "입주년차":0,
            "용적률점수":"--",
            "건폐율점수":"--",
            "세대당주차수":0,
            "난방방식":30,
            "공급면적":"--",
            "전용률":"--",
            "욕실수":100,
            "현관타입":100,
            "주거총점":23.0,
            "지역구공급총점":0.0,
            "역세권":"NA",
            "30분내 이동가능 거점":"NA",
            "1시간내 이동가능 거점":"NA",
            "교통총점":"NA",
            "백화점":0,
            "아울렛몰":0,
            "대형마트":0,
            "은행":0,
            "병원":60,
            "종합병원":100,
            "공원":100,
            "혐오시설":0,
            "인프라총점":29.0,
            "초등학군":87.36,
            "중학군":48.26,
            "학군총점":56.08,
            "인구수":30.97,
            "인구증감":5.75,
            "인구총점":23.404,
            "일자리":15.0,
            "소득수준":62.25,
            "일자리총점":29.175,
            "가치 총점":33.67,
            "매매실거래년":20210910.0,
            "매매실거래가":15500.0,
            "전세실거래년":20210927.0,
            "전세실거래가":12000.0,
            "전세가율":77.42,
            "장기전세가율평균":78.74,
            "전세가율거품지수":1.32,
            "검색코드":9640,
            "세대수":196.0,
            "준공년월":"1994-12-14",
            "준공년차":29.0,
            "가까운역이름":"NA",
            "가까운역거리":"NA",
            "역세권여부":"NA",
            "30분이내주요거점역":"NA",
            "1시간이내주요거점역":"NA",
            "3km이내백화점수":0,
            "5km이내아울렛몰수":0,
            "1km이내대형먀트수":0,
            "500m이내은행수":0,
            "500m이내병원수":16,
            "5km이내대형병원수":2,
            "500m이내공원수":3,
            "3km이내혐오시설수":0,
            "초등학교학업성취도":87.36,
            "중학교학업성취도":77.7,
            "용적률":105,
            "건폐율":0,
            "Y":37.856551,
            "X":127.746235,
            "rank":95.0,
            "area_info":"31평(105.29), 38평(126.47)",
            "last_sales":"2021-09-10,15500.0,31평(105.29)"
        },
        {
            "index":404,
            "아파트명":"현대1차",
            "투자타입":"재건축",
            "전용면적(m2)":"85.8",
            "전용면적(평)":"25평",
            "법정동주소":"강원도 춘천시 후평동 845",
            "도로명주소":"강원도 춘천시 삭주로 113",
            "세대수":30,
            "입주년차":"--",
            "용적률점수":0,
            "건폐율점수":0,
            "세대당주차수":"--",
            "난방방식":"--",
            "공급면적":70,
            "전용률":80,
            "욕실수":"--",
            "현관타입":"--",
            "주거총점":16.5,
            "지역구공급총점":0.0,
            "역세권":"NA",
            "30분내 이동가능 거점":"NA",
            "1시간내 이동가능 거점":"NA",
            "교통총점":"NA",
            "백화점":0,
            "아울렛몰":0,
            "대형마트":80,
            "은행":0,
            "병원":0,
            "종합병원":100,
            "공원":100,
            "혐오시설":0,
            "인프라총점":35.0,
            "초등학군":89.7,
            "중학군":46.52,
            "학군총점":55.156,
            "인구수":30.97,
            "인구증감":5.75,
            "인구총점":23.404,
            "일자리":15.0,
            "소득수준":62.25,
            "일자리총점":29.175,
            "가치 총점":33.564,
            "매매실거래년":20211223.0,
            "매매실거래가":18000.0,
            "전세실거래년":20201208.0,
            "전세실거래가":13000.0,
            "전세가율":86.67,
            "장기전세가율평균":78.74,
            "전세가율거품지수":-7.93,
            "검색코드":6749,
            "세대수":343.0,
            "준공년월":"1988-12-15",
            "준공년차":35.0,
            "가까운역이름":"NA",
            "가까운역거리":"NA",
            "역세권여부":"NA",
            "30분이내주요거점역":"NA",
            "1시간이내주요거점역":"NA",
            "3km이내백화점수":0,
            "5km이내아울렛몰수":0,
            "1km이내대형먀트수":1,
            "500m이내은행수":0,
            "500m이내병원수":1,
            "5km이내대형병원수":2,
            "500m이내공원수":2,
            "3km이내혐오시설수":0,
            "초등학교학업성취도":89.7,
            "중학교학업성취도":76.8,
            "용적률":0,
            "건폐율":0,
            "Y":37.884655,
            "X":127.742664,
            "rank":96.0,
            "area_info":"25평(85.8), 30평(101.7), 45평(151.2)",
            "last_sales":"2021-12-23,18000.0,45평(151.2)"
        },
        {
            "index":16,
            "아파트명":"산수빌",
            "투자타입":"일반",
            "전용면적(m2)":"87.0",
            "전용면적(평)":"26평",
            "법정동주소":"강원도 춘천시 동내면 신촌리 401",
            "도로명주소":"강원도 춘천시 향군길 23",
            "세대수":0,
            "입주년차":40,
            "용적률점수":"--",
            "건폐율점수":"--",
            "세대당주차수":0,
            "난방방식":30,
            "공급면적":"--",
            "전용률":"--",
            "욕실수":100,
            "현관타입":100,
            "주거총점":31.0,
            "지역구공급총점":0.0,
            "역세권":"NA",
            "30분내 이동가능 거점":"NA",
            "1시간내 이동가능 거점":"NA",
            "교통총점":"NA",
            "백화점":0,
            "아울렛몰":0,
            "대형마트":0,
            "은행":0,
            "병원":0,
            "종합병원":100,
            "공원":0,
            "혐오시설":0,
            "인프라총점":20.0,
            "초등학군":90.0,
            "중학군":49.34,
            "학군총점":57.472,
            "인구수":30.97,
            "인구증감":5.75,
            "인구총점":23.404,
            "일자리":15.0,
            "소득수준":62.25,
            "일자리총점":29.175,
            "가치 총점":33.218,
            "매매실거래년":20211025.0,
            "매매실거래가":13000.0,
            "전세실거래년":20220104.0,
            "전세실거래가":13000.0,
            "전세가율":100.0,
            "장기전세가율평균":78.74,
            "전세가율거품지수":-21.26,
            "검색코드":105241,
            "세대수":265.0,
            "준공년월":"2005-07-29",
            "준공년차":18.0,
            "가까운역이름":"NA",
            "가까운역거리":"NA",
            "역세권여부":"NA",
            "30분이내주요거점역":"NA",
            "1시간이내주요거점역":"NA",
            "3km이내백화점수":0,
            "5km이내아울렛몰수":0,
            "1km이내대형먀트수":0,
            "500m이내은행수":0,
            "500m이내병원수":0,
            "5km이내대형병원수":2,
            "500m이내공원수":0,
            "3km이내혐오시설수":0,
            "초등학교학업성취도":90.0,
            "중학교학업성취도":80.7,
            "용적률":220,
            "건폐율":36,
            "Y":37.847931,
            "X":127.76507,
            "rank":97.0,
            "area_info":"26평(87.0)",
            "last_sales":"2021-10-25,13000.0,26평(87.0)"
        },
        {
            "index":352,
            "아파트명":"주공7단지",
            "투자타입":"재건축",
            "전용면적(m2)":"49.91",
            "전용면적(평)":"15평",
            "법정동주소":"강원도 춘천시 후평동 477",
            "도로명주소":"강원도 춘천시 후만로 56",
            "세대수":50,
            "입주년차":"--",
            "용적률점수":0,
            "건폐율점수":0,
            "세대당주차수":"--",
            "난방방식":"--",
            "공급면적":50,
            "전용률":80,
            "욕실수":"--",
            "현관타입":"--",
            "주거총점":21.5,
            "지역구공급총점":0.0,
            "역세권":"NA",
            "30분내 이동가능 거점":"NA",
            "1시간내 이동가능 거점":"NA",
            "교통총점":"NA",
            "백화점":0,
            "아울렛몰":0,
            "대형마트":0,
            "은행":0,
            "병원":60,
            "종합병원":100,
            "공원":100,
            "혐오시설":0,
            "인프라총점":29.0,
            "초등학군":94.98,
            "중학군":41.62,
            "학군총점":52.292,
            "인구수":30.97,
            "인구증감":5.75,
            "인구총점":23.404,
            "일자리":15.0,
            "소득수준":62.25,
            "일자리총점":29.175,
            "가치 총점":32.198,
            "매매실거래년":20211129.0,
            "매매실거래가":11000.0,
            "전세실거래년":20211111.0,
            "전세실거래가":9000.0,
            "전세가율":81.82,
            "장기전세가율평균":78.74,
            "전세가율거품지수":-3.08,
            "검색코드":6740,
            "세대수":460.0,
            "준공년월":"1989-08-20",
            "준공년차":34.0,
            "가까운역이름":"NA",
            "가까운역거리":"NA",
            "역세권여부":"NA",
            "30분이내주요거점역":"NA",
            "1시간이내주요거점역":"NA",
            "3km이내백화점수":0,
            "5km이내아울렛몰수":0,
            "1km이내대형먀트수":0,
            "500m이내은행수":0,
            "500m이내병원수":10,
            "5km이내대형병원수":2,
            "500m이내공원수":4,
            "3km이내혐오시설수":0,
            "초등학교학업성취도":94.98,
            "중학교학업성취도":68.3,
            "용적률":0,
            "건폐율":0,
            "Y":37.874515,
            "X":127.74931,
            "rank":98.0,
            "area_info":"15평(49.91), 14평(49.48), 17평(57.57), 17평(57.93)",
            "last_sales":"2021-11-29,11000.0,15평(49.91)"
        },
        {
            "index":197,
            "아파트명":"삼성",
            "투자타입":"일반",
            "전용면적(m2)":"121.97",
            "전용면적(평)":"36평",
            "법정동주소":"강원도 춘천시 우두동 1068",
            "도로명주소":"강원도 춘천시 충열로 30",
            "세대수":0,
            "입주년차":0,
            "용적률점수":"--",
            "건폐율점수":"--",
            "세대당주차수":0,
            "난방방식":30,
            "공급면적":"--",
            "전용률":"--",
            "욕실수":100,
            "현관타입":100,
            "주거총점":23.0,
            "지역구공급총점":0.0,
            "역세권":"NA",
            "30분내 이동가능 거점":"NA",
            "1시간내 이동가능 거점":"NA",
            "교통총점":"NA",
            "백화점":0,
            "아울렛몰":0,
            "대형마트":0,
            "은행":0,
            "병원":30,
            "종합병원":100,
            "공원":100,
            "혐오시설":0,
            "인프라총점":26.0,
            "초등학군":94.89,
            "중학군":41.52,
            "학군총점":52.194,
            "인구수":30.97,
            "인구증감":5.75,
            "인구총점":23.404,
            "일자리":15.0,
            "소득수준":62.25,
            "일자리총점":29.175,
            "가치 총점":31.4985,
            "매매실거래년":20211206.0,
            "매매실거래가":17200.0,
            "전세실거래년":20211220.0,
            "전세실거래가":14000.0,
            "전세가율":81.4,
            "장기전세가율평균":78.74,
            "전세가율거품지수":-2.66,
            "검색코드":6611,
            "세대수":228.0,
            "준공년월":"1994-05-30",
            "준공년차":29.0,
            "가까운역이름":"NA",
            "가까운역거리":"NA",
            "역세권여부":"NA",
            "30분이내주요거점역":"NA",
            "1시간이내주요거점역":"NA",
            "3km이내백화점수":0,
            "5km이내아울렛몰수":0,
            "1km이내대형먀트수":0,
            "500m이내은행수":0,
            "500m이내병원수":8,
            "5km이내대형병원수":2,
            "500m이내공원수":2,
            "3km이내혐오시설수":0,
            "초등학교학업성취도":94.89,
            "중학교학업성취도":67.8,
            "용적률":204,
            "건폐율":20,
            "Y":37.89917,
            "X":127.730386,
            "rank":99.0,
            "area_info":"36평(121.97)",
            "last_sales":"2021-12-06,17200.0,36평(121.97)"
        },
        {
            "index":10,
            "아파트명":"호반",
            "투자타입":"재건축",
            "전용면적(m2)":"49.42",
            "전용면적(평)":"14평",
            "법정동주소":"강원도 춘천시 근화동 789-1",
            "도로명주소":"강원도 춘천시 당간지주길 27",
            "세대수":0,
            "입주년차":"--",
            "용적률점수":0,
            "건폐율점수":0,
            "세대당주차수":"--",
            "난방방식":"--",
            "공급면적":50,
            "전용률":80,
            "욕실수":"--",
            "현관타입":"--",
            "주거총점":6.5,
            "지역구공급총점":0.0,
            "역세권":"NA",
            "30분내 이동가능 거점":"NA",
            "1시간내 이동가능 거점":"NA",
            "교통총점":"NA",
            "백화점":0,
            "아울렛몰":0,
            "대형마트":100,
            "은행":0,
            "병원":0,
            "종합병원":100,
            "공원":100,
            "혐오시설":0,
            "인프라총점":38.0,
            "초등학군":86.6,
            "중학군":46.52,
            "학군총점":54.536,
            "인구수":30.97,
            "인구증감":5.75,
            "인구총점":23.404,
            "일자리":15.0,
            "소득수준":62.25,
            "일자리총점":29.175,
            "가치 총점":31.109,
            "매매실거래년":20201121.0,
            "매매실거래가":10300.0,
            "전세실거래년":20201026.0,
            "전세실거래가":5000.0,
            "전세가율":53.19,
            "장기전세가율평균":78.74,
            "전세가율거품지수":25.55,
            "검색코드":6532,
            "세대수":120.0,
            "준공년월":"1992-02-06",
            "준공년차":31.0,
            "가까운역이름":"NA",
            "가까운역거리":"NA",
            "역세권여부":"NA",
            "30분이내주요거점역":"NA",
            "1시간이내주요거점역":"NA",
            "3km이내백화점수":0,
            "5km이내아울렛몰수":0,
            "1km이내대형먀트수":5,
            "500m이내은행수":0,
            "500m이내병원수":0,
            "5km이내대형병원수":2,
            "500m이내공원수":4,
            "3km이내혐오시설수":0,
            "초등학교학업성취도":86.6,
            "중학교학업성취도":76.8,
            "용적률":0,
            "건폐율":0,
            "Y":37.890269,
            "X":127.719333,
            "rank":100.0,
            "area_info":"14평(49.42), 18평(59.93)",
            "last_sales":"2020-11-21,10300.0,18평(59.93)"
        },
        {
            "index":334,
            "아파트명":"세경2차",
            "투자타입":"재건축",
            "전용면적(m2)":"60.9",
            "전용면적(평)":"18평",
            "법정동주소":"강원도 춘천시 후평동 81-1",
            "도로명주소":"강원도 춘천시 후석로326번길 36-7",
            "세대수":0,
            "입주년차":"--",
            "용적률점수":0,
            "건폐율점수":0,
            "세대당주차수":"--",
            "난방방식":"--",
            "공급면적":50,
            "전용률":100,
            "욕실수":"--",
            "현관타입":"--",
            "주거총점":7.5,
            "지역구공급총점":0.0,
            "역세권":"NA",
            "30분내 이동가능 거점":"NA",
            "1시간내 이동가능 거점":"NA",
            "교통총점":"NA",
            "백화점":0,
            "아울렛몰":0,
            "대형마트":80,
            "은행":0,
            "병원":60,
            "종합병원":100,
            "공원":0,
            "혐오시설":0,
            "인프라총점":38.0,
            "초등학군":94.98,
            "중학군":41.62,
            "학군총점":52.292,
            "인구수":30.97,
            "인구증감":5.75,
            "인구총점":23.404,
            "일자리":15.0,
            "소득수준":62.25,
            "일자리총점":29.175,
            "가치 총점":30.898,
            "매매실거래년":20220108.0,
            "매매실거래가":10500.0,
            "전세실거래년":20211221.0,
            "전세실거래가":6500.0,
            "전세가율":61.9,
            "장기전세가율평균":78.74,
            "전세가율거품지수":16.84,
            "검색코드":6725,
            "세대수":200.0,
            "준공년월":"1986-04-24",
            "준공년차":37.0,
            "가까운역이름":"NA",
            "가까운역거리":"NA",
            "역세권여부":"NA",
            "30분이내주요거점역":"NA",
            "1시간이내주요거점역":"NA",
            "3km이내백화점수":0,
            "5km이내아울렛몰수":0,
            "1km이내대형먀트수":1,
            "500m이내은행수":0,
            "500m이내병원수":23,
            "5km이내대형병원수":2,
            "500m이내공원수":0,
            "3km이내혐오시설수":0,
            "초등학교학업성취도":94.98,
            "중학교학업성취도":68.3,
            "용적률":0,
            "건폐율":0,
            "Y":37.880569,
            "X":127.753155,
            "rank":101.0,
            "area_info":"18평(60.9), 18평(60.88), 18평(61.16), 18평(61.26), 18평(61.28)",
            "last_sales":"2022-01-08,10500.0,18평(60.9)"
        },
        {
            "index":81,
            "아파트명":"극동",
            "투자타입":"재건축",
            "전용면적(m2)":"91.36",
            "전용면적(평)":"27평",
            "법정동주소":"강원도 춘천시 석사동 115-10",
            "도로명주소":"강원도 춘천시 공지로 43",
            "세대수":30,
            "입주년차":"--",
            "용적률점수":0,
            "건폐율점수":0,
            "세대당주차수":"--",
            "난방방식":"--",
            "공급면적":70,
            "전용률":80,
            "욕실수":"--",
            "현관타입":"--",
            "주거총점":16.5,
            "지역구공급총점":0.0,
            "역세권":"NA",
            "30분내 이동가능 거점":"NA",
            "1시간내 이동가능 거점":"NA",
            "교통총점":"NA",
            "백화점":0,
            "아울렛몰":0,
            "대형마트":0,
            "은행":0,
            "병원":30,
            "종합병원":100,
            "공원":100,
            "혐오시설":0,
            "인프라총점":26.0,
            "초등학군":93.11,
            "중학군":49.34,
            "학군총점":58.094,
            "인구수":30.97,
            "인구증감":5.75,
            "인구총점":23.404,
            "일자리":15.0,
            "소득수준":62.25,
            "일자리총점":29.175,
            "가치 총점":30.6985,
            "매매실거래년":20211130.0,
            "매매실거래가":18200.0,
            "전세실거래년":20200507.0,
            "전세실거래가":10000.0,
            "전세가율":75.19,
            "장기전세가율평균":78.74,
            "전세가율거품지수":3.55,
            "검색코드":6541,
            "세대수":348.0,
            "준공년월":"1992-03-30",
            "준공년차":31.0,
            "가까운역이름":"NA",
            "가까운역거리":"NA",
            "역세권여부":"NA",
            "30분이내주요거점역":"NA",
            "1시간이내주요거점역":"NA",
            "3km이내백화점수":0,
            "5km이내아울렛몰수":0,
            "1km이내대형먀트수":0,
            "500m이내은행수":0,
            "500m이내병원수":7,
            "5km이내대형병원수":2,
            "500m이내공원수":4,
            "3km이내혐오시설수":0,
            "초등학교학업성취도":93.11,
            "중학교학업성취도":80.7,
            "용적률":0,
            "건폐율":0,
            "Y":37.851067,
            "X":127.751912,
            "rank":102.0,
            "area_info":"27평(91.36), 31평(102.7), 47평(155.82)",
            "last_sales":"2021-11-30,18200.0,47평(155.82)"
        },
        {
            "index":415,
            "아파트명":"후평봉의",
            "투자타입":"재건축",
            "전용면적(m2)":"41.57",
            "전용면적(평)":"12평",
            "법정동주소":"강원도 춘천시 후평동 542-3",
            "도로명주소":"강원도 춘천시 후석로441번길 40",
            "세대수":0,
            "입주년차":"--",
            "용적률점수":0,
            "건폐율점수":0,
            "세대당주차수":"--",
            "난방방식":"--",
            "공급면적":50,
            "전용률":100,
            "욕실수":"--",
            "현관타입":"--",
            "주거총점":7.5,
            "지역구공급총점":0.0,
            "역세권":"NA",
            "30분내 이동가능 거점":"NA",
            "1시간내 이동가능 거점":"NA",
            "교통총점":"NA",
            "백화점":0,
            "아울렛몰":0,
            "대형마트":80,
            "은행":0,
            "병원":0,
            "종합병원":100,
            "공원":100,
            "혐오시설":0,
            "인프라총점":35.0,
            "초등학군":89.7,
            "중학군":46.52,
            "학군총점":55.156,
            "인구수":30.97,
            "인구증감":5.75,
            "인구총점":23.404,
            "일자리":15.0,
            "소득수준":62.25,
            "일자리총점":29.175,
            "가치 총점":30.414,
            "매매실거래년":20220103.0,
            "매매실거래가":5300.0,
            "전세실거래년":null,
            "전세실거래가":null,
            "전세가율":null,
            "장기전세가율평균":78.74,
            "전세가율거품지수":null,
            "검색코드":14447,
            "세대수":200.0,
            "준공년월":"1975-12-16",
            "준공년차":48.0,
            "가까운역이름":"NA",
            "가까운역거리":"NA",
            "역세권여부":"NA",
            "30분이내주요거점역":"NA",
            "1시간이내주요거점역":"NA",
            "3km이내백화점수":0,
            "5km이내아울렛몰수":0,
            "1km이내대형먀트수":1,
            "500m이내은행수":0,
            "500m이내병원수":1,
            "5km이내대형병원수":2,
            "500m이내공원수":2,
            "3km이내혐오시설수":0,
            "초등학교학업성취도":89.7,
            "중학교학업성취도":76.8,
            "용적률":0,
            "건폐율":0,
            "Y":37.886557,
            "X":127.742869,
            "rank":103.0,
            "area_info":"12평(41.57), 12평(41.51)",
            "last_sales":"2022-01-03,5300.0,12평(41.51)"
        },
        {
            "index":342,
            "아파트명":"에리트",
            "투자타입":"재건축",
            "전용면적(m2)":"43.89",
            "전용면적(평)":"13평",
            "법정동주소":"강원도 춘천시 후평동 529-4",
            "도로명주소":"강원도 춘천시 삭주로 89-7",
            "세대수":0,
            "입주년차":"--",
            "용적률점수":0,
            "건폐율점수":0,
            "세대당주차수":"--",
            "난방방식":"--",
            "공급면적":50,
            "전용률":100,
            "욕실수":"--",
            "현관타입":"--",
            "주거총점":7.5,
            "지역구공급총점":0.0,
            "역세권":"NA",
            "30분내 이동가능 거점":"NA",
            "1시간내 이동가능 거점":"NA",
            "교통총점":"NA",
            "백화점":0,
            "아울렛몰":0,
            "대형마트":80,
            "은행":0,
            "병원":0,
            "종합병원":100,
            "공원":100,
            "혐오시설":0,
            "인프라총점":35.0,
            "초등학군":89.7,
            "중학군":46.52,
            "학군총점":55.156,
            "인구수":30.97,
            "인구증감":5.75,
            "인구총점":23.404,
            "일자리":15.0,
            "소득수준":62.25,
            "일자리총점":29.175,
            "가치 총점":30.414,
            "매매실거래년":20211202.0,
            "매매실거래가":10700.0,
            "전세실거래년":20211206.0,
            "전세실거래가":6500.0,
            "전세가율":72.22,
            "장기전세가율평균":78.74,
            "전세가율거품지수":6.52,
            "검색코드":14448,
            "세대수":260.0,
            "준공년월":"1981-01-27",
            "준공년차":42.0,
            "가까운역이름":"NA",
            "가까운역거리":"NA",
            "역세권여부":"NA",
            "30분이내주요거점역":"NA",
            "1시간이내주요거점역":"NA",
            "3km이내백화점수":0,
            "5km이내아울렛몰수":0,
            "1km이내대형먀트수":1,
            "500m이내은행수":0,
            "500m이내병원수":0,
            "5km이내대형병원수":2,
            "500m이내공원수":2,
            "3km이내혐오시설수":0,
            "초등학교학업성취도":89.7,
            "중학교학업성취도":76.8,
            "용적률":0,
            "건폐율":0,
            "Y":37.884966,
            "X":127.74093,
            "rank":103.0,
            "area_info":"13평(43.89), 19평(65.78), 24평(80.07), 27평(92.25)",
            "last_sales":"2021-12-02,10700.0,19평(65.78)"
        },
        {
            "index":413,
            "아파트명":"현대5차",
            "투자타입":"일반",
            "전용면적(m2)":"82.58",
            "전용면적(평)":"24평",
            "법정동주소":"강원도 춘천시 후평동 902",
            "도로명주소":"강원도 춘천시 후만로24번길 13",
            "세대수":30,
            "입주년차":0,
            "용적률점수":"--",
            "건폐율점수":"--",
            "세대당주차수":0,
            "난방방식":30,
            "공급면적":"--",
            "전용률":"--",
            "욕실수":50,
            "현관타입":10,
            "주거총점":19.5,
            "지역구공급총점":0.0,
            "역세권":"NA",
            "30분내 이동가능 거점":"NA",
            "1시간내 이동가능 거점":"NA",
            "교통총점":"NA",
            "백화점":0,
            "아울렛몰":0,
            "대형마트":0,
            "은행":0,
            "병원":30,
            "종합병원":100,
            "공원":100,
            "혐오시설":0,
            "인프라총점":26.0,
            "초등학군":94.98,
            "중학군":41.62,
            "학군총점":52.292,
            "인구수":30.97,
            "인구증감":5.75,
            "인구총점":23.404,
            "일자리":15.0,
            "소득수준":62.25,
            "일자리총점":29.175,
            "가치 총점":30.298,
            "매매실거래년":20220107.0,
            "매매실거래가":10500.0,
            "전세실거래년":20220108.0,
            "전세실거래가":10000.0,
            "전세가율":95.24,
            "장기전세가율평균":78.74,
            "전세가율거품지수":-16.5,
            "검색코드":6756,
            "세대수":305.0,
            "준공년월":"1996-06-18",
            "준공년차":27.0,
            "가까운역이름":"NA",
            "가까운역거리":"NA",
            "역세권여부":"NA",
            "30분이내주요거점역":"NA",
            "1시간이내주요거점역":"NA",
            "3km이내백화점수":0,
            "5km이내아울렛몰수":0,
            "1km이내대형먀트수":0,
            "500m이내은행수":0,
            "500m이내병원수":7,
            "5km이내대형병원수":2,
            "500m이내공원수":4,
            "3km이내혐오시설수":0,
            "초등학교학업성취도":94.98,
            "중학교학업성취도":68.3,
            "용적률":256,
            "건폐율":26,
            "Y":37.873786,
            "X":127.74979,
            "rank":104.0,
            "area_info":"24평(82.58), 31평(105.76)",
            "last_sales":"2022-01-07,10500.0,24평(82.58)"
        },
        {
            "index":396,
            "아파트명":"크로바",
            "투자타입":"재건축",
            "전용면적(m2)":"33.05",
            "전용면적(평)":"9평",
            "법정동주소":"강원도 춘천시 후평동 511-5",
            "도로명주소":"강원도 춘천시 춘천로281번길 15",
            "세대수":0,
            "입주년차":"--",
            "용적률점수":0,
            "건폐율점수":0,
            "세대당주차수":"--",
            "난방방식":"--",
            "공급면적":50,
            "전용률":80,
            "욕실수":"--",
            "현관타입":"--",
            "주거총점":6.5,
            "지역구공급총점":0.0,
            "역세권":"NA",
            "30분내 이동가능 거점":"NA",
            "1시간내 이동가능 거점":"NA",
            "교통총점":"NA",
            "백화점":0,
            "아울렛몰":0,
            "대형마트":80,
            "은행":0,
            "병원":30,
            "종합병원":100,
            "공원":100,
            "혐오시설":0,
            "인프라총점":38.0,
            "초등학군":89.7,
            "중학군":41.68,
            "학군총점":51.284,
            "인구수":30.97,
            "인구증감":5.75,
            "인구총점":23.404,
            "일자리":15.0,
            "소득수준":62.25,
            "일자리총점":29.175,
            "가치 총점":30.296,
            "매매실거래년":20200916.0,
            "매매실거래가":4000.0,
            "전세실거래년":null,
            "전세실거래가":null,
            "전세가율":null,
            "장기전세가율평균":78.74,
            "전세가율거품지수":null,
            "검색코드":100791,
            "세대수":100.0,
            "준공년월":"1982-12-28",
            "준공년차":41.0,
            "가까운역이름":"NA",
            "가까운역거리":"NA",
            "역세권여부":"NA",
            "30분이내주요거점역":"NA",
            "1시간이내주요거점역":"NA",
            "3km이내백화점수":0,
            "5km이내아울렛몰수":0,
            "1km이내대형먀트수":1,
            "500m이내은행수":1,
            "500m이내병원수":7,
            "5km이내대형병원수":2,
            "500m이내공원수":2,
            "3km이내혐오시설수":0,
            "초등학교학업성취도":89.7,
            "중학교학업성취도":69.0,
            "용적률":0,
            "건폐율":0,
            "Y":37.881592,
            "X":127.742977,
            "rank":105.0,
            "area_info":"9평(33.05), 12평(42.97), 14평(49.58), 15평(52.89), 17평(59.5)",
            "last_sales":"2020-09-16,4000.0,12평(42.97)"
        },
        {
            "index":356,
            "아파트명":"청실",
            "투자타입":"재건축",
            "전용면적(m2)":"75.52",
            "전용면적(평)":"22평",
            "법정동주소":"강원도 춘천시 후평동 885",
            "도로명주소":"강원도 춘천시 세실로 187",
            "세대수":0,
            "입주년차":"--",
            "용적률점수":0,
            "건폐율점수":0,
            "세대당주차수":"--",
            "난방방식":"--",
            "공급면적":50,
            "전용률":80,
            "욕실수":"--",
            "현관타입":"--",
            "주거총점":6.5,
            "지역구공급총점":0.0,
            "역세권":"NA",
            "30분내 이동가능 거점":"NA",
            "1시간내 이동가능 거점":"NA",
            "교통총점":"NA",
            "백화점":0,
            "아울렛몰":0,
            "대형마트":80,
            "은행":0,
            "병원":10,
            "종합병원":100,
            "공원":100,
            "혐오시설":0,
            "인프라총점":36.0,
            "초등학군":92.08,
            "중학군":41.62,
            "학군총점":51.712,
            "인구수":30.97,
            "인구증감":5.75,
            "인구총점":23.404,
            "일자리":15.0,
            "소득수준":62.25,
            "일자리총점":29.175,
            "가치 총점":29.603,
            "매매실거래년":20211230.0,
            "매매실거래가":11600.0,
            "전세실거래년":20211105.0,
            "전세실거래가":8900.0,
            "전세가율":104.71,
            "장기전세가율평균":78.74,
            "전세가율거품지수":-25.97,
            "검색코드":6743,
            "세대수":140.0,
            "준공년월":"1991-10-01",
            "준공년차":32.0,
            "가까운역이름":"NA",
            "가까운역거리":"NA",
            "역세권여부":"NA",
            "30분이내주요거점역":"NA",
            "1시간이내주요거점역":"NA",
            "3km이내백화점수":0,
            "5km이내아울렛몰수":0,
            "1km이내대형먀트수":1,
            "500m이내은행수":0,
            "500m이내병원수":2,
            "5km이내대형병원수":2,
            "500m이내공원수":6,
            "3km이내혐오시설수":0,
            "초등학교학업성취도":92.08,
            "중학교학업성취도":68.3,
            "용적률":0,
            "건폐율":0,
            "Y":37.873875,
            "X":127.757826,
            "rank":106.0,
            "area_info":"22평(75.52), 27평(90.52)",
            "last_sales":"2021-12-30,11600.0,27평(90.52)"
        },
        {
            "index":346,
            "아파트명":"주공5단지",
            "투자타입":"재건축",
            "전용면적(m2)":"49.48",
            "전용면적(평)":"14평",
            "법정동주소":"강원도 춘천시 후평동 481",
            "도로명주소":"강원도 춘천시 후만로 15",
            "세대수":50,
            "입주년차":"--",
            "용적률점수":0,
            "건폐율점수":0,
            "세대당주차수":"--",
            "난방방식":"--",
            "공급면적":50,
            "전용률":60,
            "욕실수":"--",
            "현관타입":"--",
            "주거총점":20.5,
            "지역구공급총점":0.0,
            "역세권":"NA",
            "30분내 이동가능 거점":"NA",
            "1시간내 이동가능 거점":"NA",
            "교통총점":"NA",
            "백화점":0,
            "아울렛몰":0,
            "대형마트":0,
            "은행":0,
            "병원":0,
            "종합병원":100,
            "공원":100,
            "혐오시설":0,
            "인프라총점":23.0,
            "초등학군":94.98,
            "중학군":41.62,
            "학군총점":52.292,
            "인구수":30.97,
            "인구증감":5.75,
            "인구총점":23.404,
            "일자리":15.0,
            "소득수준":62.25,
            "일자리총점":29.175,
            "가치 총점":29.448,
            "매매실거래년":20211214.0,
            "매매실거래가":15600.0,
            "전세실거래년":20220110.0,
            "전세실거래가":8000.0,
            "전세가율":55.75,
            "장기전세가율평균":78.74,
            "전세가율거품지수":22.99,
            "검색코드":6735,
            "세대수":590.0,
            "준공년월":"1989-04-30",
            "준공년차":34.0,
            "가까운역이름":"NA",
            "가까운역거리":"NA",
            "역세권여부":"NA",
            "30분이내주요거점역":"NA",
            "1시간이내주요거점역":"NA",
            "3km이내백화점수":0,
            "5km이내아울렛몰수":0,
            "1km이내대형먀트수":0,
            "500m이내은행수":0,
            "500m이내병원수":1,
            "5km이내대형병원수":2,
            "500m이내공원수":3,
            "3km이내혐오시설수":0,
            "초등학교학업성취도":94.98,
            "중학교학업성취도":68.3,
            "용적률":0,
            "건폐율":0,
            "Y":37.874509,
            "X":127.74673,
            "rank":107.0,
            "area_info":"14평(49.48), 15평(49.91), 17평(57.93), 17평(57.57)",
            "last_sales":"2021-12-14,15600.0,17평(57.57)"
        },
        {
            "index":321,
            "아파트명":"동보빌리지",
            "투자타입":"재건축",
            "전용면적(m2)":"72.48",
            "전용면적(평)":"21평",
            "법정동주소":"강원도 춘천시 후평동 857",
            "도로명주소":"강원도 춘천시 삭주로 90",
            "세대수":0,
            "입주년차":"--",
            "용적률점수":0,
            "건폐율점수":0,
            "세대당주차수":"--",
            "난방방식":"--",
            "공급면적":50,
            "전용률":40,
            "욕실수":"--",
            "현관타입":"--",
            "주거총점":4.5,
            "지역구공급총점":0.0,
            "역세권":"NA",
            "30분내 이동가능 거점":"NA",
            "1시간내 이동가능 거점":"NA",
            "교통총점":"NA",
            "백화점":0,
            "아울렛몰":0,
            "대형마트":80,
            "은행":0,
            "병원":0,
            "종합병원":100,
            "공원":100,
            "혐오시설":0,
            "인프라총점":35.0,
            "초등학군":89.7,
            "중학군":46.52,
            "학군총점":55.156,
            "인구수":30.97,
            "인구증감":5.75,
            "인구총점":23.404,
            "일자리":15.0,
            "소득수준":62.25,
            "일자리총점":29.175,
            "가치 총점":29.364,
            "매매실거래년":"18000101",
            "매매실거래가":null,
            "전세실거래년":null,
            "전세실거래가":null,
            "전세가율":null,
            "장기전세가율평균":78.74,
            "전세가율거품지수":null,
            "검색코드":14624,
            "세대수":132.0,
            "준공년월":"1987-11-25",
            "준공년차":36.0,
            "가까운역이름":"NA",
            "가까운역거리":"NA",
            "역세권여부":"NA",
            "30분이내주요거점역":"NA",
            "1시간이내주요거점역":"NA",
            "3km이내백화점수":0,
            "5km이내아울렛몰수":0,
            "1km이내대형먀트수":1,
            "500m이내은행수":0,
            "500m이내병원수":1,
            "5km이내대형병원수":2,
            "500m이내공원수":2,
            "3km이내혐오시설수":0,
            "초등학교학업성취도":89.7,
            "중학교학업성취도":76.8,
            "용적률":0,
            "건폐율":0,
            "Y":37.88311,
            "X":127.740641,
            "rank":108.0,
            "area_info":"21평(72.48), 28평(93.21), 36평(119.96)",
            "last_sales":"1800-01-01,nan,21평(72.48)"
        },
        {
            "index":84,
            "아파트명":"근로복지(석사)",
            "투자타입":"재건축",
            "전용면적(m2)":"58.01",
            "전용면적(평)":"17평",
            "법정동주소":"강원도 춘천시 석사동 694-1",
            "도로명주소":"강원도 춘천시 효석로67번길 23",
            "세대수":30,
            "입주년차":"--",
            "용적률점수":0,
            "건폐율점수":0,
            "세대당주차수":"--",
            "난방방식":"--",
            "공급면적":50,
            "전용률":80,
            "욕실수":"--",
            "현관타입":"--",
            "주거총점":15.5,
            "지역구공급총점":0.0,
            "역세권":"NA",
            "30분내 이동가능 거점":"NA",
            "1시간내 이동가능 거점":"NA",
            "교통총점":"NA",
            "백화점":0,
            "아울렛몰":0,
            "대형마트":0,
            "은행":0,
            "병원":10,
            "종합병원":100,
            "공원":100,
            "혐오시설":0,
            "인프라총점":24.0,
            "초등학군":91.93,
            "중학군":48.26,
            "학군총점":56.994,
            "인구수":30.97,
            "인구증감":5.75,
            "인구총점":23.404,
            "일자리":15.0,
            "소득수준":62.25,
            "일자리총점":29.175,
            "가치 총점":29.2735,
            "매매실거래년":20220111.0,
            "매매실거래가":12800.0,
            "전세실거래년":20211118.0,
            "전세실거래가":9500.0,
            "전세가율":74.22,
            "장기전세가율평균":78.74,
            "전세가율거품지수":4.52,
            "검색코드":14435,
            "세대수":340.0,
            "준공년월":"1991-09-14",
            "준공년차":32.0,
            "가까운역이름":"NA",
            "가까운역거리":"NA",
            "역세권여부":"NA",
            "30분이내주요거점역":"NA",
            "1시간이내주요거점역":"NA",
            "3km이내백화점수":0,
            "5km이내아울렛몰수":0,
            "1km이내대형먀트수":0,
            "500m이내은행수":1,
            "500m이내병원수":3,
            "5km이내대형병원수":2,
            "500m이내공원수":5,
            "3km이내혐오시설수":0,
            "초등학교학업성취도":91.93,
            "중학교학업성취도":77.7,
            "용적률":0,
            "건폐율":0,
            "Y":37.862291,
            "X":127.738396,
            "rank":109.0,
            "area_info":"17평(58.01), 17평(58.37)",
            "last_sales":"2022-01-11,12800.0,17평(58.01)"
        },
        {
            "index":324,
            "아파트명":"동산",
            "투자타입":"재건축",
            "전용면적(m2)":"31.42",
            "전용면적(평)":"9평",
            "법정동주소":"강원도 춘천시 후평동 575-4",
            "도로명주소":"강원도 춘천시 후석로441번길 7",
            "세대수":0,
            "입주년차":"--",
            "용적률점수":0,
            "건폐율점수":0,
            "세대당주차수":"--",
            "난방방식":"--",
            "공급면적":50,
            "전용률":100,
            "욕실수":"--",
            "현관타입":"--",
            "주거총점":7.5,
            "지역구공급총점":0.0,
            "역세권":"NA",
            "30분내 이동가능 거점":"NA",
            "1시간내 이동가능 거점":"NA",
            "교통총점":"NA",
            "백화점":0,
            "아울렛몰":0,
            "대형마트":80,
            "은행":0,
            "병원":0,
            "종합병원":100,
            "공원":0,
            "혐오시설":0,
            "인프라총점":32.0,
            "초등학군":89.7,
            "중학군":46.52,
            "학군총점":55.156,
            "인구수":30.97,
            "인구증감":5.75,
            "인구총점":23.404,
            "일자리":15.0,
            "소득수준":62.25,
            "일자리총점":29.175,
            "가치 총점":29.214,
            "매매실거래년":20211104.0,
            "매매실거래가":13000.0,
            "전세실거래년":20211228.0,
            "전세실거래가":5800.0,
            "전세가율":89.23,
            "장기전세가율평균":78.74,
            "전세가율거품지수":-10.49,
            "검색코드":6701,
            "세대수":194.0,
            "준공년월":"1990-04-26",
            "준공년차":33.0,
            "가까운역이름":"NA",
            "가까운역거리":"NA",
            "역세권여부":"NA",
            "30분이내주요거점역":"NA",
            "1시간이내주요거점역":"NA",
            "3km이내백화점수":0,
            "5km이내아울렛몰수":0,
            "1km이내대형먀트수":1,
            "500m이내은행수":0,
            "500m이내병원수":0,
            "5km이내대형병원수":2,
            "500m이내공원수":0,
            "3km이내혐오시설수":0,
            "초등학교학업성취도":89.7,
            "중학교학업성취도":76.8,
            "용적률":0,
            "건폐율":0,
            "Y":37.887835,
            "X":127.742273,
            "rank":110.0,
            "area_info":"9평(31.42), 21평(69.93), 25평(82.77), 25평(84.93)",
            "last_sales":"2021-11-04,13000.0,25평(84.93)"
        },
        {
            "index":294,
            "아파트명":"신아",
            "투자타입":"일반",
            "전용면적(m2)":"32.18",
            "전용면적(평)":"9평",
            "법정동주소":"강원도 춘천시 효자동 820",
            "도로명주소":"강원도 춘천시 백령로75번길 7",
            "세대수":0,
            "입주년차":0,
            "용적률점수":"--",
            "건폐율점수":"--",
            "세대당주차수":0,
            "난방방식":30,
            "공급면적":"--",
            "전용률":"--",
            "욕실수":50,
            "현관타입":100,
            "주거총점":18.0,
            "지역구공급총점":0.0,
            "역세권":"NA",
            "30분내 이동가능 거점":"NA",
            "1시간내 이동가능 거점":"NA",
            "교통총점":"NA",
            "백화점":0,
            "아울렛몰":0,
            "대형마트":0,
            "은행":0,
            "병원":0,
            "종합병원":100,
            "공원":80,
            "혐오시설":0,
            "인프라총점":22.4,
            "초등학군":81.98,
            "중학군":48.26,
            "학군총점":55.004,
            "인구수":30.97,
            "인구증감":5.75,
            "인구총점":23.404,
            "일자리":15.0,
            "소득수준":62.25,
            "일자리총점":29.175,
            "가치 총점":29.011,
            "매매실거래년":20211222.0,
            "매매실거래가":5900.0,
            "전세실거래년":20210131.0,
            "전세실거래가":6500.0,
            "전세가율":119.27,
            "장기전세가율평균":78.74,
            "전세가율거품지수":-40.53,
            "검색코드":108953,
            "세대수":109.0,
            "준공년월":"1997-01-20",
            "준공년차":26.0,
            "가까운역이름":"NA",
            "가까운역거리":"NA",
            "역세권여부":"NA",
            "30분이내주요거점역":"NA",
            "1시간이내주요거점역":"NA",
            "3km이내백화점수":0,
            "5km이내아울렛몰수":0,
            "1km이내대형먀트수":0,
            "500m이내은행수":1,
            "500m이내병원수":0,
            "5km이내대형병원수":2,
            "500m이내공원수":1,
            "3km이내혐오시설수":0,
            "초등학교학업성취도":81.98,
            "중학교학업성취도":77.7,
            "용적률":213,
            "건폐율":22,
            "Y":37.870047,
            "X":127.737448,
            "rank":111.0,
            "area_info":"9평(32.18), 13평(43.33)",
            "last_sales":"2021-12-22,5900.0,13평(43.33)"
        },
        {
            "index":296,
            "아파트명":"일성",
            "투자타입":"일반",
            "전용면적(m2)":"78.02",
            "전용면적(평)":"23평",
            "법정동주소":"강원도 춘천시 효자동 819",
            "도로명주소":"강원도 춘천시 두하길 22",
            "세대수":0,
            "입주년차":0,
            "용적률점수":"--",
            "건폐율점수":"--",
            "세대당주차수":0,
            "난방방식":30,
            "공급면적":"--",
            "전용률":"--",
            "욕실수":50,
            "현관타입":100,
            "주거총점":18.0,
            "지역구공급총점":0.0,
            "역세권":"NA",
            "30분내 이동가능 거점":"NA",
            "1시간내 이동가능 거점":"NA",
            "교통총점":"NA",
            "백화점":0,
            "아울렛몰":0,
            "대형마트":0,
            "은행":0,
            "병원":10,
            "종합병원":100,
            "공원":80,
            "혐오시설":0,
            "인프라총점":23.4,
            "초등학군":90.41,
            "중학군":41.68,
            "학군총점":51.426,
            "인구수":30.97,
            "인구증감":5.75,
            "인구총점":23.404,
            "일자리":15.0,
            "소득수준":62.25,
            "일자리총점":29.175,
            "가치 총점":28.5165,
            "매매실거래년":20211009.0,
            "매매실거래가":12450.0,
            "전세실거래년":20210913.0,
            "전세실거래가":12000.0,
            "전세가율":96.39,
            "장기전세가율평균":78.74,
            "전세가율거품지수":-17.65,
            "검색코드":6676,
            "세대수":199.0,
            "준공년월":"1995-05-27",
            "준공년차":28.0,
            "가까운역이름":"NA",
            "가까운역거리":"NA",
            "역세권여부":"NA",
            "30분이내주요거점역":"NA",
            "1시간이내주요거점역":"NA",
            "3km이내백화점수":0,
            "5km이내아울렛몰수":0,
            "1km이내대형먀트수":0,
            "500m이내은행수":0,
            "500m이내병원수":3,
            "5km이내대형병원수":2,
            "500m이내공원수":1,
            "3km이내혐오시설수":0,
            "초등학교학업성취도":90.41,
            "중학교학업성취도":69.0,
            "용적률":209,
            "건폐율":23,
            "Y":37.876157,
            "X":127.741882,
            "rank":112.0,
            "area_info":"23평(78.02), 31평(104.15), 48평(159.27)",
            "last_sales":"2021-10-09,12450.0,23평(78.02)"
        },
        {
            "index":91,
            "아파트명":"삼익세라믹2차",
            "투자타입":"재건축",
            "전용면적(m2)":"88.78",
            "전용면적(평)":"26평",
            "법정동주소":"강원도 춘천시 석사동 114-5",
            "도로명주소":"강원도 춘천시 공지로 69-9",
            "세대수":0,
            "입주년차":"--",
            "용적률점수":0,
            "건폐율점수":0,
            "세대당주차수":"--",
            "난방방식":"--",
            "공급면적":70,
            "전용률":80,
            "욕실수":"--",
            "현관타입":"--",
            "주거총점":7.5,
            "지역구공급총점":0.0,
            "역세권":"NA",
            "30분내 이동가능 거점":"NA",
            "1시간내 이동가능 거점":"NA",
            "교통총점":"NA",
            "백화점":0,
            "아울렛몰":0,
            "대형마트":0,
            "은행":0,
            "병원":60,
            "종합병원":100,
            "공원":100,
            "혐오시설":0,
            "인프라총점":29.0,
            "초등학군":87.36,
            "중학군":49.34,
            "학군총점":56.944,
            "인구수":30.97,
            "인구증감":5.75,
            "인구총점":23.404,
            "일자리":15.0,
            "소득수준":62.25,
            "일자리총점":29.175,
            "가치 총점":28.461,
            "매매실거래년":20211124.0,
            "매매실거래가":15200.0,
            "전세실거래년":20210811.0,
            "전세실거래가":9500.0,
            "전세가율":70.37,
            "장기전세가율평균":78.74,
            "전세가율거품지수":8.37,
            "검색코드":6551,
            "세대수":256.0,
            "준공년월":"1991-12-23",
            "준공년차":32.0,
            "가까운역이름":"NA",
            "가까운역거리":"NA",
            "역세권여부":"NA",
            "30분이내주요거점역":"NA",
            "1시간이내주요거점역":"NA",
            "3km이내백화점수":0,
            "5km이내아울렛몰수":0,
            "1km이내대형먀트수":0,
            "500m이내은행수":0,
            "500m이내병원수":15,
            "5km이내대형병원수":2,
            "500m이내공원수":5,
            "3km이내혐오시설수":0,
            "초등학교학업성취도":87.36,
            "중학교학업성취도":80.7,
            "용적률":0,
            "건폐율":0,
            "Y":37.853135,
            "X":127.750031,
            "rank":113.0,
            "area_info":"26평(88.78), 30평(102.14), 31평(102.63)",
            "last_sales":"2021-11-24,15200.0,30평(102.14)"
        },
        {
            "index":87,
            "아파트명":"봄내",
            "투자타입":"재건축",
            "전용면적(m2)":"59.51",
            "전용면적(평)":"18평",
            "법정동주소":"강원도 춘천시 석사동 682",
            "도로명주소":"강원도 춘천시 석사길 10",
            "세대수":0,
            "입주년차":"--",
            "용적률점수":0,
            "건폐율점수":0,
            "세대당주차수":"--",
            "난방방식":"--",
            "공급면적":50,
            "전용률":80,
            "욕실수":"--",
            "현관타입":"--",
            "주거총점":6.5,
            "지역구공급총점":0.0,
            "역세권":"NA",
            "30분내 이동가능 거점":"NA",
            "1시간내 이동가능 거점":"NA",
            "교통총점":"NA",
            "백화점":0,
            "아울렛몰":0,
            "대형마트":0,
            "은행":0,
            "병원":60,
            "종합병원":100,
            "공원":100,
            "혐오시설":0,
            "인프라총점":29.0,
            "초등학군":91.93,
            "중학군":48.26,
            "학군총점":56.994,
            "인구수":30.97,
            "인구증감":5.75,
            "인구총점":23.404,
            "일자리":15.0,
            "소득수준":62.25,
            "일자리총점":29.175,
            "가치 총점":28.1235,
            "매매실거래년":20211219.0,
            "매매실거래가":10700.0,
            "전세실거래년":20211012.0,
            "전세실거래가":6000.0,
            "전세가율":56.07,
            "장기전세가율평균":78.74,
            "전세가율거품지수":22.67,
            "검색코드":14436,
            "세대수":120.0,
            "준공년월":"1991-10-29",
            "준공년차":32.0,
            "가까운역이름":"NA",
            "가까운역거리":"NA",
            "역세권여부":"NA",
            "30분이내주요거점역":"NA",
            "1시간이내주요거점역":"NA",
            "3km이내백화점수":0,
            "5km이내아울렛몰수":0,
            "1km이내대형먀트수":0,
            "500m이내은행수":1,
            "500m이내병원수":19,
            "5km이내대형병원수":2,
            "500m이내공원수":6,
            "3km이내혐오시설수":0,
            "초등학교학업성취도":91.93,
            "중학교학업성취도":77.7,
            "용적률":0,
            "건폐율":0,
            "Y":37.857242,
            "X":127.74496,
            "rank":114.0,
            "area_info":"18평(59.51)",
            "last_sales":"2021-12-19,10700.0,18평(59.51)"
        },
        {
            "index":17,
            "아파트명":"신아3차",
            "투자타입":"일반",
            "전용면적(m2)":"38.09",
            "전용면적(평)":"11평",
            "법정동주소":"강원도 춘천시 동내면 학곡리 255-34",
            "도로명주소":"강원도 춘천시 학곡서1길 19",
            "세대수":0,
            "입주년차":0,
            "용적률점수":"--",
            "건폐율점수":"--",
            "세대당주차수":0,
            "난방방식":30,
            "공급면적":"--",
            "전용률":"--",
            "욕실수":50,
            "현관타입":100,
            "주거총점":18.0,
            "지역구공급총점":0.0,
            "역세권":"NA",
            "30분내 이동가능 거점":"NA",
            "1시간내 이동가능 거점":"NA",
            "교통총점":"NA",
            "백화점":0,
            "아울렛몰":0,
            "대형마트":0,
            "은행":0,
            "병원":0,
            "종합병원":80,
            "공원":0,
            "혐오시설":0,
            "인프라총점":16.0,
            "초등학군":93.11,
            "중학군":49.34,
            "학군총점":58.094,
            "인구수":30.97,
            "인구증감":5.75,
            "인구총점":23.404,
            "일자리":15.0,
            "소득수준":62.25,
            "일자리총점":29.175,
            "가치 총점":27.2235,
            "매매실거래년":20200316.0,
            "매매실거래가":3950.0,
            "전세실거래년":20140218.0,
            "전세실거래가":2000.0,
            "전세가율":50.63,
            "장기전세가율평균":78.74,
            "전세가율거품지수":28.11,
            "검색코드":140179,
            "세대수":184.0,
            "준공년월":"1998-12-01",
            "준공년차":25.0,
            "가까운역이름":"NA",
            "가까운역거리":"NA",
            "역세권여부":"NA",
            "30분이내주요거점역":"NA",
            "1시간이내주요거점역":"NA",
            "3km이내백화점수":0,
            "5km이내아울렛몰수":0,
            "1km이내대형먀트수":0,
            "500m이내은행수":0,
            "500m이내병원수":0,
            "5km이내대형병원수":1,
            "500m이내공원수":0,
            "3km이내혐오시설수":0,
            "초등학교학업성취도":93.11,
            "중학교학업성취도":80.7,
            "용적률":275,
            "건폐율":23,
            "Y":37.833361,
            "X":127.759024,
            "rank":115.0,
            "area_info":"11평(38.09), 16평(54.77), 24평(82.0)",
            "last_sales":"2020-03-16,3950.0,11평(38.09)"
        },
        {
            "index":142,
            "아파트명":"소양강양우내안애",
            "투자타입":"일반",
            "전용면적(m2)":"57.0",
            "전용면적(평)":"17평",
            "법정동주소":"강원도 춘천시 신북읍 천전리 1352",
            "도로명주소":"강원도 춘천시 신샘밭로 733",
            "세대수":50,
            "입주년차":60,
            "용적률점수":"--",
            "건폐율점수":"--",
            "세대당주차수":0,
            "난방방식":30,
            "공급면적":"--",
            "전용률":"--",
            "욕실수":50,
            "현관타입":100,
            "주거총점":47.5,
            "지역구공급총점":0.0,
            "역세권":"NA",
            "30분내 이동가능 거점":"NA",
            "1시간내 이동가능 거점":"NA",
            "교통총점":"NA",
            "백화점":0,
            "아울렛몰":0,
            "대형마트":0,
            "은행":0,
            "병원":0,
            "종합병원":0,
            "공원":0,
            "혐오시설":0,
            "인프라총점":0.0,
            "초등학군":83.2,
            "중학군":31.5,
            "학군총점":41.84,
            "인구수":30.97,
            "인구증감":5.75,
            "인구총점":23.404,
            "일자리":15.0,
            "소득수준":62.25,
            "일자리총점":29.175,
            "가치 총점":27.085,
            "매매실거래년":20211215.0,
            "매매실거래가":7400.0,
            "전세실거래년":20211202.0,
            "전세실거래가":3114.0,
            "전세가율":42.08,
            "장기전세가율평균":78.74,
            "전세가율거품지수":36.66,
            "검색코드":106152,
            "세대수":409.0,
            "준공년월":"2012-11-06",
            "준공년차":11.0,
            "가까운역이름":"NA",
            "가까운역거리":"NA",
            "역세권여부":"NA",
            "30분이내주요거점역":"NA",
            "1시간이내주요거점역":"NA",
            "3km이내백화점수":0,
            "5km이내아울렛몰수":0,
            "1km이내대형먀트수":0,
            "500m이내은행수":0,
            "500m이내병원수":0,
            "5km이내대형병원수":0,
            "500m이내공원수":0,
            "3km이내혐오시설수":0,
            "초등학교학업성취도":83.2,
            "중학교학업성취도":50.5,
            "용적률":291,
            "건폐율":23,
            "Y":37.932324,
            "X":127.790772,
            "rank":116.0,
            "area_info":"17평(57.0), 21평(70.78), 25평(84.22), 30평(100.97), 30평(100.46), 33평(112.02)",
            "last_sales":"2021-12-15,7400.0,17평(57.0)"
        },
        {
            "index":333,
            "아파트명":"세경1차",
            "투자타입":"재건축",
            "전용면적(m2)":"62.39",
            "전용면적(평)":"18평",
            "법정동주소":"강원도 춘천시 후평동 67-13",
            "도로명주소":"강원도 춘천시 백령로 198",
            "세대수":0,
            "입주년차":"--",
            "용적률점수":0,
            "건폐율점수":0,
            "세대당주차수":"--",
            "난방방식":"--",
            "공급면적":50,
            "전용률":80,
            "욕실수":"--",
            "현관타입":"--",
            "주거총점":6.5,
            "지역구공급총점":0.0,
            "역세권":"NA",
            "30분내 이동가능 거점":"NA",
            "1시간내 이동가능 거점":"NA",
            "교통총점":"NA",
            "백화점":0,
            "아울렛몰":0,
            "대형마트":0,
            "은행":0,
            "병원":60,
            "종합병원":100,
            "공원":100,
            "혐오시설":0,
            "인프라총점":29.0,
            "초등학군":94.98,
            "중학군":41.62,
            "학군총점":52.292,
            "인구수":30.97,
            "인구증감":5.75,
            "인구총점":23.404,
            "일자리":15.0,
            "소득수준":62.25,
            "일자리총점":29.175,
            "가치 총점":26.948,
            "매매실거래년":20211113.0,
            "매매실거래가":9900.0,
            "전세실거래년":20211021.0,
            "전세실거래가":7600.0,
            "전세가율":76.77,
            "장기전세가율평균":78.74,
            "전세가율거품지수":1.97,
            "검색코드":6723,
            "세대수":190.0,
            "준공년월":"1984-12-12",
            "준공년차":39.0,
            "가까운역이름":"NA",
            "가까운역거리":"NA",
            "역세권여부":"NA",
            "30분이내주요거점역":"NA",
            "1시간이내주요거점역":"NA",
            "3km이내백화점수":0,
            "5km이내아울렛몰수":0,
            "1km이내대형먀트수":0,
            "500m이내은행수":1,
            "500m이내병원수":22,
            "5km이내대형병원수":2,
            "500m이내공원수":4,
            "3km이내혐오시설수":0,
            "초등학교학업성취도":94.98,
            "중학교학업성취도":68.3,
            "용적률":0,
            "건폐율":0,
            "Y":37.877252,
            "X":127.748596,
            "rank":117.0,
            "area_info":"18평(62.39)",
            "last_sales":"2021-11-13,9900.0,18평(62.39)"
        },
        {
            "index":148,
            "아파트명":"춘천해강",
            "투자타입":"일반",
            "전용면적(m2)":"54.58",
            "전용면적(평)":"16평",
            "법정동주소":"강원도 춘천시 신북읍 천전리 1351",
            "도로명주소":"강원도 춘천시 상천2길 52",
            "세대수":50,
            "입주년차":0,
            "용적률점수":"--",
            "건폐율점수":"--",
            "세대당주차수":0,
            "난방방식":30,
            "공급면적":"--",
            "전용률":"--",
            "욕실수":50,
            "현관타입":10,
            "주거총점":26.5,
            "지역구공급총점":0.0,
            "역세권":"NA",
            "30분내 이동가능 거점":"NA",
            "1시간내 이동가능 거점":"NA",
            "교통총점":"NA",
            "백화점":0,
            "아울렛몰":0,
            "대형마트":0,
            "은행":0,
            "병원":0,
            "종합병원":0,
            "공원":0,
            "혐오시설":0,
            "인프라총점":0.0,
            "초등학군":83.2,
            "중학군":31.5,
            "학군총점":41.84,
            "인구수":30.97,
            "인구증감":5.75,
            "인구총점":23.404,
            "일자리":15.0,
            "소득수준":62.25,
            "일자리총점":29.175,
            "가치 총점":19.735,
            "매매실거래년":20220106.0,
            "매매실거래가":9100.0,
            "전세실거래년":20210317.0,
            "전세실거래가":5000.0,
            "전세가율":71.43,
            "장기전세가율평균":78.74,
            "전세가율거품지수":7.31,
            "검색코드":14097,
            "세대수":424.0,
            "준공년월":"1997-11-15",
            "준공년차":26.0,
            "가까운역이름":"NA",
            "가까운역거리":"NA",
            "역세권여부":"NA",
            "30분이내주요거점역":"NA",
            "1시간이내주요거점역":"NA",
            "3km이내백화점수":0,
            "5km이내아울렛몰수":0,
            "1km이내대형먀트수":0,
            "500m이내은행수":0,
            "500m이내병원수":0,
            "5km이내대형병원수":0,
            "500m이내공원수":0,
            "3km이내혐오시설수":0,
            "초등학교학업성취도":83.2,
            "중학교학업성취도":50.5,
            "용적률":264,
            "건폐율":42,
            "Y":37.932626,
            "X":127.788337,
            "rank":118.0,
            "area_info":"16평(54.58), 24평(80.49)",
            "last_sales":"2022-01-06,9100.0,24평(80.49)"
        }
    ]
}