{
    "schema":{
        "fields":[
            {
                "name":"index",
                "type":"integer"
            },
            {
                "name":"아파트명",
                "type":"string"
            },
            {
                "name":"투자타입",
                "type":"string"
            },
            {
                "name":"전용면적(m2)",
                "type":"string"
            },
            {
                "name":"전용면적(평)",
                "type":"string"
            },
            {
                "name":"법정동주소",
                "type":"string"
            },
            {
                "name":"도로명주소",
                "type":"string"
            },
            {
                "name":"세대수",
                "type":"integer"
            },
            {
                "name":"입주년차",
                "type":"string"
            },
            {
                "name":"용적률점수",
                "type":"string"
            },
            {
                "name":"건폐율점수",
                "type":"string"
            },
            {
                "name":"세대당주차수",
                "type":"string"
            },
            {
                "name":"난방방식",
                "type":"string"
            },
            {
                "name":"공급면적",
                "type":"string"
            },
            {
                "name":"전용률",
                "type":"string"
            },
            {
                "name":"욕실수",
                "type":"string"
            },
            {
                "name":"현관타입",
                "type":"string"
            },
            {
                "name":"주거총점",
                "type":"number"
            },
            {
                "name":"지역구공급총점",
                "type":"number"
            },
            {
                "name":"역세권",
                "type":"string"
            },
            {
                "name":"30분내 이동가능 거점",
                "type":"string"
            },
            {
                "name":"1시간내 이동가능 거점",
                "type":"string"
            },
            {
                "name":"교통총점",
                "type":"string"
            },
            {
                "name":"백화점",
                "type":"integer"
            },
            {
                "name":"아울렛몰",
                "type":"integer"
            },
            {
                "name":"대형마트",
                "type":"integer"
            },
            {
                "name":"은행",
                "type":"integer"
            },
            {
                "name":"병원",
                "type":"integer"
            },
            {
                "name":"종합병원",
                "type":"integer"
            },
            {
                "name":"공원",
                "type":"integer"
            },
            {
                "name":"혐오시설",
                "type":"integer"
            },
            {
                "name":"인프라총점",
                "type":"number"
            },
            {
                "name":"초등학군",
                "type":"number"
            },
            {
                "name":"중학군",
                "type":"number"
            },
            {
                "name":"학군총점",
                "type":"number"
            },
            {
                "name":"인구수",
                "type":"number"
            },
            {
                "name":"인구증감",
                "type":"number"
            },
            {
                "name":"인구총점",
                "type":"number"
            },
            {
                "name":"일자리",
                "type":"number"
            },
            {
                "name":"소득수준",
                "type":"number"
            },
            {
                "name":"일자리총점",
                "type":"number"
            },
            {
                "name":"가치 총점",
                "type":"number"
            },
            {
                "name":"매매실거래년",
                "type":"string"
            },
            {
                "name":"매매실거래가",
                "type":"number"
            },
            {
                "name":"전세실거래년",
                "type":"number"
            },
            {
                "name":"전세실거래가",
                "type":"number"
            },
            {
                "name":"전세가율",
                "type":"number"
            },
            {
                "name":"장기전세가율평균",
                "type":"number"
            },
            {
                "name":"전세가율거품지수",
                "type":"number"
            },
            {
                "name":"검색코드",
                "type":"integer"
            },
            {
                "name":"세대수",
                "type":"integer"
            },
            {
                "name":"준공년월",
                "type":"string"
            },
            {
                "name":"준공년차",
                "type":"integer"
            },
            {
                "name":"가까운역이름",
                "type":"string"
            },
            {
                "name":"가까운역거리",
                "type":"string"
            },
            {
                "name":"역세권여부",
                "type":"string"
            },
            {
                "name":"30분이내주요거점역",
                "type":"string"
            },
            {
                "name":"1시간이내주요거점역",
                "type":"string"
            },
            {
                "name":"3km이내백화점수",
                "type":"integer"
            },
            {
                "name":"5km이내아울렛몰수",
                "type":"integer"
            },
            {
                "name":"1km이내대형먀트수",
                "type":"integer"
            },
            {
                "name":"500m이내은행수",
                "type":"integer"
            },
            {
                "name":"500m이내병원수",
                "type":"integer"
            },
            {
                "name":"5km이내대형병원수",
                "type":"integer"
            },
            {
                "name":"500m이내공원수",
                "type":"integer"
            },
            {
                "name":"3km이내혐오시설수",
                "type":"integer"
            },
            {
                "name":"초등학교학업성취도",
                "type":"number"
            },
            {
                "name":"중학교학업성취도",
                "type":"number"
            },
            {
                "name":"용적률",
                "type":"integer"
            },
            {
                "name":"건폐율",
                "type":"integer"
            },
            {
                "name":"Y",
                "type":"number"
            },
            {
                "name":"X",
                "type":"number"
            },
            {
                "name":"rank",
                "type":"number"
            },
            {
                "name":"area_info",
                "type":"string"
            },
            {
                "name":"last_sales",
                "type":"string"
            }
        ],
        "primaryKey":[
            "index"
        ],
        "pandas_version":"1.4.0"
    },
    "data":[
        {
            "index":211,
            "아파트명":"한양2,3단지",
            "투자타입":"재건축",
            "전용면적(m2)":"52.87",
            "전용면적(평)":"15평",
            "법정동주소":"강원도 동해시 천곡동 794",
            "도로명주소":"강원도 동해시 천곡로 15",
            "세대수":80,
            "입주년차":"--",
            "용적률점수":80,
            "건폐율점수":100,
            "세대당주차수":"--",
            "난방방식":"--",
            "공급면적":50,
            "전용률":60,
            "욕실수":"--",
            "현관타입":"--",
            "주거총점":81.5,
            "지역구공급총점":0.0,
            "역세권":"NA",
            "30분내 이동가능 거점":"NA",
            "1시간내 이동가능 거점":"NA",
            "교통총점":"NA",
            "백화점":0,
            "아울렛몰":0,
            "대형마트":80,
            "은행":0,
            "병원":30,
            "종합병원":80,
            "공원":100,
            "혐오시설":0,
            "인프라총점":34.0,
            "초등학군":88.7,
            "중학군":51.66,
            "학군총점":59.068,
            "인구수":9.72,
            "인구증감":0.0,
            "인구총점":6.804,
            "일자리":4.1,
            "소득수준":61.65,
            "일자리총점":21.365,
            "가치 총점":56.892,
            "매매실거래년":20211228.0,
            "매매실거래가":11100.0,
            "전세실거래년":20211122.0,
            "전세실거래가":5000.0,
            "전세가율":111.11,
            "장기전세가율평균":73.85,
            "전세가율거품지수":-37.26,
            "검색코드":6154,
            "세대수":862,
            "준공년월":"1991-07-24",
            "준공년차":32,
            "가까운역이름":"NA",
            "가까운역거리":"NA",
            "역세권여부":"NA",
            "30분이내주요거점역":"NA",
            "1시간이내주요거점역":"NA",
            "3km이내백화점수":0,
            "5km이내아울렛몰수":0,
            "1km이내대형먀트수":1,
            "500m이내은행수":0,
            "500m이내병원수":5,
            "5km이내대형병원수":1,
            "500m이내공원수":4,
            "3km이내혐오시설수":0,
            "초등학교학업성취도":88.7,
            "중학교학업성취도":86.1,
            "용적률":155,
            "건폐율":15,
            "Y":37.526867,
            "X":129.10823,
            "rank":1.0,
            "area_info":"15평(52.87), 20평(68.0), 24평(82.25), 26평(89.17), 27평(90.08), 31평(103.71), 31평(104.77)",
            "last_sales":"2021-12-28,11100.0,31평(104.77)"
        },
        {
            "index":185,
            "아파트명":"주공4차",
            "투자타입":"재건축",
            "전용면적(m2)":"39.99",
            "전용면적(평)":"12평",
            "법정동주소":"강원도 동해시 천곡동 415",
            "도로명주소":"강원도 동해시 샘실1길 5",
            "세대수":90,
            "입주년차":"--",
            "용적률점수":100,
            "건폐율점수":80,
            "세대당주차수":"--",
            "난방방식":"--",
            "공급면적":50,
            "전용률":100,
            "욕실수":"--",
            "현관타입":"--",
            "주거총점":90.5,
            "지역구공급총점":0.0,
            "역세권":"NA",
            "30분내 이동가능 거점":"NA",
            "1시간내 이동가능 거점":"NA",
            "교통총점":"NA",
            "백화점":0,
            "아울렛몰":0,
            "대형마트":0,
            "은행":0,
            "병원":0,
            "종합병원":80,
            "공원":80,
            "혐오시설":0,
            "인프라총점":18.4,
            "초등학군":82.51,
            "중학군":51.66,
            "학군총점":57.83,
            "인구수":9.72,
            "인구증감":0.0,
            "인구총점":6.804,
            "일자리":4.1,
            "소득수준":61.65,
            "일자리총점":21.365,
            "가치 총점":53.4925,
            "매매실거래년":20220111.0,
            "매매실거래가":7100.0,
            "전세실거래년":20220113.0,
            "전세실거래가":5500.0,
            "전세가율":77.46,
            "장기전세가율평균":73.85,
            "전세가율거품지수":-3.61,
            "검색코드":6128,
            "세대수":900,
            "준공년월":"1989-11-15",
            "준공년차":34,
            "가까운역이름":"NA",
            "가까운역거리":"NA",
            "역세권여부":"NA",
            "30분이내주요거점역":"NA",
            "1시간이내주요거점역":"NA",
            "3km이내백화점수":0,
            "5km이내아울렛몰수":0,
            "1km이내대형먀트수":0,
            "500m이내은행수":0,
            "500m이내병원수":1,
            "5km이내대형병원수":1,
            "500m이내공원수":1,
            "3km이내혐오시설수":0,
            "초등학교학업성취도":82.51,
            "중학교학업성취도":86.1,
            "용적률":99,
            "건폐율":20,
            "Y":37.521311,
            "X":129.103939,
            "rank":2.0,
            "area_info":"12평(39.99), 11평(39.6), 12평(39.69), 11평(39.3), 14평(46.98), 14평(46.68), 14평(47.01), 14평(47.31)",
            "last_sales":"2022-01-11,7100.0,12평(39.99)"
        },
        {
            "index":162,
            "아파트명":"동해천곡주공3차",
            "투자타입":"재건축",
            "전용면적(m2)":"46.28",
            "전용면적(평)":"13평",
            "법정동주소":"강원도 동해시 천곡동 306",
            "도로명주소":"강원도 동해시 동굴로 61-19",
            "세대수":0,
            "입주년차":"--",
            "용적률점수":100,
            "건폐율점수":100,
            "세대당주차수":"--",
            "난방방식":"--",
            "공급면적":50,
            "전용률":100,
            "욕실수":"--",
            "현관타입":"--",
            "주거총점":67.5,
            "지역구공급총점":0.0,
            "역세권":"NA",
            "30분내 이동가능 거점":"NA",
            "1시간내 이동가능 거점":"NA",
            "교통총점":"NA",
            "백화점":0,
            "아울렛몰":0,
            "대형마트":80,
            "은행":0,
            "병원":60,
            "종합병원":80,
            "공원":100,
            "혐오시설":0,
            "인프라총점":37.0,
            "초등학군":88.93,
            "중학군":51.66,
            "학군총점":59.114,
            "인구수":9.72,
            "인구증감":0.0,
            "인구총점":6.804,
            "일자리":4.1,
            "소득수준":61.65,
            "일자리총점":21.365,
            "가치 총점":53.2035,
            "매매실거래년":20211011.0,
            "매매실거래가":6000.0,
            "전세실거래년":20200604.0,
            "전세실거래가":5400.0,
            "전세가율":108.0,
            "장기전세가율평균":73.85,
            "전세가율거품지수":-34.15,
            "검색코드":6126,
            "세대수":270,
            "준공년월":"1989-09-30",
            "준공년차":34,
            "가까운역이름":"NA",
            "가까운역거리":"NA",
            "역세권여부":"NA",
            "30분이내주요거점역":"NA",
            "1시간이내주요거점역":"NA",
            "3km이내백화점수":0,
            "5km이내아울렛몰수":0,
            "1km이내대형먀트수":1,
            "500m이내은행수":1,
            "500m이내병원수":13,
            "5km이내대형병원수":1,
            "500m이내공원수":3,
            "3km이내혐오시설수":0,
            "초등학교학업성취도":88.93,
            "중학교학업성취도":86.1,
            "용적률":70,
            "건폐율":14,
            "Y":37.519357,
            "X":129.109668,
            "rank":3.0,
            "area_info":"13평(46.28), 15평(52.89), 19평(62.81)",
            "last_sales":"2021-10-11,6000.0,19평(62.81)"
        },
        {
            "index":167,
            "아파트명":"삼성",
            "투자타입":"재건축",
            "전용면적(m2)":"59.16",
            "전용면적(평)":"17평",
            "법정동주소":"강원도 동해시 천곡동 1077",
            "도로명주소":"강원도 동해시 대학로 31",
            "세대수":30,
            "입주년차":"--",
            "용적률점수":20,
            "건폐율점수":100,
            "세대당주차수":"--",
            "난방방식":"--",
            "공급면적":50,
            "전용률":100,
            "욕실수":"--",
            "현관타입":"--",
            "주거총점":44.5,
            "지역구공급총점":0.0,
            "역세권":"NA",
            "30분내 이동가능 거점":"NA",
            "1시간내 이동가능 거점":"NA",
            "교통총점":"NA",
            "백화점":0,
            "아울렛몰":0,
            "대형마트":80,
            "은행":70,
            "병원":80,
            "종합병원":80,
            "공원":100,
            "혐오시설":0,
            "인프라총점":46.0,
            "초등학군":88.7,
            "중학군":51.66,
            "학군총점":59.068,
            "인구수":9.72,
            "인구증감":0.0,
            "인구총점":6.804,
            "일자리":4.1,
            "소득수준":61.65,
            "일자리총점":21.365,
            "가치 총점":48.742,
            "매매실거래년":20211220.0,
            "매매실거래가":12100.0,
            "전세실거래년":20200803.0,
            "전세실거래가":8000.0,
            "전세가율":90.91,
            "장기전세가율평균":73.85,
            "전세가율거품지수":-17.06,
            "검색코드":6122,
            "세대수":333,
            "준공년월":"1991-07-19",
            "준공년차":32,
            "가까운역이름":"NA",
            "가까운역거리":"NA",
            "역세권여부":"NA",
            "30분이내주요거점역":"NA",
            "1시간이내주요거점역":"NA",
            "3km이내백화점수":0,
            "5km이내아울렛몰수":0,
            "1km이내대형먀트수":1,
            "500m이내은행수":3,
            "500m이내병원수":41,
            "5km이내대형병원수":1,
            "500m이내공원수":4,
            "3km이내혐오시설수":0,
            "초등학교학업성취도":88.7,
            "중학교학업성취도":86.1,
            "용적률":206,
            "건폐율":17,
            "Y":37.52296,
            "X":129.11222,
            "rank":4.0,
            "area_info":"17평(59.16), 22평(73.83), 25평(84.99), 25평(84.98)",
            "last_sales":"2021-12-20,12100.0,25평(84.99)"
        },
        {
            "index":229,
            "아파트명":"코아루디오션",
            "투자타입":"일반",
            "전용면적(m2)":"96.68",
            "전용면적(평)":"29평",
            "법정동주소":"강원도 동해시 평릉동 456",
            "도로명주소":"강원도 동해시 평원로 100",
            "세대수":50,
            "입주년차":80,
            "용적률점수":"--",
            "건폐율점수":"--",
            "세대당주차수":30,
            "난방방식":30,
            "공급면적":"--",
            "전용률":"--",
            "욕실수":100,
            "현관타입":100,
            "주거총점":61.0,
            "지역구공급총점":0.0,
            "역세권":"NA",
            "30분내 이동가능 거점":"NA",
            "1시간내 이동가능 거점":"NA",
            "교통총점":"NA",
            "백화점":0,
            "아울렛몰":0,
            "대형마트":80,
            "은행":0,
            "병원":0,
            "종합병원":80,
            "공원":100,
            "혐오시설":0,
            "인프라총점":31.0,
            "초등학군":89.06,
            "중학군":40.38,
            "학군총점":50.116,
            "인구수":9.72,
            "인구증감":0.0,
            "인구총점":6.804,
            "일자리":4.1,
            "소득수준":61.65,
            "일자리총점":21.365,
            "가치 총점":46.279,
            "매매실거래년":20220111.0,
            "매매실거래가":29000.0,
            "전세실거래년":20201229.0,
            "전세실거래가":18000.0,
            "전세가율":75.0,
            "장기전세가율평균":73.85,
            "전세가율거품지수":-1.15,
            "검색코드":106184,
            "세대수":522,
            "준공년월":"2014-07-28",
            "준공년차":9,
            "가까운역이름":"NA",
            "가까운역거리":"NA",
            "역세권여부":"NA",
            "30분이내주요거점역":"NA",
            "1시간이내주요거점역":"NA",
            "3km이내백화점수":0,
            "5km이내아울렛몰수":0,
            "1km이내대형먀트수":1,
            "500m이내은행수":0,
            "500m이내병원수":0,
            "5km이내대형병원수":1,
            "500m이내공원수":4,
            "3km이내혐오시설수":0,
            "초등학교학업성취도":89.06,
            "중학교학업성취도":66.9,
            "용적률":199,
            "건폐율":19,
            "Y":37.532057,
            "X":129.114914,
            "rank":5.0,
            "area_info":"29평(96.68), 33평(109.97), 33평(110.94), 33평(110.49), 39평(131.77)",
            "last_sales":"2022-01-11,29000.0,33평(110.94)"
        },
        {
            "index":99,
            "아파트명":"e편한세상동해",
            "투자타입":"일반",
            "전용면적(m2)":"101.07",
            "전용면적(평)":"30평",
            "법정동주소":"강원도 동해시 북평동 327",
            "도로명주소":"강원도 동해시 단봉길 39",
            "세대수":50,
            "입주년차":100,
            "용적률점수":"--",
            "건폐율점수":"--",
            "세대당주차수":60,
            "난방방식":30,
            "공급면적":"--",
            "전용률":"--",
            "욕실수":100,
            "현관타입":100,
            "주거총점":69.5,
            "지역구공급총점":0.0,
            "역세권":"NA",
            "30분내 이동가능 거점":"NA",
            "1시간내 이동가능 거점":"NA",
            "교통총점":"NA",
            "백화점":0,
            "아울렛몰":0,
            "대형마트":100,
            "은행":0,
            "병원":10,
            "종합병원":0,
            "공원":100,
            "혐오시설":0,
            "인프라총점":19.0,
            "초등학군":100.0,
            "중학군":45.76,
            "학군총점":56.608,
            "인구수":9.72,
            "인구증감":0.0,
            "인구총점":6.804,
            "일자리":4.1,
            "소득수준":61.65,
            "일자리총점":21.365,
            "가치 총점":46.077,
            "매매실거래년":20200603.0,
            "매매실거래가":25400.0,
            "전세실거래년":null,
            "전세실거래가":null,
            "전세가율":null,
            "장기전세가율평균":73.85,
            "전세가율거품지수":null,
            "검색코드":120266,
            "세대수":644,
            "준공년월":"2020-02-27",
            "준공년차":3,
            "가까운역이름":"NA",
            "가까운역거리":"NA",
            "역세권여부":"NA",
            "30분이내주요거점역":"NA",
            "1시간이내주요거점역":"NA",
            "3km이내백화점수":0,
            "5km이내아울렛몰수":0,
            "1km이내대형먀트수":2,
            "500m이내은행수":0,
            "500m이내병원수":2,
            "5km이내대형병원수":0,
            "500m이내공원수":3,
            "3km이내혐오시설수":0,
            "초등학교학업성취도":100.0,
            "중학교학업성취도":75.8,
            "용적률":217,
            "건폐율":21,
            "Y":37.479354,
            "X":129.121976,
            "rank":6.0,
            "area_info":"30평(101.07), 31평(102.76), 30평(102.21), 33평(109.23)",
            "last_sales":"2020-06-03,25400.0,33평(109.23)"
        },
        {
            "index":149,
            "아파트명":"동해센트로빌",
            "투자타입":"일반",
            "전용면적(m2)":"76.69",
            "전용면적(평)":"23평",
            "법정동주소":"강원도 동해시 천곡동 1060-2",
            "도로명주소":"강원도 동해시 한섬로 73",
            "세대수":30,
            "입주년차":20,
            "용적률점수":"--",
            "건폐율점수":"--",
            "세대당주차수":30,
            "난방방식":30,
            "공급면적":"--",
            "전용률":"--",
            "욕실수":100,
            "현관타입":100,
            "주거총점":42.0,
            "지역구공급총점":0.0,
            "역세권":"NA",
            "30분내 이동가능 거점":"NA",
            "1시간내 이동가능 거점":"NA",
            "교통총점":"NA",
            "백화점":0,
            "아울렛몰":0,
            "대형마트":80,
            "은행":20,
            "병원":80,
            "종합병원":80,
            "공원":100,
            "혐오시설":0,
            "인프라총점":41.0,
            "초등학군":88.93,
            "중학군":51.66,
            "학군총점":59.114,
            "인구수":9.72,
            "인구증감":0.0,
            "인구총점":6.804,
            "일자리":4.1,
            "소득수준":61.65,
            "일자리총점":21.365,
            "가치 총점":45.8785,
            "매매실거래년":20211218.0,
            "매매실거래가":22300.0,
            "전세실거래년":null,
            "전세실거래가":null,
            "전세가율":null,
            "장기전세가율평균":73.85,
            "전세가율거품지수":null,
            "검색코드":23227,
            "세대수":321,
            "준공년월":"2003-09-01",
            "준공년차":20,
            "가까운역이름":"NA",
            "가까운역거리":"NA",
            "역세권여부":"NA",
            "30분이내주요거점역":"NA",
            "1시간이내주요거점역":"NA",
            "3km이내백화점수":0,
            "5km이내아울렛몰수":0,
            "1km이내대형먀트수":1,
            "500m이내은행수":2,
            "500m이내병원수":42,
            "5km이내대형병원수":1,
            "500m이내공원수":3,
            "3km이내혐오시설수":0,
            "초등학교학업성취도":88.93,
            "중학교학업성취도":86.1,
            "용적률":384,
            "건폐율":44,
            "Y":37.520586,
            "X":129.112062,
            "rank":7.0,
            "area_info":"23평(76.69), 29평(97.51), 32평(106.34), 37평(122.63)",
            "last_sales":"2021-12-18,22300.0,37평(122.63)"
        },
        {
            "index":139,
            "아파트명":"ES아뜨리움(민간임대)",
            "투자타입":"일반",
            "전용면적(m2)":"79.25",
            "전용면적(평)":"23평",
            "법정동주소":"강원도 동해시 천곡동 1105",
            "도로명주소":"강원도 동해시 평릉길 21-1",
            "세대수":50,
            "입주년차":100,
            "용적률점수":"--",
            "건폐율점수":"--",
            "세대당주차수":30,
            "난방방식":30,
            "공급면적":"--",
            "전용률":"--",
            "욕실수":100,
            "현관타입":100,
            "주거총점":65.0,
            "지역구공급총점":0.0,
            "역세권":"NA",
            "30분내 이동가능 거점":"NA",
            "1시간내 이동가능 거점":"NA",
            "교통총점":"NA",
            "백화점":0,
            "아울렛몰":0,
            "대형마트":0,
            "은행":0,
            "병원":0,
            "종합병원":80,
            "공원":100,
            "혐오시설":0,
            "인프라총점":19.0,
            "초등학군":82.51,
            "중학군":51.66,
            "학군총점":57.83,
            "인구수":9.72,
            "인구증감":0.0,
            "인구총점":6.804,
            "일자리":4.1,
            "소득수준":61.65,
            "일자리총점":21.365,
            "가치 총점":44.8075,
            "매매실거래년":"18000101",
            "매매실거래가":null,
            "전세실거래년":null,
            "전세실거래가":null,
            "전세가율":null,
            "장기전세가율평균":73.85,
            "전세가율거품지수":null,
            "검색코드":127080,
            "세대수":412,
            "준공년월":"2019-12-01",
            "준공년차":4,
            "가까운역이름":"NA",
            "가까운역거리":"NA",
            "역세권여부":"NA",
            "30분이내주요거점역":"NA",
            "1시간이내주요거점역":"NA",
            "3km이내백화점수":0,
            "5km이내아울렛몰수":0,
            "1km이내대형먀트수":0,
            "500m이내은행수":0,
            "500m이내병원수":1,
            "5km이내대형병원수":1,
            "500m이내공원수":2,
            "3km이내혐오시설수":0,
            "초등학교학업성취도":82.51,
            "중학교학업성취도":86.1,
            "용적률":0,
            "건폐율":0,
            "Y":37.527113,
            "X":129.100202,
            "rank":8.0,
            "area_info":"23평(79.25), 30평(99.42), 30평(99.26), 33평(111.33), 33평(111.41), 34평(112.7)",
            "last_sales":"1800-01-01,nan,23평(79.25)"
        },
        {
            "index":103,
            "아파트명":"주공2단지",
            "투자타입":"재건축",
            "전용면적(m2)":"49.48",
            "전용면적(평)":"14평",
            "법정동주소":"강원도 동해시 북평동 151-5",
            "도로명주소":"강원도 동해시 전천로 270",
            "세대수":0,
            "입주년차":"--",
            "용적률점수":100,
            "건폐율점수":100,
            "세대당주차수":"--",
            "난방방식":"--",
            "공급면적":50,
            "전용률":60,
            "욕실수":"--",
            "현관타입":"--",
            "주거총점":65.5,
            "지역구공급총점":0.0,
            "역세권":"NA",
            "30분내 이동가능 거점":"NA",
            "1시간내 이동가능 거점":"NA",
            "교통총점":"NA",
            "백화점":0,
            "아울렛몰":0,
            "대형마트":100,
            "은행":0,
            "병원":10,
            "종합병원":0,
            "공원":100,
            "혐오시설":0,
            "인프라총점":19.0,
            "초등학군":100.0,
            "중학군":45.76,
            "학군총점":56.608,
            "인구수":9.72,
            "인구증감":0.0,
            "인구총점":6.804,
            "일자리":4.1,
            "소득수준":61.65,
            "일자리총점":21.365,
            "가치 총점":44.677,
            "매매실거래년":20211214.0,
            "매매실거래가":4000.0,
            "전세실거래년":20210301.0,
            "전세실거래가":3000.0,
            "전세가율":75.0,
            "장기전세가율평균":73.85,
            "전세가율거품지수":-1.15,
            "검색코드":6103,
            "세대수":150,
            "준공년월":"1989-03-27",
            "준공년차":34,
            "가까운역이름":"NA",
            "가까운역거리":"NA",
            "역세권여부":"NA",
            "30분이내주요거점역":"NA",
            "1시간이내주요거점역":"NA",
            "3km이내백화점수":0,
            "5km이내아울렛몰수":0,
            "1km이내대형먀트수":2,
            "500m이내은행수":0,
            "500m이내병원수":2,
            "5km이내대형병원수":0,
            "500m이내공원수":3,
            "3km이내혐오시설수":0,
            "초등학교학업성취도":100.0,
            "중학교학업성취도":75.8,
            "용적률":98,
            "건폐율":19,
            "Y":37.480912,
            "X":129.121785,
            "rank":9.0,
            "area_info":"14평(49.48), 17평(57.93), 17평(57.57)",
            "last_sales":"2021-12-14,4000.0,14평(49.48)"
        },
        {
            "index":193,
            "아파트명":"천곡금호어울림라포레",
            "투자타입":"일반",
            "전용면적(m2)":"84.14",
            "전용면적(평)":"25평",
            "법정동주소":"강원도 동해시 천곡동 540-4",
            "도로명주소":"강원도 동해시",
            "세대수":50,
            "입주년차":100,
            "용적률점수":"--",
            "건폐율점수":"--",
            "세대당주차수":30,
            "난방방식":30,
            "공급면적":"--",
            "전용률":"--",
            "욕실수":100,
            "현관타입":100,
            "주거총점":65.0,
            "지역구공급총점":0.0,
            "역세권":"NA",
            "30분내 이동가능 거점":"NA",
            "1시간내 이동가능 거점":"NA",
            "교통총점":"NA",
            "백화점":0,
            "아울렛몰":0,
            "대형마트":0,
            "은행":0,
            "병원":0,
            "종합병원":80,
            "공원":0,
            "혐오시설":0,
            "인프라총점":16.0,
            "초등학군":82.51,
            "중학군":51.66,
            "학군총점":57.83,
            "인구수":9.72,
            "인구증감":0.0,
            "인구총점":6.804,
            "일자리":4.1,
            "소득수준":61.65,
            "일자리총점":21.365,
            "가치 총점":43.6075,
            "매매실거래년":20200603.0,
            "매매실거래가":25180.0,
            "전세실거래년":null,
            "전세실거래가":null,
            "전세가율":null,
            "장기전세가율평균":73.85,
            "전세가율거품지수":null,
            "검색코드":118883,
            "세대수":672,
            "준공년월":"2020-04-01",
            "준공년차":3,
            "가까운역이름":"NA",
            "가까운역거리":"NA",
            "역세권여부":"NA",
            "30분이내주요거점역":"NA",
            "1시간이내주요거점역":"NA",
            "3km이내백화점수":0,
            "5km이내아울렛몰수":0,
            "1km이내대형먀트수":0,
            "500m이내은행수":0,
            "500m이내병원수":0,
            "5km이내대형병원수":1,
            "500m이내공원수":0,
            "3km이내혐오시설수":0,
            "초등학교학업성취도":82.51,
            "중학교학업성취도":86.1,
            "용적률":0,
            "건폐율":0,
            "Y":37.524165,
            "X":129.099355,
            "rank":10.0,
            "area_info":"25평(84.14), 25평(84.52), 30평(100.58), 30평(100.84), 33평(110.08)",
            "last_sales":"2020-06-03,25180.0,30평(100.58)"
        },
        {
            "index":145,
            "아파트명":"동아",
            "투자타입":"재건축",
            "전용면적(m2)":"93.73",
            "전용면적(평)":"28평",
            "법정동주소":"강원도 동해시 천곡동 1077-2",
            "도로명주소":"강원도 동해시 천곡로 56-5",
            "세대수":0,
            "입주년차":"--",
            "용적률점수":0,
            "건폐율점수":100,
            "세대당주차수":"--",
            "난방방식":"--",
            "공급면적":70,
            "전용률":80,
            "욕실수":"--",
            "현관타입":"--",
            "주거총점":27.5,
            "지역구공급총점":0.0,
            "역세권":"NA",
            "30분내 이동가능 거점":"NA",
            "1시간내 이동가능 거점":"NA",
            "교통총점":"NA",
            "백화점":0,
            "아울렛몰":0,
            "대형마트":80,
            "은행":70,
            "병원":80,
            "종합병원":80,
            "공원":100,
            "혐오시설":0,
            "인프라총점":46.0,
            "초등학군":88.7,
            "중학군":51.66,
            "학군총점":59.068,
            "인구수":9.72,
            "인구증감":0.0,
            "인구총점":6.804,
            "일자리":4.1,
            "소득수준":61.65,
            "일자리총점":21.365,
            "가치 총점":42.792,
            "매매실거래년":20211224.0,
            "매매실거래가":12000.0,
            "전세실거래년":20210908.0,
            "전세실거래가":8000.0,
            "전세가율":66.67,
            "장기전세가율평균":73.85,
            "전세가율거품지수":7.18,
            "검색코드":6117,
            "세대수":270,
            "준공년월":"1992-05-30",
            "준공년차":31,
            "가까운역이름":"NA",
            "가까운역거리":"NA",
            "역세권여부":"NA",
            "30분이내주요거점역":"NA",
            "1시간이내주요거점역":"NA",
            "3km이내백화점수":0,
            "5km이내아울렛몰수":0,
            "1km이내대형먀트수":1,
            "500m이내은행수":3,
            "500m이내병원수":40,
            "5km이내대형병원수":1,
            "500m이내공원수":4,
            "3km이내혐오시설수":0,
            "초등학교학업성취도":88.7,
            "중학교학업성취도":86.1,
            "용적률":238,
            "건폐율":17,
            "Y":37.522392,
            "X":129.111648,
            "rank":11.0,
            "area_info":"28평(93.73), 31평(102.58)",
            "last_sales":"2021-12-24,12000.0,28평(93.73)"
        },
        {
            "index":62,
            "아파트명":"현대썬앤빌동해파크힐",
            "투자타입":"일반",
            "전용면적(m2)":"86.88",
            "전용면적(평)":"26평",
            "법정동주소":"강원도 동해시 발한동 801",
            "도로명주소":"강원도 동해시 지리골길 31",
            "세대수":30,
            "입주년차":80,
            "용적률점수":"--",
            "건폐율점수":"--",
            "세대당주차수":30,
            "난방방식":30,
            "공급면적":"--",
            "전용률":"--",
            "욕실수":100,
            "현관타입":100,
            "주거총점":54.0,
            "지역구공급총점":0.0,
            "역세권":"NA",
            "30분내 이동가능 거점":"NA",
            "1시간내 이동가능 거점":"NA",
            "교통총점":"NA",
            "백화점":0,
            "아울렛몰":0,
            "대형마트":0,
            "은행":0,
            "병원":10,
            "종합병원":80,
            "공원":100,
            "혐오시설":0,
            "인프라총점":20.0,
            "초등학군":92.64,
            "중학군":40.38,
            "학군총점":50.832,
            "인구수":9.72,
            "인구증감":0.0,
            "인구총점":6.804,
            "일자리":4.1,
            "소득수준":61.65,
            "일자리총점":21.365,
            "가치 총점":39.608,
            "매매실거래년":20211217.0,
            "매매실거래가":18900.0,
            "전세실거래년":20211202.0,
            "전세실거래가":17800.0,
            "전세가율":94.18,
            "장기전세가율평균":73.85,
            "전세가율거품지수":-20.33,
            "검색코드":113279,
            "세대수":384,
            "준공년월":"2018-07-01",
            "준공년차":5,
            "가까운역이름":"NA",
            "가까운역거리":"NA",
            "역세권여부":"NA",
            "30분이내주요거점역":"NA",
            "1시간이내주요거점역":"NA",
            "3km이내백화점수":0,
            "5km이내아울렛몰수":0,
            "1km이내대형먀트수":0,
            "500m이내은행수":0,
            "500m이내병원수":4,
            "5km이내대형병원수":1,
            "500m이내공원수":2,
            "3km이내혐오시설수":0,
            "초등학교학업성취도":92.64,
            "중학교학업성취도":66.9,
            "용적률":185,
            "건폐율":17,
            "Y":37.547855,
            "X":129.101799,
            "rank":12.0,
            "area_info":"26평(86.88), 29평(96.57), 31평(103.93)",
            "last_sales":"2021-12-17,18900.0,26평(86.88)"
        },
        {
            "index":6,
            "아파트명":"동해대동,동회현대,북삼코아루",
            "투자타입":"일반",
            "전용면적(m2)":"66.65",
            "전용면적(평)":"20평",
            "법정동주소":"강원도 동해시 동회동 442",
            "도로명주소":"강원도 동해시 청운1길 29",
            "세대수":100,
            "입주년차":0,
            "용적률점수":"--",
            "건폐율점수":"--",
            "세대당주차수":0,
            "난방방식":30,
            "공급면적":"--",
            "전용률":"--",
            "욕실수":100,
            "현관타입":10,
            "주거총점":49.0,
            "지역구공급총점":0.0,
            "역세권":"NA",
            "30분내 이동가능 거점":"NA",
            "1시간내 이동가능 거점":"NA",
            "교통총점":"NA",
            "백화점":0,
            "아울렛몰":0,
            "대형마트":0,
            "은행":0,
            "병원":60,
            "종합병원":80,
            "공원":100,
            "혐오시설":0,
            "인프라총점":25.0,
            "초등학군":89.18,
            "중학군":38.42,
            "학군총점":48.572,
            "인구수":9.72,
            "인구증감":0.0,
            "인구총점":6.804,
            "일자리":4.1,
            "소득수준":61.65,
            "일자리총점":21.365,
            "가치 총점":39.293,
            "매매실거래년":20200919.0,
            "매매실거래가":24400.0,
            "전세실거래년":null,
            "전세실거래가":null,
            "전세가율":null,
            "장기전세가율평균":73.85,
            "전세가율거품지수":null,
            "검색코드":6075,
            "세대수":2305,
            "준공년월":"1995-07-28",
            "준공년차":28,
            "가까운역이름":"NA",
            "가까운역거리":"NA",
            "역세권여부":"NA",
            "30분이내주요거점역":"NA",
            "1시간이내주요거점역":"NA",
            "3km이내백화점수":0,
            "5km이내아울렛몰수":0,
            "1km이내대형먀트수":0,
            "500m이내은행수":0,
            "500m이내병원수":10,
            "5km이내대형병원수":1,
            "500m이내공원수":2,
            "3km이내혐오시설수":0,
            "초등학교학업성취도":89.18,
            "중학교학업성취도":63.5,
            "용적률":0,
            "건폐율":0,
            "Y":37.487377,
            "X":129.106018,
            "rank":13.0,
            "area_info":"20평(66.65), 20평(66.65), 22평(75.71), 23평(77.33), 23평(77.32), 28평(92.92), 28평(92.92), 30평(99.27), 31평(104.73), 32평(106.85), 32평(106.75), 32평(108.61), 38평(127.97), 47평(158.66), 48평(160.82)",
            "last_sales":"2020-09-19,24400.0,48평(160.82)"
        },
        {
            "index":106,
            "아파트명":"부영",
            "투자타입":"일반",
            "전용면적(m2)":"73.9",
            "전용면적(평)":"22평",
            "법정동주소":"강원도 동해시 쇄운동 8",
            "도로명주소":"강원도 동해시 청운1길 30",
            "세대수":100,
            "입주년차":20,
            "용적률점수":"--",
            "건폐율점수":"--",
            "세대당주차수":0,
            "난방방식":30,
            "공급면적":"--",
            "전용률":"--",
            "욕실수":50,
            "현관타입":10,
            "주거총점":48.0,
            "지역구공급총점":0.0,
            "역세권":"NA",
            "30분내 이동가능 거점":"NA",
            "1시간내 이동가능 거점":"NA",
            "교통총점":"NA",
            "백화점":0,
            "아울렛몰":0,
            "대형마트":0,
            "은행":0,
            "병원":60,
            "종합병원":80,
            "공원":100,
            "혐오시설":0,
            "인프라총점":25.0,
            "초등학군":89.18,
            "중학군":38.42,
            "학군총점":48.572,
            "인구수":9.72,
            "인구증감":0.0,
            "인구총점":6.804,
            "일자리":4.1,
            "소득수준":61.65,
            "일자리총점":21.365,
            "가치 총점":38.943,
            "매매실거래년":"18000101",
            "매매실거래가":null,
            "전세실거래년":20220113.0,
            "전세실거래가":5556.0,
            "전세가율":null,
            "장기전세가율평균":73.85,
            "전세가율거품지수":null,
            "검색코드":14428,
            "세대수":2180,
            "준공년월":"2000-09-29",
            "준공년차":23,
            "가까운역이름":"NA",
            "가까운역거리":"NA",
            "역세권여부":"NA",
            "30분이내주요거점역":"NA",
            "1시간이내주요거점역":"NA",
            "3km이내백화점수":0,
            "5km이내아울렛몰수":0,
            "1km이내대형먀트수":0,
            "500m이내은행수":0,
            "500m이내병원수":10,
            "5km이내대형병원수":1,
            "500m이내공원수":2,
            "3km이내혐오시설수":0,
            "초등학교학업성취도":89.18,
            "중학교학업성취도":63.5,
            "용적률":271,
            "건폐율":21,
            "Y":37.485685,
            "X":129.106807,
            "rank":14.0,
            "area_info":"22평(73.9), 26평(87.82)",
            "last_sales":"1800-01-01,nan,22평(73.9)"
        },
        {
            "index":226,
            "아파트명":"동해하나리움",
            "투자타입":"일반",
            "전용면적(m2)":"83.64",
            "전용면적(평)":"25평",
            "법정동주소":"강원도 동해시 평릉동 449",
            "도로명주소":"강원도 동해시 평원로 115",
            "세대수":50,
            "입주년차":60,
            "용적률점수":"--",
            "건폐율점수":"--",
            "세대당주차수":0,
            "난방방식":30,
            "공급면적":"--",
            "전용률":"--",
            "욕실수":100,
            "현관타입":100,
            "주거총점":52.5,
            "지역구공급총점":0.0,
            "역세권":"NA",
            "30분내 이동가능 거점":"NA",
            "1시간내 이동가능 거점":"NA",
            "교통총점":"NA",
            "백화점":0,
            "아울렛몰":0,
            "대형마트":0,
            "은행":0,
            "병원":10,
            "종합병원":80,
            "공원":100,
            "혐오시설":0,
            "인프라총점":20.0,
            "초등학군":89.06,
            "중학군":40.38,
            "학군총점":50.116,
            "인구수":9.72,
            "인구증감":0.0,
            "인구총점":6.804,
            "일자리":4.1,
            "소득수준":61.65,
            "일자리총점":21.365,
            "가치 총점":38.904,
            "매매실거래년":20211229.0,
            "매매실거래가":17000.0,
            "전세실거래년":20200311.0,
            "전세실거래가":12600.0,
            "전세가율":78.75,
            "장기전세가율평균":73.85,
            "전세가율거품지수":-4.9,
            "검색코드":115831,
            "세대수":435,
            "준공년월":"2010-09-06",
            "준공년차":13,
            "가까운역이름":"NA",
            "가까운역거리":"NA",
            "역세권여부":"NA",
            "30분이내주요거점역":"NA",
            "1시간이내주요거점역":"NA",
            "3km이내백화점수":0,
            "5km이내아울렛몰수":0,
            "1km이내대형먀트수":0,
            "500m이내은행수":0,
            "500m이내병원수":2,
            "5km이내대형병원수":1,
            "500m이내공원수":2,
            "3km이내혐오시설수":0,
            "초등학교학업성취도":89.06,
            "중학교학업성취도":66.9,
            "용적률":218,
            "건폐율":19,
            "Y":37.533071,
            "X":129.111512,
            "rank":15.0,
            "area_info":"25평(83.64), 25평(83.38), 26평(88.62)",
            "last_sales":"2021-12-29,17000.0,26평(88.62)"
        },
        {
            "index":21,
            "아파트명":"북삼2차웰메이드타운",
            "투자타입":"일반",
            "전용면적(m2)":"88.54",
            "전용면적(평)":"26평",
            "법정동주소":"강원도 동해시 동회동 457",
            "도로명주소":"강원도 동해시 효자로 636-2",
            "세대수":0,
            "입주년차":100,
            "용적률점수":"--",
            "건폐율점수":"--",
            "세대당주차수":30,
            "난방방식":30,
            "공급면적":"--",
            "전용률":"--",
            "욕실수":100,
            "현관타입":100,
            "주거총점":47.5,
            "지역구공급총점":0.0,
            "역세권":"NA",
            "30분내 이동가능 거점":"NA",
            "1시간내 이동가능 거점":"NA",
            "교통총점":"NA",
            "백화점":0,
            "아울렛몰":0,
            "대형마트":0,
            "은행":0,
            "병원":60,
            "종합병원":80,
            "공원":100,
            "혐오시설":0,
            "인프라총점":25.0,
            "초등학군":89.18,
            "중학군":38.42,
            "학군총점":48.572,
            "인구수":9.72,
            "인구증감":0.0,
            "인구총점":6.804,
            "일자리":4.1,
            "소득수준":61.65,
            "일자리총점":21.365,
            "가치 총점":38.768,
            "매매실거래년":20210607.0,
            "매매실거래가":27000.0,
            "전세실거래년":20190429.0,
            "전세실거래가":13000.0,
            "전세가율":62.5,
            "장기전세가율평균":73.85,
            "전세가율거품지수":11.35,
            "검색코드":115905,
            "세대수":260,
            "준공년월":"2019-04-01",
            "준공년차":4,
            "가까운역이름":"NA",
            "가까운역거리":"NA",
            "역세권여부":"NA",
            "30분이내주요거점역":"NA",
            "1시간이내주요거점역":"NA",
            "3km이내백화점수":0,
            "5km이내아울렛몰수":0,
            "1km이내대형먀트수":0,
            "500m이내은행수":0,
            "500m이내병원수":10,
            "5km이내대형병원수":1,
            "500m이내공원수":2,
            "3km이내혐오시설수":0,
            "초등학교학업성취도":89.18,
            "중학교학업성취도":63.5,
            "용적률":0,
            "건폐율":0,
            "Y":37.489735,
            "X":129.105306,
            "rank":16.0,
            "area_info":"26평(88.54), 26평(88.55), 30평(99.93), 33평(111.81), 34평(113.72), 44평(147.45)",
            "last_sales":"2021-06-07,27000.0,34평(113.72)"
        },
        {
            "index":126,
            "아파트명":"동해이도코아루더스카이",
            "투자타입":"일반",
            "전용면적(m2)":"100.42",
            "전용면적(평)":"30평",
            "법정동주소":"강원도 동해시 이도동 753",
            "도로명주소":"강원도 동해시 동해대로 4833",
            "세대수":50,
            "입주년차":100,
            "용적률점수":"--",
            "건폐율점수":"--",
            "세대당주차수":30,
            "난방방식":30,
            "공급면적":"--",
            "전용률":"--",
            "욕실수":100,
            "현관타입":100,
            "주거총점":65.0,
            "지역구공급총점":0.0,
            "역세권":"NA",
            "30분내 이동가능 거점":"NA",
            "1시간내 이동가능 거점":"NA",
            "교통총점":"NA",
            "백화점":0,
            "아울렛몰":0,
            "대형마트":0,
            "은행":0,
            "병원":0,
            "종합병원":0,
            "공원":100,
            "혐오시설":0,
            "인프라총점":3.0,
            "초등학군":100.0,
            "중학군":45.76,
            "학군총점":56.608,
            "인구수":9.72,
            "인구증감":0.0,
            "인구총점":6.804,
            "일자리":4.1,
            "소득수준":61.65,
            "일자리총점":21.365,
            "가치 총점":38.102,
            "매매실거래년":20200228.0,
            "매매실거래가":25486.0,
            "전세실거래년":null,
            "전세실거래가":null,
            "전세가율":null,
            "장기전세가율평균":73.85,
            "전세가율거품지수":null,
            "검색코드":118742,
            "세대수":502,
            "준공년월":"2020-01-01",
            "준공년차":3,
            "가까운역이름":"NA",
            "가까운역거리":"NA",
            "역세권여부":"NA",
            "30분이내주요거점역":"NA",
            "1시간이내주요거점역":"NA",
            "3km이내백화점수":0,
            "5km이내아울렛몰수":0,
            "1km이내대형먀트수":0,
            "500m이내은행수":0,
            "500m이내병원수":0,
            "5km이내대형병원수":0,
            "500m이내공원수":3,
            "3km이내혐오시설수":0,
            "초등학교학업성취도":100.0,
            "중학교학업성취도":75.8,
            "용적률":226,
            "건폐율":23,
            "Y":37.477055,
            "X":129.112555,
            "rank":17.0,
            "area_info":"30평(100.42), 30평(102.23), 33평(109.32), 33평(110.37), 33평(112.05)",
            "last_sales":"2020-02-28,25486.0,33평(110.37)"
        },
        {
            "index":178,
            "아파트명":"이안동해센트럴",
            "투자타입":"일반",
            "전용면적(m2)":"78.8",
            "전용면적(평)":"23평",
            "법정동주소":"강원도 동해시 천곡동 788",
            "도로명주소":"강원도 동해시 천곡로 5",
            "세대수":0,
            "입주년차":100,
            "용적률점수":"--",
            "건폐율점수":"--",
            "세대당주차수":0,
            "난방방식":30,
            "공급면적":"--",
            "전용률":"--",
            "욕실수":100,
            "현관타입":100,
            "주거총점":43.0,
            "지역구공급총점":0.0,
            "역세권":"NA",
            "30분내 이동가능 거점":"NA",
            "1시간내 이동가능 거점":"NA",
            "교통총점":"NA",
            "백화점":0,
            "아울렛몰":0,
            "대형마트":0,
            "은행":0,
            "병원":10,
            "종합병원":80,
            "공원":100,
            "혐오시설":0,
            "인프라총점":20.0,
            "초등학군":88.7,
            "중학군":51.66,
            "학군총점":59.068,
            "인구수":9.72,
            "인구증감":0.0,
            "인구총점":6.804,
            "일자리":4.1,
            "소득수준":61.65,
            "일자리총점":21.365,
            "가치 총점":37.817,
            "매매실거래년":20211124.0,
            "매매실거래가":22972.0,
            "전세실거래년":null,
            "전세실거래가":null,
            "전세가율":null,
            "장기전세가율평균":73.85,
            "전세가율거품지수":null,
            "검색코드":127421,
            "세대수":247,
            "준공년월":"2021-11-01",
            "준공년차":2,
            "가까운역이름":"NA",
            "가까운역거리":"NA",
            "역세권여부":"NA",
            "30분이내주요거점역":"NA",
            "1시간이내주요거점역":"NA",
            "3km이내백화점수":0,
            "5km이내아울렛몰수":0,
            "1km이내대형먀트수":0,
            "500m이내은행수":0,
            "500m이내병원수":3,
            "5km이내대형병원수":1,
            "500m이내공원수":4,
            "3km이내혐오시설수":0,
            "초등학교학업성취도":88.7,
            "중학교학업성취도":86.1,
            "용적률":0,
            "건폐율":0,
            "Y":37.526455,
            "X":129.10615,
            "rank":18.0,
            "area_info":"23평(78.8), 23평(79.2), 24평(80.14), 29평(97.18), 29평(98.11), 29평(98.17), 33평(111.09)",
            "last_sales":"2021-11-24,22972.0,29평(98.11)"
        },
        {
            "index":198,
            "아파트명":"천곡한양수자인",
            "투자타입":"일반",
            "전용면적(m2)":"93.1",
            "전용면적(평)":"28평",
            "법정동주소":"강원도 동해시 천곡동 1103",
            "도로명주소":"강원도 동해시 평릉1길 37-1",
            "세대수":0,
            "입주년차":80,
            "용적률점수":"--",
            "건폐율점수":"--",
            "세대당주차수":30,
            "난방방식":30,
            "공급면적":"--",
            "전용률":"--",
            "욕실수":100,
            "현관타입":100,
            "주거총점":43.5,
            "지역구공급총점":0.0,
            "역세권":"NA",
            "30분내 이동가능 거점":"NA",
            "1시간내 이동가능 거점":"NA",
            "교통총점":"NA",
            "백화점":0,
            "아울렛몰":0,
            "대형마트":0,
            "은행":0,
            "병원":0,
            "종합병원":80,
            "공원":100,
            "혐오시설":0,
            "인프라총점":19.0,
            "초등학군":82.51,
            "중학군":51.66,
            "학군총점":57.83,
            "인구수":9.72,
            "인구증감":0.0,
            "인구총점":6.804,
            "일자리":4.1,
            "소득수준":61.65,
            "일자리총점":21.365,
            "가치 총점":37.2825,
            "매매실거래년":20211231.0,
            "매매실거래가":19000.0,
            "전세실거래년":20200718.0,
            "전세실거래가":14000.0,
            "전세가율":73.68,
            "장기전세가율평균":73.85,
            "전세가율거품지수":0.17,
            "검색코드":109516,
            "세대수":203,
            "준공년월":"2016-11-01",
            "준공년차":7,
            "가까운역이름":"NA",
            "가까운역거리":"NA",
            "역세권여부":"NA",
            "30분이내주요거점역":"NA",
            "1시간이내주요거점역":"NA",
            "3km이내백화점수":0,
            "5km이내아울렛몰수":0,
            "1km이내대형먀트수":0,
            "500m이내은행수":0,
            "500m이내병원수":1,
            "5km이내대형병원수":1,
            "500m이내공원수":2,
            "3km이내혐오시설수":0,
            "초등학교학업성취도":82.51,
            "중학교학업성취도":86.1,
            "용적률":239,
            "건폐율":21,
            "Y":37.52819,
            "X":129.099265,
            "rank":19.0,
            "area_info":"28평(93.1), 28평(93.81), 28평(93.74), 28평(93.92), 28평(93.81), 28평(93.74), 28평(94.06), 28평(94.52), 28평(94.06), 28평(94.52)",
            "last_sales":"2021-12-31,19000.0,28평(93.1)"
        },
        {
            "index":27,
            "아파트명":"북삼하우스디",
            "투자타입":"일반",
            "전용면적(m2)":"80.38",
            "전용면적(평)":"24평",
            "법정동주소":"강원도 동해시 동회동 451",
            "도로명주소":"강원도 동해시 효자남길 33-20",
            "세대수":0,
            "입주년차":80,
            "용적률점수":"--",
            "건폐율점수":"--",
            "세대당주차수":30,
            "난방방식":30,
            "공급면적":"--",
            "전용률":"--",
            "욕실수":100,
            "현관타입":100,
            "주거총점":43.5,
            "지역구공급총점":0.0,
            "역세권":"NA",
            "30분내 이동가능 거점":"NA",
            "1시간내 이동가능 거점":"NA",
            "교통총점":"NA",
            "백화점":0,
            "아울렛몰":0,
            "대형마트":0,
            "은행":0,
            "병원":60,
            "종합병원":80,
            "공원":80,
            "혐오시설":0,
            "인프라총점":24.4,
            "초등학군":89.18,
            "중학군":38.42,
            "학군총점":48.572,
            "인구수":9.72,
            "인구증감":0.0,
            "인구총점":6.804,
            "일자리":4.1,
            "소득수준":61.65,
            "일자리총점":21.365,
            "가치 총점":37.128,
            "매매실거래년":20211207.0,
            "매매실거래가":16500.0,
            "전세실거래년":20200416.0,
            "전세실거래가":12500.0,
            "전세가율":75.76,
            "장기전세가율평균":73.85,
            "전세가율거품지수":-1.91,
            "검색코드":113410,
            "세대수":258,
            "준공년월":"2018-04-01",
            "준공년차":5,
            "가까운역이름":"NA",
            "가까운역거리":"NA",
            "역세권여부":"NA",
            "30분이내주요거점역":"NA",
            "1시간이내주요거점역":"NA",
            "3km이내백화점수":0,
            "5km이내아울렛몰수":0,
            "1km이내대형먀트수":0,
            "500m이내은행수":0,
            "500m이내병원수":15,
            "5km이내대형병원수":1,
            "500m이내공원수":1,
            "3km이내혐오시설수":0,
            "초등학교학업성취도":89.18,
            "중학교학업성취도":63.5,
            "용적률":0,
            "건폐율":0,
            "Y":37.489539,
            "X":129.106095,
            "rank":20.0,
            "area_info":"24평(80.38), 30평(99.98), 30평(99.81), 34평(113.53)",
            "last_sales":"2021-12-07,16500.0,24평(80.38)"
        },
        {
            "index":45,
            "아파트명":"동해KD아람채",
            "투자타입":"일반",
            "전용면적(m2)":"96.97",
            "전용면적(평)":"29평",
            "법정동주소":"강원도 동해시 발한동 802",
            "도로명주소":"강원도 동해시 지리골길 33",
            "세대수":0,
            "입주년차":100,
            "용적률점수":"--",
            "건폐율점수":"--",
            "세대당주차수":30,
            "난방방식":30,
            "공급면적":"--",
            "전용률":"--",
            "욕실수":100,
            "현관타입":100,
            "주거총점":47.5,
            "지역구공급총점":0.0,
            "역세권":"NA",
            "30분내 이동가능 거점":"NA",
            "1시간내 이동가능 거점":"NA",
            "교통총점":"NA",
            "백화점":0,
            "아울렛몰":0,
            "대형마트":0,
            "은행":0,
            "병원":10,
            "종합병원":80,
            "공원":100,
            "혐오시설":0,
            "인프라총점":20.0,
            "초등학군":79.41,
            "중학군":40.38,
            "학군총점":48.186,
            "인구수":9.72,
            "인구증감":0.0,
            "인구총점":6.804,
            "일자리":4.1,
            "소득수준":61.65,
            "일자리총점":21.365,
            "가치 총점":36.6715,
            "매매실거래년":20190213.0,
            "매매실거래가":23400.0,
            "전세실거래년":null,
            "전세실거래가":null,
            "전세가율":null,
            "장기전세가율평균":73.85,
            "전세가율거품지수":null,
            "검색코드":116723,
            "세대수":243,
            "준공년월":"2019-01-01",
            "준공년차":4,
            "가까운역이름":"NA",
            "가까운역거리":"NA",
            "역세권여부":"NA",
            "30분이내주요거점역":"NA",
            "1시간이내주요거점역":"NA",
            "3km이내백화점수":0,
            "5km이내아울렛몰수":0,
            "1km이내대형먀트수":0,
            "500m이내은행수":0,
            "500m이내병원수":3,
            "5km이내대형병원수":1,
            "500m이내공원수":2,
            "3km이내혐오시설수":0,
            "초등학교학업성취도":79.41,
            "중학교학업성취도":66.9,
            "용적률":0,
            "건폐율":0,
            "Y":37.548189,
            "X":129.101034,
            "rank":21.0,
            "area_info":"29평(96.97), 32평(106.52), 34평(113.85)",
            "last_sales":"2019-02-13,23400.0,34평(113.85)"
        },
        {
            "index":208,
            "아파트명":"한양1단지",
            "투자타입":"재건축",
            "전용면적(m2)":"85.36",
            "전용면적(평)":"25평",
            "법정동주소":"강원도 동해시 천곡동 791",
            "도로명주소":"강원도 동해시 천곡로 7",
            "세대수":0,
            "입주년차":"--",
            "용적률점수":0,
            "건폐율점수":80,
            "세대당주차수":"--",
            "난방방식":"--",
            "공급면적":70,
            "전용률":80,
            "욕실수":"--",
            "현관타입":"--",
            "주거총점":23.5,
            "지역구공급총점":0.0,
            "역세권":"NA",
            "30분내 이동가능 거점":"NA",
            "1시간내 이동가능 거점":"NA",
            "교통총점":"NA",
            "백화점":0,
            "아울렛몰":0,
            "대형마트":80,
            "은행":0,
            "병원":30,
            "종합병원":80,
            "공원":100,
            "혐오시설":0,
            "인프라총점":34.0,
            "초등학군":88.7,
            "중학군":51.66,
            "학군총점":59.068,
            "인구수":9.72,
            "인구증감":0.0,
            "인구총점":6.804,
            "일자리":4.1,
            "소득수준":61.65,
            "일자리총점":21.365,
            "가치 총점":36.592,
            "매매실거래년":20211124.0,
            "매매실거래가":8500.0,
            "전세실거래년":20211011.0,
            "전세실거래가":8000.0,
            "전세가율":94.12,
            "장기전세가율평균":73.85,
            "전세가율거품지수":-20.27,
            "검색코드":6151,
            "세대수":213,
            "준공년월":"1990-05-30",
            "준공년차":33,
            "가까운역이름":"NA",
            "가까운역거리":"NA",
            "역세권여부":"NA",
            "30분이내주요거점역":"NA",
            "1시간이내주요거점역":"NA",
            "3km이내백화점수":0,
            "5km이내아울렛몰수":0,
            "1km이내대형먀트수":1,
            "500m이내은행수":0,
            "500m이내병원수":5,
            "5km이내대형병원수":1,
            "500m이내공원수":4,
            "3km이내혐오시설수":0,
            "초등학교학업성취도":88.7,
            "중학교학업성취도":86.1,
            "용적률":233,
            "건폐율":23,
            "Y":37.526211,
            "X":129.107055,
            "rank":22.0,
            "area_info":"25평(85.36), 31평(104.48), 43평(143.37)",
            "last_sales":"2021-11-24,8500.0,25평(85.36)"
        },
        {
            "index":120,
            "아파트명":"동해아이파크",
            "투자타입":"일반",
            "전용면적(m2)":"79.56",
            "전용면적(평)":"24평",
            "법정동주소":"강원도 동해시 이도동 751",
            "도로명주소":"강원도 동해시 배골길 32-4",
            "세대수":50,
            "입주년차":80,
            "용적률점수":"--",
            "건폐율점수":"--",
            "세대당주차수":30,
            "난방방식":30,
            "공급면적":"--",
            "전용률":"--",
            "욕실수":100,
            "현관타입":100,
            "주거총점":61.0,
            "지역구공급총점":0.0,
            "역세권":"NA",
            "30분내 이동가능 거점":"NA",
            "1시간내 이동가능 거점":"NA",
            "교통총점":"NA",
            "백화점":0,
            "아울렛몰":0,
            "대형마트":0,
            "은행":0,
            "병원":0,
            "종합병원":0,
            "공원":100,
            "혐오시설":0,
            "인프라총점":3.0,
            "초등학군":89.18,
            "중학군":45.76,
            "학군총점":54.444,
            "인구수":9.72,
            "인구증감":0.0,
            "인구총점":6.804,
            "일자리":4.1,
            "소득수준":61.65,
            "일자리총점":21.365,
            "가치 총점":36.161,
            "매매실거래년":20211220.0,
            "매매실거래가":20900.0,
            "전세실거래년":20210203.0,
            "전세실거래가":12000.0,
            "전세가율":57.42,
            "장기전세가율평균":73.85,
            "전세가율거품지수":16.43,
            "검색코드":116455,
            "세대수":469,
            "준공년월":"2018-11-01",
            "준공년차":5,
            "가까운역이름":"NA",
            "가까운역거리":"NA",
            "역세권여부":"NA",
            "30분이내주요거점역":"NA",
            "1시간이내주요거점역":"NA",
            "3km이내백화점수":0,
            "5km이내아울렛몰수":0,
            "1km이내대형먀트수":0,
            "500m이내은행수":0,
            "500m이내병원수":0,
            "5km이내대형병원수":0,
            "500m이내공원수":2,
            "3km이내혐오시설수":0,
            "초등학교학업성취도":89.18,
            "중학교학업성취도":75.8,
            "용적률":0,
            "건폐율":0,
            "Y":37.477096,
            "X":129.107923,
            "rank":23.0,
            "area_info":"24평(79.56), 29평(98.94), 30평(100.29), 33평(110.38)",
            "last_sales":"2021-12-20,20900.0,24평(79.56)"
        },
        {
            "index":174,
            "아파트명":"쌍용",
            "투자타입":"일반",
            "전용면적(m2)":"81.32",
            "전용면적(평)":"24평",
            "법정동주소":"강원도 동해시 천곡동 942",
            "도로명주소":"강원도 동해시 동굴로 149",
            "세대수":0,
            "입주년차":20,
            "용적률점수":"--",
            "건폐율점수":"--",
            "세대당주차수":60,
            "난방방식":30,
            "공급면적":"--",
            "전용률":"--",
            "욕실수":50,
            "현관타입":10,
            "주거총점":22.0,
            "지역구공급총점":0.0,
            "역세권":"NA",
            "30분내 이동가능 거점":"NA",
            "1시간내 이동가능 거점":"NA",
            "교통총점":"NA",
            "백화점":0,
            "아울렛몰":0,
            "대형마트":80,
            "은행":0,
            "병원":30,
            "종합병원":80,
            "공원":100,
            "혐오시설":0,
            "인프라총점":34.0,
            "초등학군":84.62,
            "중학군":51.66,
            "학군총점":58.252,
            "인구수":9.72,
            "인구증감":0.0,
            "인구총점":6.804,
            "일자리":4.1,
            "소득수준":61.65,
            "일자리총점":21.365,
            "가치 총점":35.863,
            "매매실거래년":20211217.0,
            "매매실거래가":28000.0,
            "전세실거래년":null,
            "전세실거래가":null,
            "전세가율":null,
            "장기전세가율평균":73.85,
            "전세가율거품지수":null,
            "검색코드":23253,
            "세대수":222,
            "준공년월":"2000-09-07",
            "준공년차":23,
            "가까운역이름":"NA",
            "가까운역거리":"NA",
            "역세권여부":"NA",
            "30분이내주요거점역":"NA",
            "1시간이내주요거점역":"NA",
            "3km이내백화점수":0,
            "5km이내아울렛몰수":0,
            "1km이내대형먀트수":1,
            "500m이내은행수":0,
            "500m이내병원수":5,
            "5km이내대형병원수":1,
            "500m이내공원수":4,
            "3km이내혐오시설수":0,
            "초등학교학업성취도":84.62,
            "중학교학업성취도":86.1,
            "용적률":565,
            "건폐율":90,
            "Y":37.52005,
            "X":129.120165,
            "rank":24.0,
            "area_info":"24평(81.32), 29평(96.88), 33평(109.62), 46평(153.22)",
            "last_sales":"2021-12-17,28000.0,46평(153.22)"
        },
        {
            "index":157,
            "아파트명":"동해천곡주공2차",
            "투자타입":"재건축",
            "전용면적(m2)":"47.57",
            "전용면적(평)":"14평",
            "법정동주소":"강원도 동해시 천곡동 1060-1",
            "도로명주소":"강원도 동해시 한섬로 87",
            "세대수":0,
            "입주년차":"--",
            "용적률점수":0,
            "건폐율점수":0,
            "세대당주차수":"--",
            "난방방식":"--",
            "공급면적":50,
            "전용률":100,
            "욕실수":"--",
            "현관타입":"--",
            "주거총점":7.5,
            "지역구공급총점":0.0,
            "역세권":"NA",
            "30분내 이동가능 거점":"NA",
            "1시간내 이동가능 거점":"NA",
            "교통총점":"NA",
            "백화점":0,
            "아울렛몰":0,
            "대형마트":80,
            "은행":70,
            "병원":80,
            "종합병원":80,
            "공원":100,
            "혐오시설":0,
            "인프라총점":46.0,
            "초등학군":88.93,
            "중학군":51.66,
            "학군총점":59.114,
            "인구수":9.72,
            "인구증감":0.0,
            "인구총점":6.804,
            "일자리":4.1,
            "소득수준":61.65,
            "일자리총점":21.365,
            "가치 총점":35.8035,
            "매매실거래년":20211209.0,
            "매매실거래가":7000.0,
            "전세실거래년":20211029.0,
            "전세실거래가":7000.0,
            "전세가율":86.42,
            "장기전세가율평균":73.85,
            "전세가율거품지수":-12.57,
            "검색코드":14429,
            "세대수":150,
            "준공년월":"1984-11-10",
            "준공년차":39,
            "가까운역이름":"NA",
            "가까운역거리":"NA",
            "역세권여부":"NA",
            "30분이내주요거점역":"NA",
            "1시간이내주요거점역":"NA",
            "3km이내백화점수":0,
            "5km이내아울렛몰수":0,
            "1km이내대형먀트수":1,
            "500m이내은행수":3,
            "500m이내병원수":43,
            "5km이내대형병원수":1,
            "500m이내공원수":4,
            "3km이내혐오시설수":0,
            "초등학교학업성취도":88.93,
            "중학교학업성취도":86.1,
            "용적률":0,
            "건폐율":0,
            "Y":37.52077,
            "X":129.113592,
            "rank":25.0,
            "area_info":"14평(47.57), 16평(54.12), 16평(54.12), 19평(65.2), 19평(65.2)",
            "last_sales":"2021-12-09,7000.0,19평(65.2)"
        },
        {
            "index":223,
            "아파트명":"동해푸르지오",
            "투자타입":"일반",
            "전용면적(m2)":"95.33",
            "전용면적(평)":"28평",
            "법정동주소":"강원도 동해시 평릉동 293",
            "도로명주소":"강원도 동해시 평릉1길 39",
            "세대수":0,
            "입주년차":40,
            "용적률점수":"--",
            "건폐율점수":"--",
            "세대당주차수":30,
            "난방방식":30,
            "공급면적":"--",
            "전용률":"--",
            "욕실수":100,
            "현관타입":100,
            "주거총점":35.5,
            "지역구공급총점":0.0,
            "역세권":"NA",
            "30분내 이동가능 거점":"NA",
            "1시간내 이동가능 거점":"NA",
            "교통총점":"NA",
            "백화점":0,
            "아울렛몰":0,
            "대형마트":0,
            "은행":0,
            "병원":0,
            "종합병원":80,
            "공원":100,
            "혐오시설":0,
            "인프라총점":19.0,
            "초등학군":82.51,
            "중학군":51.66,
            "학군총점":57.83,
            "인구수":9.72,
            "인구증감":0.0,
            "인구총점":6.804,
            "일자리":4.1,
            "소득수준":61.65,
            "일자리총점":21.365,
            "가치 총점":34.4825,
            "매매실거래년":20210713.0,
            "매매실거래가":27000.0,
            "전세실거래년":20200512.0,
            "전세실거래가":10000.0,
            "전세가율":71.43,
            "장기전세가율평균":73.85,
            "전세가율거품지수":2.42,
            "검색코드":19744,
            "세대수":274,
            "준공년월":"2006-07-06",
            "준공년차":17,
            "가까운역이름":"NA",
            "가까운역거리":"NA",
            "역세권여부":"NA",
            "30분이내주요거점역":"NA",
            "1시간이내주요거점역":"NA",
            "3km이내백화점수":0,
            "5km이내아울렛몰수":0,
            "1km이내대형먀트수":0,
            "500m이내은행수":0,
            "500m이내병원수":1,
            "5km이내대형병원수":1,
            "500m이내공원수":2,
            "3km이내혐오시설수":0,
            "초등학교학업성취도":82.51,
            "중학교학업성취도":86.1,
            "용적률":225,
            "건폐율":21,
            "Y":37.529697,
            "X":129.099458,
            "rank":26.0,
            "area_info":"28평(95.33), 35평(118.94), 46평(152.64)",
            "last_sales":"2021-07-13,27000.0,46평(152.64)"
        },
        {
            "index":153,
            "아파트명":"동해천곡주공1차",
            "투자타입":"재건축",
            "전용면적(m2)":"43.97",
            "전용면적(평)":"13평",
            "법정동주소":"강원도 동해시 천곡동 1080",
            "도로명주소":"강원도 동해시 천곡로 20",
            "세대수":30,
            "입주년차":"--",
            "용적률점수":0,
            "건폐율점수":0,
            "세대당주차수":"--",
            "난방방식":"--",
            "공급면적":50,
            "전용률":100,
            "욕실수":"--",
            "현관타입":"--",
            "주거총점":16.5,
            "지역구공급총점":0.0,
            "역세권":"NA",
            "30분내 이동가능 거점":"NA",
            "1시간내 이동가능 거점":"NA",
            "교통총점":"NA",
            "백화점":0,
            "아울렛몰":0,
            "대형마트":80,
            "은행":0,
            "병원":30,
            "종합병원":80,
            "공원":100,
            "혐오시설":0,
            "인프라총점":34.0,
            "초등학군":88.7,
            "중학군":51.66,
            "학군총점":59.068,
            "인구수":9.72,
            "인구증감":0.0,
            "인구총점":6.804,
            "일자리":4.1,
            "소득수준":61.65,
            "일자리총점":21.365,
            "가치 총점":34.142,
            "매매실거래년":20220105.0,
            "매매실거래가":6000.0,
            "전세실거래년":20211018.0,
            "전세실거래가":5000.0,
            "전세가율":83.33,
            "장기전세가율평균":73.85,
            "전세가율거품지수":-9.48,
            "검색코드":109493,
            "세대수":330,
            "준공년월":"1983-04-15",
            "준공년차":40,
            "가까운역이름":"NA",
            "가까운역거리":"NA",
            "역세권여부":"NA",
            "30분이내주요거점역":"NA",
            "1시간이내주요거점역":"NA",
            "3km이내백화점수":0,
            "5km이내아울렛몰수":0,
            "1km이내대형먀트수":1,
            "500m이내은행수":0,
            "500m이내병원수":7,
            "5km이내대형병원수":1,
            "500m이내공원수":4,
            "3km이내혐오시설수":0,
            "초등학교학업성취도":88.7,
            "중학교학업성취도":86.1,
            "용적률":0,
            "건폐율":0,
            "Y":37.524519,
            "X":129.107799,
            "rank":27.0,
            "area_info":"13평(43.97), 13평(44.78), 15평(51.09), 15평(51.13)",
            "last_sales":"2022-01-05,6000.0,13평(43.97)"
        },
        {
            "index":220,
            "아파트명":"동해엘리시아",
            "투자타입":"일반",
            "전용면적(m2)":"114.46",
            "전용면적(평)":"34평",
            "법정동주소":"강원도 동해시 평릉동 450",
            "도로명주소":"강원도 동해시 평원로 107",
            "세대수":0,
            "입주년차":60,
            "용적률점수":"--",
            "건폐율점수":"--",
            "세대당주차수":30,
            "난방방식":30,
            "공급면적":"--",
            "전용률":"--",
            "욕실수":100,
            "현관타입":100,
            "주거총점":39.5,
            "지역구공급총점":0.0,
            "역세권":"NA",
            "30분내 이동가능 거점":"NA",
            "1시간내 이동가능 거점":"NA",
            "교통총점":"NA",
            "백화점":0,
            "아울렛몰":0,
            "대형마트":0,
            "은행":0,
            "병원":0,
            "종합병원":80,
            "공원":100,
            "혐오시설":0,
            "인프라총점":19.0,
            "초등학군":89.06,
            "중학군":40.38,
            "학군총점":50.116,
            "인구수":9.72,
            "인구증감":0.0,
            "인구총점":6.804,
            "일자리":4.1,
            "소득수준":61.65,
            "일자리총점":21.365,
            "가치 총점":33.954,
            "매매실거래년":20211225.0,
            "매매실거래가":25000.0,
            "전세실거래년":20210225.0,
            "전세실거래가":20000.0,
            "전세가율":84.39,
            "장기전세가율평균":73.85,
            "전세가율거품지수":-10.54,
            "검색코드":104369,
            "세대수":268,
            "준공년월":"2010-01-06",
            "준공년차":13,
            "가까운역이름":"NA",
            "가까운역거리":"NA",
            "역세권여부":"NA",
            "30분이내주요거점역":"NA",
            "1시간이내주요거점역":"NA",
            "3km이내백화점수":0,
            "5km이내아울렛몰수":0,
            "1km이내대형먀트수":0,
            "500m이내은행수":0,
            "500m이내병원수":0,
            "5km이내대형병원수":1,
            "500m이내공원수":3,
            "3km이내혐오시설수":0,
            "초등학교학업성취도":89.06,
            "중학교학업성취도":66.9,
            "용적률":218,
            "건폐율":19,
            "Y":37.532408,
            "X":129.112023,
            "rank":28.0,
            "area_info":"34평(114.46), 34평(115.68), 34평(115.56)",
            "last_sales":"2021-12-25,25000.0,34평(115.68)"
        },
        {
            "index":239,
            "아파트명":"동아더프라임2단지",
            "투자타입":"일반",
            "전용면적(m2)":"80.9",
            "전용면적(평)":"24평",
            "법정동주소":"강원도 동해시 효가동 481",
            "도로명주소":"강원도 동해시 양지길 20-1",
            "세대수":0,
            "입주년차":60,
            "용적률점수":"--",
            "건폐율점수":"--",
            "세대당주차수":0,
            "난방방식":30,
            "공급면적":"--",
            "전용률":"--",
            "욕실수":100,
            "현관타입":100,
            "주거총점":35.0,
            "지역구공급총점":0.0,
            "역세권":"NA",
            "30분내 이동가능 거점":"NA",
            "1시간내 이동가능 거점":"NA",
            "교통총점":"NA",
            "백화점":0,
            "아울렛몰":0,
            "대형마트":0,
            "은행":0,
            "병원":0,
            "종합병원":80,
            "공원":100,
            "혐오시설":0,
            "인프라총점":19.0,
            "초등학군":91.08,
            "중학군":45.02,
            "학군총점":54.232,
            "인구수":9.72,
            "인구증감":0.0,
            "인구총점":6.804,
            "일자리":4.1,
            "소득수준":61.65,
            "일자리총점":21.365,
            "가치 총점":33.408,
            "매매실거래년":20220112.0,
            "매매실거래가":13900.0,
            "전세실거래년":20210413.0,
            "전세실거래가":10000.0,
            "전세가율":71.94,
            "장기전세가율평균":73.85,
            "전세가율거품지수":1.91,
            "검색코드":103425,
            "세대수":193,
            "준공년월":"2013-03-28",
            "준공년차":10,
            "가까운역이름":"NA",
            "가까운역거리":"NA",
            "역세권여부":"NA",
            "30분이내주요거점역":"NA",
            "1시간이내주요거점역":"NA",
            "3km이내백화점수":0,
            "5km이내아울렛몰수":0,
            "1km이내대형먀트수":0,
            "500m이내은행수":0,
            "500m이내병원수":0,
            "5km이내대형병원수":1,
            "500m이내공원수":3,
            "3km이내혐오시설수":0,
            "초등학교학업성취도":91.08,
            "중학교학업성취도":74.7,
            "용적률":220,
            "건폐율":19,
            "Y":37.498903,
            "X":129.107692,
            "rank":29.0,
            "area_info":"24평(80.9), 34평(112.8), 34평(114.02), 34평(114.0)",
            "last_sales":"2022-01-12,13900.0,24평(80.9)"
        },
        {
            "index":108,
            "아파트명":"아름다운아침",
            "투자타입":"일반",
            "전용면적(m2)":"50.83",
            "전용면적(평)":"15평",
            "법정동주소":"강원도 동해시 쇄운동 1100",
            "도로명주소":"강원도 동해시 효자로 572-1",
            "세대수":50,
            "입주년차":60,
            "용적률점수":"--",
            "건폐율점수":"--",
            "세대당주차수":0,
            "난방방식":30,
            "공급면적":"--",
            "전용률":"--",
            "욕실수":50,
            "현관타입":10,
            "주거총점":38.5,
            "지역구공급총점":0.0,
            "역세권":"NA",
            "30분내 이동가능 거점":"NA",
            "1시간내 이동가능 거점":"NA",
            "교통총점":"NA",
            "백화점":0,
            "아울렛몰":0,
            "대형마트":0,
            "은행":0,
            "병원":0,
            "종합병원":80,
            "공원":100,
            "혐오시설":0,
            "인프라총점":19.0,
            "초등학군":89.18,
            "중학군":38.42,
            "학군총점":48.572,
            "인구수":9.72,
            "인구증감":0.0,
            "인구총점":6.804,
            "일자리":4.1,
            "소득수준":61.65,
            "일자리총점":21.365,
            "가치 총점":33.218,
            "매매실거래년":20220109.0,
            "매매실거래가":5600.0,
            "전세실거래년":20220108.0,
            "전세실거래가":6000.0,
            "전세가율":107.14,
            "장기전세가율평균":73.85,
            "전세가율거품지수":-33.29,
            "검색코드":104910,
            "세대수":600,
            "준공년월":"2012-07-06",
            "준공년차":11,
            "가까운역이름":"NA",
            "가까운역거리":"NA",
            "역세권여부":"NA",
            "30분이내주요거점역":"NA",
            "1시간이내주요거점역":"NA",
            "3km이내백화점수":0,
            "5km이내아울렛몰수":0,
            "1km이내대형먀트수":0,
            "500m이내은행수":0,
            "500m이내병원수":0,
            "5km이내대형병원수":1,
            "500m이내공원수":4,
            "3km이내혐오시설수":0,
            "초등학교학업성취도":89.18,
            "중학교학업성취도":63.5,
            "용적률":247,
            "건폐율":21,
            "Y":37.487251,
            "X":129.099254,
            "rank":30.0,
            "area_info":"15평(50.83), 19평(64.97), 21평(72.55)",
            "last_sales":"2022-01-09,5600.0,15평(50.83)"
        },
        {
            "index":147,
            "아파트명":"동해금호어울림",
            "투자타입":"일반",
            "전용면적(m2)":"105.22",
            "전용면적(평)":"31평",
            "법정동주소":"강원도 동해시 천곡동 1102",
            "도로명주소":"강원도 동해시 평릉길 14",
            "세대수":0,
            "입주년차":40,
            "용적률점수":"--",
            "건폐율점수":"--",
            "세대당주차수":0,
            "난방방식":30,
            "공급면적":"--",
            "전용률":"--",
            "욕실수":100,
            "현관타입":100,
            "주거총점":31.0,
            "지역구공급총점":0.0,
            "역세권":"NA",
            "30분내 이동가능 거점":"NA",
            "1시간내 이동가능 거점":"NA",
            "교통총점":"NA",
            "백화점":0,
            "아울렛몰":0,
            "대형마트":0,
            "은행":0,
            "병원":0,
            "종합병원":80,
            "공원":100,
            "혐오시설":0,
            "인프라총점":19.0,
            "초등학군":88.7,
            "중학군":51.66,
            "학군총점":59.068,
            "인구수":9.72,
            "인구증감":0.0,
            "인구총점":6.804,
            "일자리":4.1,
            "소득수준":61.65,
            "일자리총점":21.365,
            "가치 총점":33.217,
            "매매실거래년":20211203.0,
            "매매실거래가":19800.0,
            "전세실거래년":null,
            "전세실거래가":null,
            "전세가율":null,
            "장기전세가율평균":73.85,
            "전세가율거품지수":null,
            "검색코드":25595,
            "세대수":189,
            "준공년월":"2007-11-27",
            "준공년차":16,
            "가까운역이름":"NA",
            "가까운역거리":"NA",
            "역세권여부":"NA",
            "30분이내주요거점역":"NA",
            "1시간이내주요거점역":"NA",
            "3km이내백화점수":0,
            "5km이내아울렛몰수":0,
            "1km이내대형먀트수":0,
            "500m이내은행수":0,
            "500m이내병원수":1,
            "5km이내대형병원수":1,
            "500m이내공원수":3,
            "3km이내혐오시설수":0,
            "초등학교학업성취도":88.7,
            "중학교학업성취도":86.1,
            "용적률":356,
            "건폐율":16,
            "Y":37.528118,
            "X":129.102546,
            "rank":31.0,
            "area_info":"31평(105.22), 32평(106.29)",
            "last_sales":"2021-12-03,19800.0,32평(106.29)"
        },
        {
            "index":234,
            "아파트명":"동아더프라임1단지",
            "투자타입":"일반",
            "전용면적(m2)":"79.96",
            "전용면적(평)":"24평",
            "법정동주소":"강원도 동해시 효가동 480",
            "도로명주소":"강원도 동해시 양지길 20-2",
            "세대수":0,
            "입주년차":60,
            "용적률점수":"--",
            "건폐율점수":"--",
            "세대당주차수":0,
            "난방방식":30,
            "공급면적":"--",
            "전용률":"--",
            "욕실수":100,
            "현관타입":100,
            "주거총점":35.0,
            "지역구공급총점":0.0,
            "역세권":"NA",
            "30분내 이동가능 거점":"NA",
            "1시간내 이동가능 거점":"NA",
            "교통총점":"NA",
            "백화점":0,
            "아울렛몰":0,
            "대형마트":0,
            "은행":0,
            "병원":0,
            "종합병원":80,
            "공원":80,
            "혐오시설":0,
            "인프라총점":18.4,
            "초등학군":91.08,
            "중학군":45.02,
            "학군총점":54.232,
            "인구수":9.72,
            "인구증감":0.0,
            "인구총점":6.804,
            "일자리":4.1,
            "소득수준":61.65,
            "일자리총점":21.365,
            "가치 총점":33.168,
            "매매실거래년":20211012.0,
            "매매실거래가":19000.0,
            "전세실거래년":20200120.0,
            "전세실거래가":10000.0,
            "전세가율":78.74,
            "장기전세가율평균":73.85,
            "전세가율거품지수":-4.89,
            "검색코드":103110,
            "세대수":297,
            "준공년월":"2013-03-28",
            "준공년차":10,
            "가까운역이름":"NA",
            "가까운역거리":"NA",
            "역세권여부":"NA",
            "30분이내주요거점역":"NA",
            "1시간이내주요거점역":"NA",
            "3km이내백화점수":0,
            "5km이내아울렛몰수":0,
            "1km이내대형먀트수":0,
            "500m이내은행수":0,
            "500m이내병원수":1,
            "5km이내대형병원수":1,
            "500m이내공원수":1,
            "3km이내혐오시설수":0,
            "초등학교학업성취도":91.08,
            "중학교학업성취도":74.7,
            "용적률":230,
            "건폐율":20,
            "Y":37.49935,
            "X":129.107144,
            "rank":32.0,
            "area_info":"24평(79.96), 33평(111.48), 33평(111.92), 34평(112.69), 34평(112.68)",
            "last_sales":"2021-10-12,19000.0,33평(111.92)"
        },
        {
            "index":83,
            "아파트명":"썬샤인파크",
            "투자타입":"일반",
            "전용면적(m2)":"92.19",
            "전용면적(평)":"27평",
            "법정동주소":"강원도 동해시 부곡동 80",
            "도로명주소":"강원도 동해시 임항로 10",
            "세대수":0,
            "입주년차":40,
            "용적률점수":"--",
            "건폐율점수":"--",
            "세대당주차수":30,
            "난방방식":30,
            "공급면적":"--",
            "전용률":"--",
            "욕실수":100,
            "현관타입":100,
            "주거총점":35.5,
            "지역구공급총점":0.0,
            "역세권":"NA",
            "30분내 이동가능 거점":"NA",
            "1시간내 이동가능 거점":"NA",
            "교통총점":"NA",
            "백화점":0,
            "아울렛몰":0,
            "대형마트":0,
            "은행":0,
            "병원":10,
            "종합병원":80,
            "공원":100,
            "혐오시설":0,
            "인프라총점":20.0,
            "초등학군":92.64,
            "중학군":40.38,
            "학군총점":50.832,
            "인구수":9.72,
            "인구증감":0.0,
            "인구총점":6.804,
            "일자리":4.1,
            "소득수준":61.65,
            "일자리총점":21.365,
            "가치 총점":33.133,
            "매매실거래년":20210823.0,
            "매매실거래가":13400.0,
            "전세실거래년":20160719.0,
            "전세실거래가":8000.0,
            "전세가율":65.04,
            "장기전세가율평균":73.85,
            "전세가율거품지수":8.81,
            "검색코드":19743,
            "세대수":170,
            "준공년월":"2005-06-15",
            "준공년차":18,
            "가까운역이름":"NA",
            "가까운역거리":"NA",
            "역세권여부":"NA",
            "30분이내주요거점역":"NA",
            "1시간이내주요거점역":"NA",
            "3km이내백화점수":0,
            "5km이내아울렛몰수":0,
            "1km이내대형먀트수":0,
            "500m이내은행수":0,
            "500m이내병원수":3,
            "5km이내대형병원수":1,
            "500m이내공원수":3,
            "3km이내혐오시설수":0,
            "초등학교학업성취도":92.64,
            "중학교학업성취도":66.9,
            "용적률":709,
            "건폐율":70,
            "Y":37.538467,
            "X":129.102959,
            "rank":33.0,
            "area_info":"27평(92.19), 28평(93.11), 31평(102.63), 30평(102.45), 39평(130.94), 42평(140.47)",
            "last_sales":"2021-08-23,13400.0,30평(102.45)"
        },
        {
            "index":218,
            "아파트명":"현대",
            "투자타입":"재건축",
            "전용면적(m2)":"87.46",
            "전용면적(평)":"26평",
            "법정동주소":"강원도 동해시 천곡동 380-2",
            "도로명주소":"강원도 동해시 한섬로 8",
            "세대수":50,
            "입주년차":"--",
            "용적률점수":0,
            "건폐율점수":40,
            "세대당주차수":"--",
            "난방방식":"--",
            "공급면적":70,
            "전용률":80,
            "욕실수":"--",
            "현관타입":"--",
            "주거총점":30.5,
            "지역구공급총점":0.0,
            "역세권":"NA",
            "30분내 이동가능 거점":"NA",
            "1시간내 이동가능 거점":"NA",
            "교통총점":"NA",
            "백화점":0,
            "아울렛몰":0,
            "대형마트":0,
            "은행":0,
            "병원":10,
            "종합병원":80,
            "공원":0,
            "혐오시설":0,
            "인프라총점":17.0,
            "초등학군":88.93,
            "중학군":51.66,
            "학군총점":59.114,
            "인구수":9.72,
            "인구증감":0.0,
            "인구총점":6.804,
            "일자리":4.1,
            "소득수준":61.65,
            "일자리총점":21.365,
            "가치 총점":32.2535,
            "매매실거래년":20211210.0,
            "매매실거래가":13500.0,
            "전세실거래년":20210512.0,
            "전세실거래가":8000.0,
            "전세가율":88.89,
            "장기전세가율평균":73.85,
            "전세가율거품지수":-15.04,
            "검색코드":6168,
            "세대수":640,
            "준공년월":"1992-05-29",
            "준공년차":31,
            "가까운역이름":"NA",
            "가까운역거리":"NA",
            "역세권여부":"NA",
            "30분이내주요거점역":"NA",
            "1시간이내주요거점역":"NA",
            "3km이내백화점수":0,
            "5km이내아울렛몰수":0,
            "1km이내대형먀트수":0,
            "500m이내은행수":0,
            "500m이내병원수":2,
            "5km이내대형병원수":1,
            "500m이내공원수":0,
            "3km이내혐오시설수":0,
            "초등학교학업성취도":88.93,
            "중학교학업성취도":86.1,
            "용적률":225,
            "건폐율":35,
            "Y":37.519125,
            "X":129.105525,
            "rank":34.0,
            "area_info":"26평(87.46), 31평(104.12)",
            "last_sales":"2021-12-10,13500.0,31평(104.12)"
        },
        {
            "index":48,
            "아파트명":"동해발한석미모닝파크",
            "투자타입":"일반",
            "전용면적(m2)":"57.76",
            "전용면적(평)":"17평",
            "법정동주소":"강원도 동해시 발한동 778",
            "도로명주소":"강원도 동해시 해안로 635-5",
            "세대수":0,
            "입주년차":80,
            "용적률점수":"--",
            "건폐율점수":"--",
            "세대당주차수":0,
            "난방방식":30,
            "공급면적":"--",
            "전용률":"--",
            "욕실수":50,
            "현관타입":100,
            "주거총점":34.0,
            "지역구공급총점":0.0,
            "역세권":"NA",
            "30분내 이동가능 거점":"NA",
            "1시간내 이동가능 거점":"NA",
            "교통총점":"NA",
            "백화점":0,
            "아울렛몰":0,
            "대형마트":0,
            "은행":0,
            "병원":0,
            "종합병원":80,
            "공원":80,
            "혐오시설":0,
            "인프라총점":18.4,
            "초등학군":79.41,
            "중학군":43.52,
            "학군총점":50.698,
            "인구수":9.72,
            "인구증감":0.0,
            "인구총점":6.804,
            "일자리":4.1,
            "소득수준":61.65,
            "일자리총점":21.365,
            "가치 총점":31.9345,
            "매매실거래년":"18000101",
            "매매실거래가":null,
            "전세실거래년":20211012.0,
            "전세실거래가":5050.0,
            "전세가율":null,
            "장기전세가율평균":73.85,
            "전세가율거품지수":null,
            "검색코드":138262,
            "세대수":298,
            "준공년월":"2015-06-23",
            "준공년차":8,
            "가까운역이름":"NA",
            "가까운역거리":"NA",
            "역세권여부":"NA",
            "30분이내주요거점역":"NA",
            "1시간이내주요거점역":"NA",
            "3km이내백화점수":0,
            "5km이내아울렛몰수":0,
            "1km이내대형먀트수":0,
            "500m이내은행수":0,
            "500m이내병원수":0,
            "5km이내대형병원수":1,
            "500m이내공원수":1,
            "3km이내혐오시설수":0,
            "초등학교학업성취도":79.41,
            "중학교학업성취도":72.2,
            "용적률":176,
            "건폐율":16,
            "Y":37.556836,
            "X":129.102254,
            "rank":35.0,
            "area_info":"17평(57.76), 28평(95.56), 32평(106.59), 32평(108.94), 35평(117.76)",
            "last_sales":"1800-01-01,nan,17평(57.76)"
        },
        {
            "index":124,
            "아파트명":"동해이도주공1단지",
            "투자타입":"일반",
            "전용면적(m2)":"68.26",
            "전용면적(평)":"20평",
            "법정동주소":"강원도 동해시 이도동 155",
            "도로명주소":"강원도 동해시 이원길 180-2",
            "세대수":50,
            "입주년차":20,
            "용적률점수":"--",
            "건폐율점수":"--",
            "세대당주차수":0,
            "난방방식":30,
            "공급면적":"--",
            "전용률":"--",
            "욕실수":50,
            "현관타입":100,
            "주거총점":39.5,
            "지역구공급총점":0.0,
            "역세권":"NA",
            "30분내 이동가능 거점":"NA",
            "1시간내 이동가능 거점":"NA",
            "교통총점":"NA",
            "백화점":0,
            "아울렛몰":0,
            "대형마트":0,
            "은행":0,
            "병원":0,
            "종합병원":0,
            "공원":100,
            "혐오시설":0,
            "인프라총점":3.0,
            "초등학군":89.18,
            "중학군":45.76,
            "학군총점":54.444,
            "인구수":9.72,
            "인구증감":0.0,
            "인구총점":6.804,
            "일자리":4.1,
            "소득수준":61.65,
            "일자리총점":21.365,
            "가치 총점":28.636,
            "매매실거래년":20220106.0,
            "매매실거래가":6400.0,
            "전세실거래년":20210908.0,
            "전세실거래가":5000.0,
            "전세가율":78.12,
            "장기전세가율평균":73.85,
            "전세가율거품지수":-4.27,
            "검색코드":100766,
            "세대수":445,
            "준공년월":"1999-10-16",
            "준공년차":24,
            "가까운역이름":"NA",
            "가까운역거리":"NA",
            "역세권여부":"NA",
            "30분이내주요거점역":"NA",
            "1시간이내주요거점역":"NA",
            "3km이내백화점수":0,
            "5km이내아울렛몰수":0,
            "1km이내대형먀트수":0,
            "500m이내은행수":0,
            "500m이내병원수":0,
            "5km이내대형병원수":0,
            "500m이내공원수":3,
            "3km이내혐오시설수":0,
            "초등학교학업성취도":89.18,
            "중학교학업성취도":75.8,
            "용적률":165,
            "건폐율":16,
            "Y":37.478629,
            "X":129.111621,
            "rank":36.0,
            "area_info":"20평(68.26)",
            "last_sales":"2022-01-06,6400.0,20평(68.26)"
        },
        {
            "index":31,
            "아파트명":"협성",
            "투자타입":"일반",
            "전용면적(m2)":"74.04",
            "전용면적(평)":"22평",
            "법정동주소":"강원도 동해시 동회동 90",
            "도로명주소":"강원도 동해시 효자남길 10",
            "세대수":0,
            "입주년차":0,
            "용적률점수":"--",
            "건폐율점수":"--",
            "세대당주차수":0,
            "난방방식":30,
            "공급면적":"--",
            "전용률":"--",
            "욕실수":50,
            "현관타입":100,
            "주거총점":18.0,
            "지역구공급총점":0.0,
            "역세권":"NA",
            "30분내 이동가능 거점":"NA",
            "1시간내 이동가능 거점":"NA",
            "교통총점":"NA",
            "백화점":0,
            "아울렛몰":0,
            "대형마트":0,
            "은행":0,
            "병원":60,
            "종합병원":80,
            "공원":100,
            "혐오시설":0,
            "인프라총점":25.0,
            "초등학군":89.18,
            "중학군":38.42,
            "학군총점":48.572,
            "인구수":9.72,
            "인구증감":0.0,
            "인구총점":6.804,
            "일자리":4.1,
            "소득수준":61.65,
            "일자리총점":21.365,
            "가치 총점":28.443,
            "매매실거래년":20211205.0,
            "매매실거래가":6200.0,
            "전세실거래년":null,
            "전세실거래가":null,
            "전세가율":null,
            "장기전세가율평균":73.85,
            "전세가율거품지수":null,
            "검색코드":102391,
            "세대수":120,
            "준공년월":"1995-10-20",
            "준공년차":28,
            "가까운역이름":"NA",
            "가까운역거리":"NA",
            "역세권여부":"NA",
            "30분이내주요거점역":"NA",
            "1시간이내주요거점역":"NA",
            "3km이내백화점수":0,
            "5km이내아울렛몰수":0,
            "1km이내대형먀트수":0,
            "500m이내은행수":0,
            "500m이내병원수":10,
            "5km이내대형병원수":1,
            "500m이내공원수":3,
            "3km이내혐오시설수":0,
            "초등학교학업성취도":89.18,
            "중학교학업성취도":63.5,
            "용적률":149,
            "건폐율":37,
            "Y":37.487306,
            "X":129.10873,
            "rank":37.0,
            "area_info":"22평(74.04), 23평(78.59)",
            "last_sales":"2021-12-05,6200.0,23평(78.59)"
        },
        {
            "index":53,
            "아파트명":"발한대림",
            "투자타입":"일반",
            "전용면적(m2)":"80.2",
            "전용면적(평)":"24평",
            "법정동주소":"강원도 동해시 발한동 253",
            "도로명주소":"강원도 동해시 관사길 6",
            "세대수":0,
            "입주년차":20,
            "용적률점수":"--",
            "건폐율점수":"--",
            "세대당주차수":0,
            "난방방식":30,
            "공급면적":"--",
            "전용률":"--",
            "욕실수":50,
            "현관타입":100,
            "주거총점":22.0,
            "지역구공급총점":0.0,
            "역세권":"NA",
            "30분내 이동가능 거점":"NA",
            "1시간내 이동가능 거점":"NA",
            "교통총점":"NA",
            "백화점":0,
            "아울렛몰":0,
            "대형마트":0,
            "은행":0,
            "병원":30,
            "종합병원":80,
            "공원":80,
            "혐오시설":0,
            "인프라총점":21.4,
            "초등학군":79.41,
            "중학군":40.38,
            "학군총점":48.186,
            "인구수":9.72,
            "인구증감":0.0,
            "인구총점":6.804,
            "일자리":4.1,
            "소득수준":61.65,
            "일자리총점":21.365,
            "가치 총점":28.3065,
            "매매실거래년":20210610.0,
            "매매실거래가":12300.0,
            "전세실거래년":null,
            "전세실거래가":null,
            "전세가율":null,
            "장기전세가율평균":73.85,
            "전세가율거품지수":null,
            "검색코드":14427,
            "세대수":112,
            "준공년월":"2001-11-27",
            "준공년차":22,
            "가까운역이름":"NA",
            "가까운역거리":"NA",
            "역세권여부":"NA",
            "30분이내주요거점역":"NA",
            "1시간이내주요거점역":"NA",
            "3km이내백화점수":0,
            "5km이내아울렛몰수":0,
            "1km이내대형먀트수":0,
            "500m이내은행수":1,
            "500m이내병원수":9,
            "5km이내대형병원수":1,
            "500m이내공원수":1,
            "3km이내혐오시설수":0,
            "초등학교학업성취도":79.41,
            "중학교학업성취도":66.9,
            "용적률":240,
            "건폐율":21,
            "Y":37.55057,
            "X":129.105638,
            "rank":38.0,
            "area_info":"24평(80.2), 27평(90.6), 31평(104.3)",
            "last_sales":"2021-06-10,12300.0,31평(104.3)"
        },
        {
            "index":2,
            "아파트명":"현진",
            "투자타입":"일반",
            "전용면적(m2)":"54.05",
            "전용면적(평)":"16평",
            "법정동주소":"강원도 동해시 구미동 521",
            "도로명주소":"강원도 동해시 구미4길 1",
            "세대수":0,
            "입주년차":0,
            "용적률점수":"--",
            "건폐율점수":"--",
            "세대당주차수":0,
            "난방방식":30,
            "공급면적":"--",
            "전용률":"--",
            "욕실수":50,
            "현관타입":100,
            "주거총점":18.0,
            "지역구공급총점":0.0,
            "역세권":"NA",
            "30분내 이동가능 거점":"NA",
            "1시간내 이동가능 거점":"NA",
            "교통총점":"NA",
            "백화점":0,
            "아울렛몰":0,
            "대형마트":100,
            "은행":0,
            "병원":10,
            "종합병원":0,
            "공원":100,
            "혐오시설":0,
            "인프라총점":19.0,
            "초등학군":100.0,
            "중학군":45.76,
            "학군총점":56.608,
            "인구수":9.72,
            "인구증감":0.0,
            "인구총점":6.804,
            "일자리":4.1,
            "소득수준":61.65,
            "일자리총점":21.365,
            "가치 총점":28.052,
            "매매실거래년":20211117.0,
            "매매실거래가":5800.0,
            "전세실거래년":20180411.0,
            "전세실거래가":3000.0,
            "전세가율":75.0,
            "장기전세가율평균":73.85,
            "전세가율거품지수":-1.15,
            "검색코드":130028,
            "세대수":170,
            "준공년월":"1995-09-20",
            "준공년차":28,
            "가까운역이름":"NA",
            "가까운역거리":"NA",
            "역세권여부":"NA",
            "30분이내주요거점역":"NA",
            "1시간이내주요거점역":"NA",
            "3km이내백화점수":0,
            "5km이내아울렛몰수":0,
            "1km이내대형먀트수":2,
            "500m이내은행수":0,
            "500m이내병원수":2,
            "5km이내대형병원수":0,
            "500m이내공원수":2,
            "3km이내혐오시설수":0,
            "초등학교학업성취도":100.0,
            "중학교학업성취도":75.8,
            "용적률":316,
            "건폐율":29,
            "Y":37.48192,
            "X":129.13002,
            "rank":39.0,
            "area_info":"16평(54.05), 20평(68.78), 21평(70.41), 24평(80.87)",
            "last_sales":"2021-11-17,5800.0,24평(80.87)"
        },
        {
            "index":171,
            "아파트명":"시영3차",
            "투자타입":"일반",
            "전용면적(m2)":"55.93",
            "전용면적(평)":"16평",
            "법정동주소":"강원도 동해시 천곡동 1004-1",
            "도로명주소":"강원도 동해시 동굴로 26",
            "세대수":0,
            "입주년차":0,
            "용적률점수":"--",
            "건폐율점수":"--",
            "세대당주차수":0,
            "난방방식":30,
            "공급면적":"--",
            "전용률":"--",
            "욕실수":50,
            "현관타입":100,
            "주거총점":18.0,
            "지역구공급총점":0.0,
            "역세권":"NA",
            "30분내 이동가능 거점":"NA",
            "1시간내 이동가능 거점":"NA",
            "교통총점":"NA",
            "백화점":0,
            "아울렛몰":0,
            "대형마트":0,
            "은행":0,
            "병원":0,
            "종합병원":80,
            "공원":0,
            "혐오시설":0,
            "인프라총점":16.0,
            "초등학군":88.93,
            "중학군":51.66,
            "학군총점":59.114,
            "인구수":9.72,
            "인구증감":0.0,
            "인구총점":6.804,
            "일자리":4.1,
            "소득수준":61.65,
            "일자리총점":21.365,
            "가치 총점":27.4785,
            "매매실거래년":20210902.0,
            "매매실거래가":5700.0,
            "전세실거래년":20201014.0,
            "전세실거래가":5000.0,
            "전세가율":87.72,
            "장기전세가율평균":73.85,
            "전세가율거품지수":-13.87,
            "검색코드":127264,
            "세대수":100,
            "준공년월":"1994-06-07",
            "준공년차":29,
            "가까운역이름":"NA",
            "가까운역거리":"NA",
            "역세권여부":"NA",
            "30분이내주요거점역":"NA",
            "1시간이내주요거점역":"NA",
            "3km이내백화점수":0,
            "5km이내아울렛몰수":0,
            "1km이내대형먀트수":0,
            "500m이내은행수":0,
            "500m이내병원수":1,
            "5km이내대형병원수":1,
            "500m이내공원수":0,
            "3km이내혐오시설수":0,
            "초등학교학업성취도":88.93,
            "중학교학업성취도":86.1,
            "용적률":0,
            "건폐율":0,
            "Y":37.515773,
            "X":129.106766,
            "rank":40.0,
            "area_info":"16평(55.93), 16평(55.79), 20평(67.15)",
            "last_sales":"2021-09-02,5700.0,16평(55.93)"
        },
        {
            "index":111,
            "아파트명":"범주",
            "투자타입":"일반",
            "전용면적(m2)":"58.06",
            "전용면적(평)":"17평",
            "법정동주소":"강원도 동해시 용정동 260-2",
            "도로명주소":"강원도 동해시 초원2길 5",
            "세대수":0,
            "입주년차":0,
            "용적률점수":"--",
            "건폐율점수":"--",
            "세대당주차수":0,
            "난방방식":30,
            "공급면적":"--",
            "전용률":"--",
            "욕실수":50,
            "현관타입":100,
            "주거총점":18.0,
            "지역구공급총점":0.0,
            "역세권":"NA",
            "30분내 이동가능 거점":"NA",
            "1시간내 이동가능 거점":"NA",
            "교통총점":"NA",
            "백화점":0,
            "아울렛몰":0,
            "대형마트":0,
            "은행":0,
            "병원":0,
            "종합병원":80,
            "공원":100,
            "혐오시설":0,
            "인프라총점":19.0,
            "초등학군":84.62,
            "중학군":45.02,
            "학군총점":52.94,
            "인구수":9.72,
            "인구증감":0.0,
            "인구총점":6.804,
            "일자리":4.1,
            "소득수준":61.65,
            "일자리총점":21.365,
            "가치 총점":27.135,
            "매매실거래년":20211127.0,
            "매매실거래가":8800.0,
            "전세실거래년":20211122.0,
            "전세실거래가":4500.0,
            "전세가율":42.86,
            "장기전세가율평균":73.85,
            "전세가율거품지수":30.99,
            "검색코드":6109,
            "세대수":216,
            "준공년월":"1996-03-05",
            "준공년차":27,
            "가까운역이름":"NA",
            "가까운역거리":"NA",
            "역세권여부":"NA",
            "30분이내주요거점역":"NA",
            "1시간이내주요거점역":"NA",
            "3km이내백화점수":0,
            "5km이내아울렛몰수":0,
            "1km이내대형먀트수":0,
            "500m이내은행수":0,
            "500m이내병원수":0,
            "5km이내대형병원수":1,
            "500m이내공원수":2,
            "3km이내혐오시설수":0,
            "초등학교학업성취도":84.62,
            "중학교학업성취도":74.7,
            "용적률":141,
            "건폐율":33,
            "Y":37.512093,
            "X":129.124107,
            "rank":41.0,
            "area_info":"17평(58.06), 20평(66.59), 20평(67.38), 22평(75.11), 22평(75.15), 32평(106.15)",
            "last_sales":"2021-11-27,8800.0,22평(75.11)"
        },
        {
            "index":165,
            "아파트명":"롯데",
            "투자타입":"일반",
            "전용면적(m2)":"77.04",
            "전용면적(평)":"23평",
            "법정동주소":"강원도 동해시 천곡동 91-2",
            "도로명주소":"강원도 동해시 감추7길 22-11",
            "세대수":0,
            "입주년차":0,
            "용적률점수":"--",
            "건폐율점수":"--",
            "세대당주차수":0,
            "난방방식":30,
            "공급면적":"--",
            "전용률":"--",
            "욕실수":50,
            "현관타입":100,
            "주거총점":18.0,
            "지역구공급총점":0.0,
            "역세권":"NA",
            "30분내 이동가능 거점":"NA",
            "1시간내 이동가능 거점":"NA",
            "교통총점":"NA",
            "백화점":0,
            "아울렛몰":0,
            "대형마트":0,
            "은행":0,
            "병원":0,
            "종합병원":80,
            "공원":100,
            "혐오시설":0,
            "인프라총점":19.0,
            "초등학군":84.62,
            "중학군":45.02,
            "학군총점":52.94,
            "인구수":9.72,
            "인구증감":0.0,
            "인구총점":6.804,
            "일자리":4.1,
            "소득수준":61.65,
            "일자리총점":21.365,
            "가치 총점":27.135,
            "매매실거래년":20211030.0,
            "매매실거래가":9200.0,
            "전세실거래년":20210902.0,
            "전세실거래가":11500.0,
            "전세가율":125.0,
            "장기전세가율평균":73.85,
            "전세가율거품지수":-51.15,
            "검색코드":6121,
            "세대수":166,
            "준공년월":"1996-12-31",
            "준공년차":27,
            "가까운역이름":"NA",
            "가까운역거리":"NA",
            "역세권여부":"NA",
            "30분이내주요거점역":"NA",
            "1시간이내주요거점역":"NA",
            "3km이내백화점수":0,
            "5km이내아울렛몰수":0,
            "1km이내대형먀트수":0,
            "500m이내은행수":0,
            "500m이내병원수":0,
            "5km이내대형병원수":1,
            "500m이내공원수":5,
            "3km이내혐오시설수":0,
            "초등학교학업성취도":84.62,
            "중학교학업성취도":74.7,
            "용적률":156,
            "건폐율":16,
            "Y":37.513878,
            "X":129.121147,
            "rank":41.0,
            "area_info":"23평(77.04), 31평(104.43)",
            "last_sales":"2021-10-30,9200.0,23평(77.04)"
        },
        {
            "index":33,
            "아파트명":"삼본",
            "투자타입":"일반",
            "전용면적(m2)":"28.34",
            "전용면적(평)":"8평",
            "법정동주소":"강원도 동해시 묵호진동 1-83",
            "도로명주소":"강원도 동해시 해맞이길 231",
            "세대수":0,
            "입주년차":0,
            "용적률점수":"--",
            "건폐율점수":"--",
            "세대당주차수":0,
            "난방방식":30,
            "공급면적":"--",
            "전용률":"--",
            "욕실수":50,
            "현관타입":100,
            "주거총점":18.0,
            "지역구공급총점":0.0,
            "역세권":"NA",
            "30분내 이동가능 거점":"NA",
            "1시간내 이동가능 거점":"NA",
            "교통총점":"NA",
            "백화점":0,
            "아울렛몰":0,
            "대형마트":0,
            "은행":0,
            "병원":0,
            "종합병원":80,
            "공원":100,
            "혐오시설":0,
            "인프라총점":19.0,
            "초등학군":88.0,
            "중학군":43.52,
            "학군총점":52.416,
            "인구수":9.72,
            "인구증감":0.0,
            "인구총점":6.804,
            "일자리":4.1,
            "소득수준":61.65,
            "일자리총점":21.365,
            "가치 총점":27.004,
            "매매실거래년":20211210.0,
            "매매실거래가":6700.0,
            "전세실거래년":null,
            "전세실거래가":null,
            "전세가율":null,
            "장기전세가율평균":73.85,
            "전세가율거품지수":null,
            "검색코드":111466,
            "세대수":202,
            "준공년월":"1996-08-16",
            "준공년차":27,
            "가까운역이름":"NA",
            "가까운역거리":"NA",
            "역세권여부":"NA",
            "30분이내주요거점역":"NA",
            "1시간이내주요거점역":"NA",
            "3km이내백화점수":0,
            "5km이내아울렛몰수":0,
            "1km이내대형먀트수":0,
            "500m이내은행수":0,
            "500m이내병원수":0,
            "5km이내대형병원수":1,
            "500m이내공원수":3,
            "3km이내혐오시설수":0,
            "초등학교학업성취도":88.0,
            "중학교학업성취도":72.2,
            "용적률":141,
            "건폐율":28,
            "Y":37.559338,
            "X":129.115116,
            "rank":42.0,
            "area_info":"8평(28.34), 11평(38.94), 15평(50.84)",
            "last_sales":"2021-12-10,6700.0,15평(50.84)"
        },
        {
            "index":89,
            "아파트명":"유존",
            "투자타입":"일반",
            "전용면적(m2)":"48.99",
            "전용면적(평)":"14평",
            "법정동주소":"강원도 동해시 부곡동 111-1",
            "도로명주소":"강원도 동해시 부곡2길 26-1",
            "세대수":0,
            "입주년차":0,
            "용적률점수":"--",
            "건폐율점수":"--",
            "세대당주차수":0,
            "난방방식":30,
            "공급면적":"--",
            "전용률":"--",
            "욕실수":50,
            "현관타입":100,
            "주거총점":18.0,
            "지역구공급총점":0.0,
            "역세권":"NA",
            "30분내 이동가능 거점":"NA",
            "1시간내 이동가능 거점":"NA",
            "교통총점":"NA",
            "백화점":0,
            "아울렛몰":0,
            "대형마트":0,
            "은행":0,
            "병원":10,
            "종합병원":80,
            "공원":100,
            "혐오시설":0,
            "인프라총점":20.0,
            "초등학군":89.06,
            "중학군":40.38,
            "학군총점":50.116,
            "인구수":9.72,
            "인구증감":0.0,
            "인구총점":6.804,
            "일자리":4.1,
            "소득수준":61.65,
            "일자리총점":21.365,
            "가치 총점":26.829,
            "매매실거래년":20211201.0,
            "매매실거래가":9000.0,
            "전세실거래년":20210410.0,
            "전세실거래가":2500.0,
            "전세가율":65.79,
            "장기전세가율평균":73.85,
            "전세가율거품지수":8.06,
            "검색코드":102398,
            "세대수":159,
            "준공년월":"1995-12-23",
            "준공년차":28,
            "가까운역이름":"NA",
            "가까운역거리":"NA",
            "역세권여부":"NA",
            "30분이내주요거점역":"NA",
            "1시간이내주요거점역":"NA",
            "3km이내백화점수":0,
            "5km이내아울렛몰수":0,
            "1km이내대형먀트수":0,
            "500m이내은행수":0,
            "500m이내병원수":2,
            "5km이내대형병원수":1,
            "500m이내공원수":2,
            "3km이내혐오시설수":0,
            "초등학교학업성취도":89.06,
            "중학교학업성취도":66.9,
            "용적률":313,
            "건폐율":0,
            "Y":37.537726,
            "X":129.106127,
            "rank":43.0,
            "area_info":"14평(48.99), 25평(83.29), 31평(104.73)",
            "last_sales":"2021-12-01,9000.0,31평(104.73)"
        },
        {
            "index":77,
            "아파트명":"삼정2차",
            "투자타입":"일반",
            "전용면적(m2)":"79.53",
            "전용면적(평)":"24평",
            "법정동주소":"강원도 동해시 부곡동 126-1",
            "도로명주소":"강원도 동해시 임항로 55",
            "세대수":0,
            "입주년차":0,
            "용적률점수":"--",
            "건폐율점수":"--",
            "세대당주차수":0,
            "난방방식":30,
            "공급면적":"--",
            "전용률":"--",
            "욕실수":100,
            "현관타입":50,
            "주거총점":18.0,
            "지역구공급총점":0.0,
            "역세권":"NA",
            "30분내 이동가능 거점":"NA",
            "1시간내 이동가능 거점":"NA",
            "교통총점":"NA",
            "백화점":0,
            "아울렛몰":0,
            "대형마트":0,
            "은행":0,
            "병원":0,
            "종합병원":80,
            "공원":100,
            "혐오시설":0,
            "인프라총점":19.0,
            "초등학군":89.06,
            "중학군":40.38,
            "학군총점":50.116,
            "인구수":9.72,
            "인구증감":0.0,
            "인구총점":6.804,
            "일자리":4.1,
            "소득수준":61.65,
            "일자리총점":21.365,
            "가치 총점":26.429,
            "매매실거래년":20211210.0,
            "매매실거래가":7200.0,
            "전세실거래년":20210119.0,
            "전세실거래가":4000.0,
            "전세가율":55.56,
            "장기전세가율평균":73.85,
            "전세가율거품지수":18.29,
            "검색코드":106300,
            "세대수":107,
            "준공년월":"1994-12-19",
            "준공년차":29,
            "가까운역이름":"NA",
            "가까운역거리":"NA",
            "역세권여부":"NA",
            "30분이내주요거점역":"NA",
            "1시간이내주요거점역":"NA",
            "3km이내백화점수":0,
            "5km이내아울렛몰수":0,
            "1km이내대형먀트수":0,
            "500m이내은행수":0,
            "500m이내병원수":0,
            "5km이내대형병원수":1,
            "500m이내공원수":2,
            "3km이내혐오시설수":0,
            "초등학교학업성취도":89.06,
            "중학교학업성취도":66.9,
            "용적률":262,
            "건폐율":25,
            "Y":37.539027,
            "X":129.107617,
            "rank":44.0,
            "area_info":"24평(79.53), 36평(119.89), 49평(162.12)",
            "last_sales":"2021-12-10,7200.0,24평(79.53)"
        },
        {
            "index":125,
            "아파트명":"동해이도주공2단지",
            "투자타입":"일반",
            "전용면적(m2)":"79.39",
            "전용면적(평)":"24평",
            "법정동주소":"강원도 동해시 이도동 154",
            "도로명주소":"강원도 동해시 이원길 180-2",
            "세대수":30,
            "입주년차":20,
            "용적률점수":"--",
            "건폐율점수":"--",
            "세대당주차수":0,
            "난방방식":30,
            "공급면적":"--",
            "전용률":"--",
            "욕실수":50,
            "현관타입":100,
            "주거총점":32.5,
            "지역구공급총점":0.0,
            "역세권":"NA",
            "30분내 이동가능 거점":"NA",
            "1시간내 이동가능 거점":"NA",
            "교통총점":"NA",
            "백화점":0,
            "아울렛몰":0,
            "대형마트":0,
            "은행":0,
            "병원":0,
            "종합병원":0,
            "공원":100,
            "혐오시설":0,
            "인프라총점":3.0,
            "초등학군":89.18,
            "중학군":45.76,
            "학군총점":54.444,
            "인구수":9.72,
            "인구증감":0.0,
            "인구총점":6.804,
            "일자리":4.1,
            "소득수준":61.65,
            "일자리총점":21.365,
            "가치 총점":26.186,
            "매매실거래년":20220106.0,
            "매매실거래가":8500.0,
            "전세실거래년":20210907.0,
            "전세실거래가":8000.0,
            "전세가율":94.12,
            "장기전세가율평균":73.85,
            "전세가율거품지수":-20.27,
            "검색코드":100767,
            "세대수":390,
            "준공년월":"1999-11-26",
            "준공년차":24,
            "가까운역이름":"NA",
            "가까운역거리":"NA",
            "역세권여부":"NA",
            "30분이내주요거점역":"NA",
            "1시간이내주요거점역":"NA",
            "3km이내백화점수":0,
            "5km이내아울렛몰수":0,
            "1km이내대형먀트수":0,
            "500m이내은행수":0,
            "500m이내병원수":0,
            "5km이내대형병원수":0,
            "500m이내공원수":3,
            "3km이내혐오시설수":0,
            "초등학교학업성취도":89.18,
            "중학교학업성취도":75.8,
            "용적률":172,
            "건폐율":17,
            "Y":37.47828,
            "X":129.110462,
            "rank":45.0,
            "area_info":"24평(79.39)",
            "last_sales":"2022-01-06,8500.0,24평(79.39)"
        },
        {
            "index":243,
            "아파트명":"동해명보2차",
            "투자타입":"일반",
            "전용면적(m2)":"89.82",
            "전용면적(평)":"27평",
            "법정동주소":"강원도 동해시 효가동 248",
            "도로명주소":"강원도 동해시 효가로 10-2",
            "세대수":0,
            "입주년차":0,
            "용적률점수":"--",
            "건폐율점수":"--",
            "세대당주차수":0,
            "난방방식":30,
            "공급면적":"--",
            "전용률":"--",
            "욕실수":50,
            "현관타입":10,
            "주거총점":9.0,
            "지역구공급총점":0.0,
            "역세권":"NA",
            "30분내 이동가능 거점":"NA",
            "1시간내 이동가능 거점":"NA",
            "교통총점":"NA",
            "백화점":0,
            "아울렛몰":0,
            "대형마트":0,
            "은행":0,
            "병원":30,
            "종합병원":80,
            "공원":100,
            "혐오시설":0,
            "인프라총점":22.0,
            "초등학군":91.08,
            "중학군":45.02,
            "학군총점":54.232,
            "인구수":9.72,
            "인구증감":0.0,
            "인구총점":6.804,
            "일자리":4.1,
            "소득수준":61.65,
            "일자리총점":21.365,
            "가치 총점":25.508,
            "매매실거래년":20211101.0,
            "매매실거래가":6700.0,
            "전세실거래년":20210508.0,
            "전세실거래가":4930.0,
            "전세가율":73.58,
            "장기전세가율평균":73.85,
            "전세가율거품지수":0.27,
            "검색코드":6173,
            "세대수":106,
            "준공년월":"1994-12-30",
            "준공년차":29,
            "가까운역이름":"NA",
            "가까운역거리":"NA",
            "역세권여부":"NA",
            "30분이내주요거점역":"NA",
            "1시간이내주요거점역":"NA",
            "3km이내백화점수":0,
            "5km이내아울렛몰수":0,
            "1km이내대형먀트수":0,
            "500m이내은행수":0,
            "500m이내병원수":6,
            "5km이내대형병원수":1,
            "500m이내공원수":4,
            "3km이내혐오시설수":0,
            "초등학교학업성취도":91.08,
            "중학교학업성취도":74.7,
            "용적률":191,
            "건폐율":29,
            "Y":37.496281,
            "X":129.108693,
            "rank":46.0,
            "area_info":"27평(89.82)",
            "last_sales":"2021-11-01,6700.0,27평(89.82)"
        },
        {
            "index":0,
            "아파트명":"동해북평1단지",
            "투자타입":"재건축",
            "전용면적(m2)":"46.86",
            "전용면적(평)":"14평",
            "법정동주소":"강원도 동해시 구미동 429",
            "도로명주소":"강원도 동해시 구미3길 46",
            "세대수":0,
            "입주년차":"--",
            "용적률점수":0,
            "건폐율점수":0,
            "세대당주차수":"--",
            "난방방식":"--",
            "공급면적":50,
            "전용률":100,
            "욕실수":"--",
            "현관타입":"--",
            "주거총점":7.5,
            "지역구공급총점":0.0,
            "역세권":"NA",
            "30분내 이동가능 거점":"NA",
            "1시간내 이동가능 거점":"NA",
            "교통총점":"NA",
            "백화점":0,
            "아울렛몰":0,
            "대형마트":100,
            "은행":0,
            "병원":10,
            "종합병원":0,
            "공원":80,
            "혐오시설":0,
            "인프라총점":18.4,
            "초등학군":100.0,
            "중학군":45.76,
            "학군총점":56.608,
            "인구수":9.72,
            "인구증감":0.0,
            "인구총점":6.804,
            "일자리":4.1,
            "소득수준":61.65,
            "일자리총점":21.365,
            "가치 총점":24.137,
            "매매실거래년":"18000101",
            "매매실거래가":null,
            "전세실거래년":null,
            "전세실거래가":null,
            "전세가율":null,
            "장기전세가율평균":73.85,
            "전세가율거품지수":null,
            "검색코드":127299,
            "세대수":228,
            "준공년월":"1986-05-20",
            "준공년차":37,
            "가까운역이름":"NA",
            "가까운역거리":"NA",
            "역세권여부":"NA",
            "30분이내주요거점역":"NA",
            "1시간이내주요거점역":"NA",
            "3km이내백화점수":0,
            "5km이내아울렛몰수":0,
            "1km이내대형먀트수":2,
            "500m이내은행수":0,
            "500m이내병원수":2,
            "5km이내대형병원수":0,
            "500m이내공원수":1,
            "3km이내혐오시설수":0,
            "초등학교학업성취도":100.0,
            "중학교학업성취도":75.8,
            "용적률":0,
            "건폐율":0,
            "Y":37.483935,
            "X":129.127644,
            "rank":47.0,
            "area_info":"14평(46.86), 14평(46.79)",
            "last_sales":"1800-01-01,nan,14평(46.86)"
        },
        {
            "index":56,
            "아파트명":"삼성",
            "투자타입":"일반",
            "전용면적(m2)":"79.18",
            "전용면적(평)":"23평",
            "법정동주소":"강원도 동해시 발한동 334-1",
            "도로명주소":"강원도 동해시 해안로 605",
            "세대수":0,
            "입주년차":0,
            "용적률점수":"--",
            "건폐율점수":"--",
            "세대당주차수":0,
            "난방방식":30,
            "공급면적":"--",
            "전용률":"--",
            "욕실수":50,
            "현관타입":10,
            "주거총점":9.0,
            "지역구공급총점":0.0,
            "역세권":"NA",
            "30분내 이동가능 거점":"NA",
            "1시간내 이동가능 거점":"NA",
            "교통총점":"NA",
            "백화점":0,
            "아울렛몰":0,
            "대형마트":0,
            "은행":0,
            "병원":0,
            "종합병원":80,
            "공원":80,
            "혐오시설":0,
            "인프라총점":18.4,
            "초등학군":79.41,
            "중학군":43.52,
            "학군총점":50.698,
            "인구수":9.72,
            "인구증감":0.0,
            "인구총점":6.804,
            "일자리":4.1,
            "소득수준":61.65,
            "일자리총점":21.365,
            "가치 총점":23.1845,
            "매매실거래년":20220104.0,
            "매매실거래가":9300.0,
            "전세실거래년":20211206.0,
            "전세실거래가":7000.0,
            "전세가율":93.33,
            "장기전세가율평균":73.85,
            "전세가율거품지수":-19.48,
            "검색코드":6090,
            "세대수":190,
            "준공년월":"1996-12-23",
            "준공년차":27,
            "가까운역이름":"NA",
            "가까운역거리":"NA",
            "역세권여부":"NA",
            "30분이내주요거점역":"NA",
            "1시간이내주요거점역":"NA",
            "3km이내백화점수":0,
            "5km이내아울렛몰수":0,
            "1km이내대형먀트수":0,
            "500m이내은행수":0,
            "500m이내병원수":0,
            "5km이내대형병원수":1,
            "500m이내공원수":1,
            "3km이내혐오시설수":0,
            "초등학교학업성취도":79.41,
            "중학교학업성취도":72.2,
            "용적률":244,
            "건폐율":19,
            "Y":37.553627,
            "X":129.103431,
            "rank":48.0,
            "area_info":"23평(79.18), 32평(107.48)",
            "last_sales":"2022-01-04,9300.0,32평(107.48)"
        },
        {
            "index":92,
            "아파트명":"일정골든타워",
            "투자타입":"일반",
            "전용면적(m2)":"39.94",
            "전용면적(평)":"12평",
            "법정동주소":"강원도 동해시 부곡동 5-82",
            "도로명주소":"강원도 동해시 해안로 449",
            "세대수":0,
            "입주년차":0,
            "용적률점수":"--",
            "건폐율점수":"--",
            "세대당주차수":0,
            "난방방식":30,
            "공급면적":"--",
            "전용률":"--",
            "욕실수":50,
            "현관타입":10,
            "주거총점":9.0,
            "지역구공급총점":0.0,
            "역세권":"NA",
            "30분내 이동가능 거점":"NA",
            "1시간내 이동가능 거점":"NA",
            "교통총점":"NA",
            "백화점":0,
            "아울렛몰":0,
            "대형마트":0,
            "은행":0,
            "병원":0,
            "종합병원":80,
            "공원":80,
            "혐오시설":0,
            "인프라총점":18.4,
            "초등학군":89.06,
            "중학군":40.38,
            "학군총점":50.116,
            "인구수":9.72,
            "인구증감":0.0,
            "인구총점":6.804,
            "일자리":4.1,
            "소득수준":61.65,
            "일자리총점":21.365,
            "가치 총점":23.039,
            "매매실거래년":20211117.0,
            "매매실거래가":16000.0,
            "전세실거래년":20210414.0,
            "전세실거래가":2500.0,
            "전세가율":78.12,
            "장기전세가율평균":73.85,
            "전세가율거품지수":-4.27,
            "검색코드":6097,
            "세대수":188,
            "준공년월":"1996-04-15",
            "준공년차":27,
            "가까운역이름":"NA",
            "가까운역거리":"NA",
            "역세권여부":"NA",
            "30분이내주요거점역":"NA",
            "1시간이내주요거점역":"NA",
            "3km이내백화점수":0,
            "5km이내아울렛몰수":0,
            "1km이내대형먀트수":0,
            "500m이내은행수":0,
            "500m이내병원수":0,
            "5km이내대형병원수":1,
            "500m이내공원수":1,
            "3km이내혐오시설수":0,
            "초등학교학업성취도":89.06,
            "중학교학업성취도":66.9,
            "용적률":350,
            "건폐율":66,
            "Y":37.540868,
            "X":129.109297,
            "rank":49.0,
            "area_info":"12평(39.94), 21평(70.33), 22평(74.71), 25평(83.23), 30평(101.56), 31평(102.92), 39평(130.08)",
            "last_sales":"2021-11-17,16000.0,39평(130.08)"
        },
        {
            "index":65,
            "아파트명":"동해",
            "투자타입":"재건축",
            "전용면적(m2)":"63.87",
            "전용면적(평)":"19평",
            "법정동주소":"강원도 동해시 부곡동 73-1",
            "도로명주소":"강원도 동해시 가마골길 42-10",
            "세대수":0,
            "입주년차":"--",
            "용적률점수":0,
            "건폐율점수":0,
            "세대당주차수":"--",
            "난방방식":"--",
            "공급면적":50,
            "전용률":100,
            "욕실수":"--",
            "현관타입":"--",
            "주거총점":7.5,
            "지역구공급총점":0.0,
            "역세권":"NA",
            "30분내 이동가능 거점":"NA",
            "1시간내 이동가능 거점":"NA",
            "교통총점":"NA",
            "백화점":0,
            "아울렛몰":0,
            "대형마트":0,
            "은행":0,
            "병원":10,
            "종합병원":80,
            "공원":100,
            "혐오시설":0,
            "인프라총점":20.0,
            "초등학군":92.64,
            "중학군":38.04,
            "학군총점":48.96,
            "인구수":9.72,
            "인구증감":0.0,
            "인구총점":6.804,
            "일자리":4.1,
            "소득수준":61.65,
            "일자리총점":21.365,
            "가치 총점":22.865,
            "매매실거래년":20211219.0,
            "매매실거래가":3500.0,
            "전세실거래년":20201011.0,
            "전세실거래가":4000.0,
            "전세가율":114.29,
            "장기전세가율평균":73.85,
            "전세가율거품지수":-40.44,
            "검색코드":134425,
            "세대수":110,
            "준공년월":"1981-09-10",
            "준공년차":42,
            "가까운역이름":"NA",
            "가까운역거리":"NA",
            "역세권여부":"NA",
            "30분이내주요거점역":"NA",
            "1시간이내주요거점역":"NA",
            "3km이내백화점수":0,
            "5km이내아울렛몰수":0,
            "1km이내대형먀트수":0,
            "500m이내은행수":0,
            "500m이내병원수":3,
            "5km이내대형병원수":1,
            "500m이내공원수":2,
            "3km이내혐오시설수":0,
            "초등학교학업성취도":92.64,
            "중학교학업성취도":63.4,
            "용적률":0,
            "건폐율":0,
            "Y":37.537403,
            "X":129.101581,
            "rank":50.0,
            "area_info":"19평(63.87), 19평(64.48), 21평(71.8)",
            "last_sales":"2021-12-19,3500.0,19평(63.87)"
        },
        {
            "index":36,
            "아파트명":"강경",
            "투자타입":"재건축",
            "전용면적(m2)":"65.82",
            "전용면적(평)":"19평",
            "법정동주소":"강원도 동해시 발한동 233-67",
            "도로명주소":"강원도 동해시 지리골길 36",
            "세대수":0,
            "입주년차":"--",
            "용적률점수":0,
            "건폐율점수":0,
            "세대당주차수":"--",
            "난방방식":"--",
            "공급면적":50,
            "전용률":60,
            "욕실수":"--",
            "현관타입":"--",
            "주거총점":5.5,
            "지역구공급총점":0.0,
            "역세권":"NA",
            "30분내 이동가능 거점":"NA",
            "1시간내 이동가능 거점":"NA",
            "교통총점":"NA",
            "백화점":0,
            "아울렛몰":0,
            "대형마트":0,
            "은행":0,
            "병원":10,
            "종합병원":80,
            "공원":100,
            "혐오시설":0,
            "인프라총점":20.0,
            "초등학군":92.64,
            "중학군":40.38,
            "학군총점":50.832,
            "인구수":9.72,
            "인구증감":0.0,
            "인구총점":6.804,
            "일자리":4.1,
            "소득수준":61.65,
            "일자리총점":21.365,
            "가치 총점":22.633,
            "매매실거래년":20211217.0,
            "매매실거래가":5800.0,
            "전세실거래년":20170109.0,
            "전세실거래가":2500.0,
            "전세가율":71.43,
            "장기전세가율평균":73.85,
            "전세가율거품지수":2.42,
            "검색코드":111321,
            "세대수":135,
            "준공년월":"1991-06-18",
            "준공년차":32,
            "가까운역이름":"NA",
            "가까운역거리":"NA",
            "역세권여부":"NA",
            "30분이내주요거점역":"NA",
            "1시간이내주요거점역":"NA",
            "3km이내백화점수":0,
            "5km이내아울렛몰수":0,
            "1km이내대형먀트수":0,
            "500m이내은행수":0,
            "500m이내병원수":4,
            "5km이내대형병원수":1,
            "500m이내공원수":2,
            "3km이내혐오시설수":0,
            "초등학교학업성취도":92.64,
            "중학교학업성취도":66.9,
            "용적률":0,
            "건폐율":0,
            "Y":37.547409,
            "X":129.102547,
            "rank":51.0,
            "area_info":"19평(65.82), 23평(76.71)",
            "last_sales":"2021-12-17,5800.0,23평(76.71)"
        },
        {
            "index":58,
            "아파트명":"우석",
            "투자타입":"재건축",
            "전용면적(m2)":"32.28",
            "전용면적(평)":"9평",
            "법정동주소":"강원도 동해시 발한동 599-1",
            "도로명주소":"강원도 동해시 수원지2길 15",
            "세대수":0,
            "입주년차":"--",
            "용적률점수":0,
            "건폐율점수":0,
            "세대당주차수":"--",
            "난방방식":"--",
            "공급면적":50,
            "전용률":100,
            "욕실수":"--",
            "현관타입":"--",
            "주거총점":7.5,
            "지역구공급총점":0.0,
            "역세권":"NA",
            "30분내 이동가능 거점":"NA",
            "1시간내 이동가능 거점":"NA",
            "교통총점":"NA",
            "백화점":0,
            "아울렛몰":0,
            "대형마트":0,
            "은행":0,
            "병원":10,
            "종합병원":80,
            "공원":80,
            "혐오시설":0,
            "인프라총점":19.4,
            "초등학군":92.64,
            "중학군":38.04,
            "학군총점":48.96,
            "인구수":9.72,
            "인구증감":0.0,
            "인구총점":6.804,
            "일자리":4.1,
            "소득수준":61.65,
            "일자리총점":21.365,
            "가치 총점":22.625,
            "매매실거래년":20211123.0,
            "매매실거래가":3350.0,
            "전세실거래년":20211218.0,
            "전세실거래가":2300.0,
            "전세가율":68.66,
            "장기전세가율평균":73.85,
            "전세가율거품지수":5.19,
            "검색코드":127239,
            "세대수":180,
            "준공년월":"1985-11-18",
            "준공년차":38,
            "가까운역이름":"NA",
            "가까운역거리":"NA",
            "역세권여부":"NA",
            "30분이내주요거점역":"NA",
            "1시간이내주요거점역":"NA",
            "3km이내백화점수":0,
            "5km이내아울렛몰수":0,
            "1km이내대형먀트수":0,
            "500m이내은행수":0,
            "500m이내병원수":3,
            "5km이내대형병원수":1,
            "500m이내공원수":1,
            "3km이내혐오시설수":0,
            "초등학교학업성취도":92.64,
            "중학교학업성취도":63.4,
            "용적률":0,
            "건폐율":0,
            "Y":37.539519,
            "X":129.099155,
            "rank":52.0,
            "area_info":"9평(32.28), 11평(37.87), 14평(47.36), 17평(57.32)",
            "last_sales":"2021-11-23,3350.0,9평(32.28)"
        },
        {
            "index":43,
            "아파트명":"경민2차",
            "투자타입":"재건축",
            "전용면적(m2)":"64.3",
            "전용면적(평)":"19평",
            "법정동주소":"강원도 동해시 발한동 599-5",
            "도로명주소":"강원도 동해시 수원지2길 6-9",
            "세대수":0,
            "입주년차":"--",
            "용적률점수":0,
            "건폐율점수":0,
            "세대당주차수":"--",
            "난방방식":"--",
            "공급면적":50,
            "전용률":100,
            "욕실수":"--",
            "현관타입":"--",
            "주거총점":7.5,
            "지역구공급총점":0.0,
            "역세권":"NA",
            "30분내 이동가능 거점":"NA",
            "1시간내 이동가능 거점":"NA",
            "교통총점":"NA",
            "백화점":0,
            "아울렛몰":0,
            "대형마트":0,
            "은행":0,
            "병원":10,
            "종합병원":80,
            "공원":80,
            "혐오시설":0,
            "인프라총점":19.4,
            "초등학군":92.64,
            "중학군":38.04,
            "학군총점":48.96,
            "인구수":9.72,
            "인구증감":0.0,
            "인구총점":6.804,
            "일자리":4.1,
            "소득수준":61.65,
            "일자리총점":21.365,
            "가치 총점":22.625,
            "매매실거래년":20211128.0,
            "매매실거래가":3600.0,
            "전세실거래년":20130827.0,
            "전세실거래가":2500.0,
            "전세가율":69.44,
            "장기전세가율평균":73.85,
            "전세가율거품지수":4.41,
            "검색코드":23257,
            "세대수":152,
            "준공년월":"1991-01-23",
            "준공년차":32,
            "가까운역이름":"NA",
            "가까운역거리":"NA",
            "역세권여부":"NA",
            "30분이내주요거점역":"NA",
            "1시간이내주요거점역":"NA",
            "3km이내백화점수":0,
            "5km이내아울렛몰수":0,
            "1km이내대형먀트수":0,
            "500m이내은행수":0,
            "500m이내병원수":3,
            "5km이내대형병원수":1,
            "500m이내공원수":1,
            "3km이내혐오시설수":0,
            "초등학교학업성취도":92.64,
            "중학교학업성취도":63.4,
            "용적률":0,
            "건폐율":0,
            "Y":37.540826,
            "X":129.100289,
            "rank":52.0,
            "area_info":"19평(64.3), 23평(79.15)",
            "last_sales":"2021-11-28,3600.0,19평(64.3)"
        },
        {
            "index":134,
            "아파트명":"동해규수방",
            "투자타입":"일반",
            "전용면적(m2)":"48.57",
            "전용면적(평)":"14평",
            "법정동주소":"강원도 동해시 이로동 433-31",
            "도로명주소":"강원도 동해시 월평로 49",
            "세대수":0,
            "입주년차":40,
            "용적률점수":"--",
            "건폐율점수":"--",
            "세대당주차수":0,
            "난방방식":30,
            "공급면적":"--",
            "전용률":"--",
            "욕실수":50,
            "현관타입":100,
            "주거총점":26.0,
            "지역구공급총점":0.0,
            "역세권":"NA",
            "30분내 이동가능 거점":"NA",
            "1시간내 이동가능 거점":"NA",
            "교통총점":"NA",
            "백화점":0,
            "아울렛몰":0,
            "대형마트":0,
            "은행":0,
            "병원":0,
            "종합병원":0,
            "공원":100,
            "혐오시설":0,
            "인프라총점":3.0,
            "초등학군":90.0,
            "중학군":38.42,
            "학군총점":48.736,
            "인구수":9.72,
            "인구증감":0.0,
            "인구총점":6.804,
            "일자리":4.1,
            "소득수준":61.65,
            "일자리총점":21.365,
            "가치 총점":22.484,
            "매매실거래년":20211220.0,
            "매매실거래가":2400.0,
            "전세실거래년":20180507.0,
            "전세실거래가":2000.0,
            "전세가율":83.33,
            "장기전세가율평균":73.85,
            "전세가율거품지수":-9.48,
            "검색코드":112102,
            "세대수":135,
            "준공년월":"2007-07-04",
            "준공년차":16,
            "가까운역이름":"NA",
            "가까운역거리":"NA",
            "역세권여부":"NA",
            "30분이내주요거점역":"NA",
            "1시간이내주요거점역":"NA",
            "3km이내백화점수":0,
            "5km이내아울렛몰수":0,
            "1km이내대형먀트수":0,
            "500m이내은행수":0,
            "500m이내병원수":0,
            "5km이내대형병원수":0,
            "500m이내공원수":3,
            "3km이내혐오시설수":0,
            "초등학교학업성취도":90.0,
            "중학교학업성취도":63.5,
            "용적률":135,
            "건폐율":29,
            "Y":37.49318,
            "X":129.05569,
            "rank":53.0,
            "area_info":"14평(48.57), 15평(49.8), 15평(52.44), 18평(61.05), 18평(61.41)",
            "last_sales":"2021-12-20,2400.0,14평(48.57)"
        },
        {
            "index":68,
            "아파트명":"삼정",
            "투자타입":"재건축",
            "전용면적(m2)":"37.95",
            "전용면적(평)":"11평",
            "법정동주소":"강원도 동해시 부곡동 106-2",
            "도로명주소":"강원도 동해시 부곡3길 26",
            "세대수":0,
            "입주년차":"--",
            "용적률점수":0,
            "건폐율점수":0,
            "세대당주차수":"--",
            "난방방식":"--",
            "공급면적":50,
            "전용률":80,
            "욕실수":"--",
            "현관타입":"--",
            "주거총점":6.5,
            "지역구공급총점":0.0,
            "역세권":"NA",
            "30분내 이동가능 거점":"NA",
            "1시간내 이동가능 거점":"NA",
            "교통총점":"NA",
            "백화점":0,
            "아울렛몰":0,
            "대형마트":0,
            "은행":0,
            "병원":0,
            "종합병원":80,
            "공원":100,
            "혐오시설":0,
            "인프라총점":19.0,
            "초등학군":89.06,
            "중학군":40.38,
            "학군총점":50.116,
            "인구수":9.72,
            "인구증감":0.0,
            "인구총점":6.804,
            "일자리":4.1,
            "소득수준":61.65,
            "일자리총점":21.365,
            "가치 총점":22.404,
            "매매실거래년":"18000101",
            "매매실거래가":null,
            "전세실거래년":null,
            "전세실거래가":null,
            "전세가율":null,
            "장기전세가율평균":73.85,
            "전세가율거품지수":null,
            "검색코드":139404,
            "세대수":108,
            "준공년월":"1986-05-13",
            "준공년차":37,
            "가까운역이름":"NA",
            "가까운역거리":"NA",
            "역세권여부":"NA",
            "30분이내주요거점역":"NA",
            "1시간이내주요거점역":"NA",
            "3km이내백화점수":0,
            "5km이내아울렛몰수":0,
            "1km이내대형먀트수":0,
            "500m이내은행수":0,
            "500m이내병원수":1,
            "5km이내대형병원수":1,
            "500m이내공원수":2,
            "3km이내혐오시설수":0,
            "초등학교학업성취도":89.06,
            "중학교학업성취도":66.9,
            "용적률":0,
            "건폐율":0,
            "Y":37.537722,
            "X":129.107335,
            "rank":54.0,
            "area_info":"11평(37.95), 11평(38.09), 14평(47.75), 14평(48.64), 15평(50.37), 15평(51.63), 15평(52.11), 16평(53.82), 18평(60.45)",
            "last_sales":"1800-01-01,nan,11평(37.95)"
        },
        {
            "index":38,
            "아파트명":"경민1차",
            "투자타입":"재건축",
            "전용면적(m2)":"64.48",
            "전용면적(평)":"19평",
            "법정동주소":"강원도 동해시 발한동 599-45",
            "도로명주소":"강원도 동해시 수원지2길 12-13",
            "세대수":0,
            "입주년차":"--",
            "용적률점수":0,
            "건폐율점수":0,
            "세대당주차수":"--",
            "난방방식":"--",
            "공급면적":50,
            "전용률":80,
            "욕실수":"--",
            "현관타입":"--",
            "주거총점":6.5,
            "지역구공급총점":0.0,
            "역세권":"NA",
            "30분내 이동가능 거점":"NA",
            "1시간내 이동가능 거점":"NA",
            "교통총점":"NA",
            "백화점":0,
            "아울렛몰":0,
            "대형마트":0,
            "은행":0,
            "병원":10,
            "종합병원":80,
            "공원":80,
            "혐오시설":0,
            "인프라총점":19.4,
            "초등학군":92.64,
            "중학군":38.04,
            "학군총점":48.96,
            "인구수":9.72,
            "인구증감":0.0,
            "인구총점":6.804,
            "일자리":4.1,
            "소득수준":61.65,
            "일자리총점":21.365,
            "가치 총점":22.275,
            "매매실거래년":20210226.0,
            "매매실거래가":5450.0,
            "전세실거래년":20150109.0,
            "전세실거래가":1600.0,
            "전세가율":47.06,
            "장기전세가율평균":73.85,
            "전세가율거품지수":26.79,
            "검색코드":23256,
            "세대수":100,
            "준공년월":"1990-03-22",
            "준공년차":33,
            "가까운역이름":"NA",
            "가까운역거리":"NA",
            "역세권여부":"NA",
            "30분이내주요거점역":"NA",
            "1시간이내주요거점역":"NA",
            "3km이내백화점수":0,
            "5km이내아울렛몰수":0,
            "1km이내대형먀트수":0,
            "500m이내은행수":0,
            "500m이내병원수":3,
            "5km이내대형병원수":1,
            "500m이내공원수":1,
            "3km이내혐오시설수":0,
            "초등학교학업성취도":92.64,
            "중학교학업성취도":63.4,
            "용적률":0,
            "건폐율":0,
            "Y":37.540808,
            "X":129.100255,
            "rank":55.0,
            "area_info":"19평(64.48), 20평(66.12), 23평(76.8), 24평(81.48), 25평(83.52)",
            "last_sales":"2021-02-26,5450.0,25평(83.52)"
        },
        {
            "index":80,
            "아파트명":"삼화미성",
            "투자타입":"재건축",
            "전용면적(m2)":"59.4",
            "전용면적(평)":"17평",
            "법정동주소":"강원도 동해시 부곡동 31-2",
            "도로명주소":"강원도 동해시 부곡4길 10",
            "세대수":0,
            "입주년차":"--",
            "용적률점수":0,
            "건폐율점수":0,
            "세대당주차수":"--",
            "난방방식":"--",
            "공급면적":50,
            "전용률":40,
            "욕실수":"--",
            "현관타입":"--",
            "주거총점":4.5,
            "지역구공급총점":0.0,
            "역세권":"NA",
            "30분내 이동가능 거점":"NA",
            "1시간내 이동가능 거점":"NA",
            "교통총점":"NA",
            "백화점":0,
            "아울렛몰":0,
            "대형마트":0,
            "은행":0,
            "병원":0,
            "종합병원":80,
            "공원":100,
            "혐오시설":0,
            "인프라총점":19.0,
            "초등학군":89.06,
            "중학군":40.38,
            "학군총점":50.116,
            "인구수":9.72,
            "인구증감":0.0,
            "인구총점":6.804,
            "일자리":4.1,
            "소득수준":61.65,
            "일자리총점":21.365,
            "가치 총점":21.704,
            "매매실거래년":20210706.0,
            "매매실거래가":5300.0,
            "전세실거래년":20110314.0,
            "전세실거래가":1000.0,
            "전세가율":50.0,
            "장기전세가율평균":73.85,
            "전세가율거품지수":23.85,
            "검색코드":23228,
            "세대수":205,
            "준공년월":"1991-11-29",
            "준공년차":32,
            "가까운역이름":"NA",
            "가까운역거리":"NA",
            "역세권여부":"NA",
            "30분이내주요거점역":"NA",
            "1시간이내주요거점역":"NA",
            "3km이내백화점수":0,
            "5km이내아울렛몰수":0,
            "1km이내대형먀트수":0,
            "500m이내은행수":0,
            "500m이내병원수":0,
            "5km이내대형병원수":1,
            "500m이내공원수":2,
            "3km이내혐오시설수":0,
            "초등학교학업성취도":89.06,
            "중학교학업성취도":66.9,
            "용적률":0,
            "건폐율":0,
            "Y":37.537329,
            "X":129.109086,
            "rank":56.0,
            "area_info":"17평(59.4), 20평(66.6), 23평(77.4)",
            "last_sales":"2021-07-06,5300.0,23평(77.4)"
        },
        {
            "index":131,
            "아파트명":"이도현대",
            "투자타입":"일반",
            "전용면적(m2)":"76.97",
            "전용면적(평)":"23평",
            "법정동주소":"강원도 동해시 이도동 172",
            "도로명주소":"강원도 동해시 이원길 180",
            "세대수":0,
            "입주년차":0,
            "용적률점수":"--",
            "건폐율점수":"--",
            "세대당주차수":0,
            "난방방식":30,
            "공급면적":"--",
            "전용률":"--",
            "욕실수":50,
            "현관타입":100,
            "주거총점":18.0,
            "지역구공급총점":0.0,
            "역세권":"NA",
            "30분내 이동가능 거점":"NA",
            "1시간내 이동가능 거점":"NA",
            "교통총점":"NA",
            "백화점":0,
            "아울렛몰":0,
            "대형마트":0,
            "은행":0,
            "병원":0,
            "종합병원":0,
            "공원":100,
            "혐오시설":0,
            "인프라총점":3.0,
            "초등학군":89.18,
            "중학군":45.76,
            "학군총점":54.444,
            "인구수":9.72,
            "인구증감":0.0,
            "인구총점":6.804,
            "일자리":4.1,
            "소득수준":61.65,
            "일자리총점":21.365,
            "가치 총점":21.111,
            "매매실거래년":20211107.0,
            "매매실거래가":7600.0,
            "전세실거래년":20201124.0,
            "전세실거래가":7000.0,
            "전세가율":92.11,
            "장기전세가율평균":73.85,
            "전세가율거품지수":-18.26,
            "검색코드":6114,
            "세대수":270,
            "준공년월":"1996-10-31",
            "준공년차":27,
            "가까운역이름":"NA",
            "가까운역거리":"NA",
            "역세권여부":"NA",
            "30분이내주요거점역":"NA",
            "1시간이내주요거점역":"NA",
            "3km이내백화점수":0,
            "5km이내아울렛몰수":0,
            "1km이내대형먀트수":0,
            "500m이내은행수":0,
            "500m이내병원수":0,
            "5km이내대형병원수":0,
            "500m이내공원수":3,
            "3km이내혐오시설수":0,
            "초등학교학업성취도":89.18,
            "중학교학업성취도":75.8,
            "용적률":265,
            "건폐율":23,
            "Y":37.479441,
            "X":129.11152,
            "rank":57.0,
            "area_info":"23평(76.97), 31평(104.63), 47평(156.35)",
            "last_sales":"2021-11-07,7600.0,23평(76.97)"
        },
        {
            "index":117,
            "아파트명":"강변",
            "투자타입":"일반",
            "전용면적(m2)":"49.64",
            "전용면적(평)":"15평",
            "법정동주소":"강원도 동해시 이도동 302-6",
            "도로명주소":"강원도 동해시 전천로 175-24",
            "세대수":0,
            "입주년차":0,
            "용적률점수":"--",
            "건폐율점수":"--",
            "세대당주차수":0,
            "난방방식":30,
            "공급면적":"--",
            "전용률":"--",
            "욕실수":50,
            "현관타입":100,
            "주거총점":18.0,
            "지역구공급총점":0.0,
            "역세권":"NA",
            "30분내 이동가능 거점":"NA",
            "1시간내 이동가능 거점":"NA",
            "교통총점":"NA",
            "백화점":0,
            "아울렛몰":0,
            "대형마트":0,
            "은행":0,
            "병원":0,
            "종합병원":0,
            "공원":100,
            "혐오시설":0,
            "인프라총점":3.0,
            "초등학군":89.18,
            "중학군":38.42,
            "학군총점":48.572,
            "인구수":9.72,
            "인구증감":0.0,
            "인구총점":6.804,
            "일자리":4.1,
            "소득수준":61.65,
            "일자리총점":21.365,
            "가치 총점":19.643,
            "매매실거래년":20211018.0,
            "매매실거래가":6900.0,
            "전세실거래년":20170225.0,
            "전세실거래가":3000.0,
            "전세가율":100.0,
            "장기전세가율평균":73.85,
            "전세가율거품지수":-26.15,
            "검색코드":102399,
            "세대수":170,
            "준공년월":"1996-08-05",
            "준공년차":27,
            "가까운역이름":"NA",
            "가까운역거리":"NA",
            "역세권여부":"NA",
            "30분이내주요거점역":"NA",
            "1시간이내주요거점역":"NA",
            "3km이내백화점수":0,
            "5km이내아울렛몰수":0,
            "1km이내대형먀트수":0,
            "500m이내은행수":0,
            "500m이내병원수":0,
            "5km이내대형병원수":0,
            "500m이내공원수":2,
            "3km이내혐오시설수":0,
            "초등학교학업성취도":89.18,
            "중학교학업성취도":63.5,
            "용적률":388,
            "건폐율":38,
            "Y":37.481215,
            "X":129.109726,
            "rank":58.0,
            "area_info":"15평(49.64), 20평(68.08), 25평(82.84)",
            "last_sales":"2021-10-18,6900.0,25평(82.84)"
        }
    ]
}