{
    "schema":{
        "fields":[
            {
                "name":"index",
                "type":"integer"
            },
            {
                "name":"아파트명",
                "type":"string"
            },
            {
                "name":"투자타입",
                "type":"string"
            },
            {
                "name":"전용면적(m2)",
                "type":"string"
            },
            {
                "name":"전용면적(평)",
                "type":"string"
            },
            {
                "name":"법정동주소",
                "type":"string"
            },
            {
                "name":"도로명주소",
                "type":"string"
            },
            {
                "name":"세대수",
                "type":"integer"
            },
            {
                "name":"입주년차",
                "type":"string"
            },
            {
                "name":"용적률점수",
                "type":"string"
            },
            {
                "name":"건폐율점수",
                "type":"string"
            },
            {
                "name":"세대당주차수",
                "type":"string"
            },
            {
                "name":"난방방식",
                "type":"string"
            },
            {
                "name":"공급면적",
                "type":"string"
            },
            {
                "name":"전용률",
                "type":"string"
            },
            {
                "name":"욕실수",
                "type":"string"
            },
            {
                "name":"현관타입",
                "type":"string"
            },
            {
                "name":"주거총점",
                "type":"number"
            },
            {
                "name":"지역구공급총점",
                "type":"number"
            },
            {
                "name":"역세권",
                "type":"string"
            },
            {
                "name":"30분내 이동가능 거점",
                "type":"string"
            },
            {
                "name":"1시간내 이동가능 거점",
                "type":"string"
            },
            {
                "name":"교통총점",
                "type":"string"
            },
            {
                "name":"백화점",
                "type":"integer"
            },
            {
                "name":"아울렛몰",
                "type":"integer"
            },
            {
                "name":"대형마트",
                "type":"integer"
            },
            {
                "name":"은행",
                "type":"integer"
            },
            {
                "name":"병원",
                "type":"integer"
            },
            {
                "name":"종합병원",
                "type":"integer"
            },
            {
                "name":"공원",
                "type":"integer"
            },
            {
                "name":"혐오시설",
                "type":"integer"
            },
            {
                "name":"인프라총점",
                "type":"number"
            },
            {
                "name":"초등학군",
                "type":"number"
            },
            {
                "name":"중학군",
                "type":"number"
            },
            {
                "name":"학군총점",
                "type":"number"
            },
            {
                "name":"인구수",
                "type":"number"
            },
            {
                "name":"인구증감",
                "type":"number"
            },
            {
                "name":"인구총점",
                "type":"number"
            },
            {
                "name":"일자리",
                "type":"number"
            },
            {
                "name":"소득수준",
                "type":"number"
            },
            {
                "name":"일자리총점",
                "type":"number"
            },
            {
                "name":"가치 총점",
                "type":"number"
            },
            {
                "name":"매매실거래년",
                "type":"string"
            },
            {
                "name":"매매실거래가",
                "type":"number"
            },
            {
                "name":"전세실거래년",
                "type":"number"
            },
            {
                "name":"전세실거래가",
                "type":"number"
            },
            {
                "name":"전세가율",
                "type":"number"
            },
            {
                "name":"장기전세가율평균",
                "type":"number"
            },
            {
                "name":"전세가율거품지수",
                "type":"number"
            },
            {
                "name":"검색코드",
                "type":"integer"
            },
            {
                "name":"세대수",
                "type":"number"
            },
            {
                "name":"준공년월",
                "type":"string"
            },
            {
                "name":"준공년차",
                "type":"number"
            },
            {
                "name":"가까운역이름",
                "type":"string"
            },
            {
                "name":"가까운역거리",
                "type":"string"
            },
            {
                "name":"역세권여부",
                "type":"string"
            },
            {
                "name":"30분이내주요거점역",
                "type":"string"
            },
            {
                "name":"1시간이내주요거점역",
                "type":"string"
            },
            {
                "name":"3km이내백화점수",
                "type":"integer"
            },
            {
                "name":"5km이내아울렛몰수",
                "type":"integer"
            },
            {
                "name":"1km이내대형먀트수",
                "type":"integer"
            },
            {
                "name":"500m이내은행수",
                "type":"integer"
            },
            {
                "name":"500m이내병원수",
                "type":"integer"
            },
            {
                "name":"5km이내대형병원수",
                "type":"integer"
            },
            {
                "name":"500m이내공원수",
                "type":"integer"
            },
            {
                "name":"3km이내혐오시설수",
                "type":"integer"
            },
            {
                "name":"초등학교학업성취도",
                "type":"number"
            },
            {
                "name":"중학교학업성취도",
                "type":"number"
            },
            {
                "name":"용적률",
                "type":"integer"
            },
            {
                "name":"건폐율",
                "type":"integer"
            },
            {
                "name":"Y",
                "type":"number"
            },
            {
                "name":"X",
                "type":"number"
            },
            {
                "name":"rank",
                "type":"number"
            },
            {
                "name":"area_info",
                "type":"string"
            },
            {
                "name":"last_sales",
                "type":"string"
            }
        ],
        "primaryKey":[
            "index"
        ],
        "pandas_version":"1.4.0"
    },
    "data":[
        {
            "index":22,
            "아파트명":"대산하이츠빌2차",
            "투자타입":"일반",
            "전용면적(m2)":"84.43",
            "전용면적(평)":"25평",
            "법정동주소":"강원도 태백시 황지동 846",
            "도로명주소":"강원도 태백시 번영로 289",
            "세대수":30,
            "입주년차":80,
            "용적률점수":"--",
            "건폐율점수":"--",
            "세대당주차수":30,
            "난방방식":30,
            "공급면적":"--",
            "전용률":"--",
            "욕실수":100,
            "현관타입":100,
            "주거총점":54.0,
            "지역구공급총점":100.0,
            "역세권":"NA",
            "30분내 이동가능 거점":"NA",
            "1시간내 이동가능 거점":"NA",
            "교통총점":"NA",
            "백화점":0,
            "아울렛몰":0,
            "대형마트":100,
            "은행":0,
            "병원":0,
            "종합병원":0,
            "공원":100,
            "혐오시설":0,
            "인프라총점":18.0,
            "초등학군":90.11,
            "중학군":39.18,
            "학군총점":49.366,
            "인구수":4.41,
            "인구증감":-16.46,
            "인구총점":-1.851,
            "일자리":2.5,
            "소득수준":56.05,
            "일자리총점":18.565,
            "가치 총점":38.4415,
            "매매실거래년":20211223.0,
            "매매실거래가":22000.0,
            "전세실거래년":20200529.0,
            "전세실거래가":11000.0,
            "전세가율":73.33,
            "장기전세가율평균":72.36,
            "전세가율거품지수":-0.97,
            "검색코드":112622,
            "세대수":397.0,
            "준공년월":"2014-03-04",
            "준공년차":9.0,
            "가까운역이름":"NA",
            "가까운역거리":"NA",
            "역세권여부":"NA",
            "30분이내주요거점역":"NA",
            "1시간이내주요거점역":"NA",
            "3km이내백화점수":0,
            "5km이내아울렛몰수":0,
            "1km이내대형먀트수":13,
            "500m이내은행수":0,
            "500m이내병원수":0,
            "5km이내대형병원수":0,
            "500m이내공원수":2,
            "3km이내혐오시설수":0,
            "초등학교학업성취도":90.11,
            "중학교학업성취도":65.3,
            "용적률":179,
            "건폐율":19,
            "Y":37.169183,
            "X":128.985667,
            "rank":1.0,
            "area_info":"25평(84.43), 25평(84.81), 25평(84.42), 25평(84.12), 35평(117.75), 35평(118.71)",
            "last_sales":"2021-12-23,22000.0,35평(117.75)"
        },
        {
            "index":49,
            "아파트명":"중앙하이츠",
            "투자타입":"일반",
            "전용면적(m2)":"86.63",
            "전용면적(평)":"26평",
            "법정동주소":"강원도 태백시 황지동 844",
            "도로명주소":"강원도 태백시 대학길 80",
            "세대수":30,
            "입주년차":60,
            "용적률점수":"--",
            "건폐율점수":"--",
            "세대당주차수":30,
            "난방방식":30,
            "공급면적":"--",
            "전용률":"--",
            "욕실수":100,
            "현관타입":100,
            "주거총점":50.0,
            "지역구공급총점":100.0,
            "역세권":"NA",
            "30분내 이동가능 거점":"NA",
            "1시간내 이동가능 거점":"NA",
            "교통총점":"NA",
            "백화점":0,
            "아울렛몰":0,
            "대형마트":100,
            "은행":0,
            "병원":0,
            "종합병원":0,
            "공원":80,
            "혐오시설":0,
            "인프라총점":17.4,
            "초등학군":90.11,
            "중학군":39.18,
            "학군총점":49.366,
            "인구수":4.41,
            "인구증감":-16.46,
            "인구총점":-1.851,
            "일자리":2.5,
            "소득수준":56.05,
            "일자리총점":18.565,
            "가치 총점":36.8015,
            "매매실거래년":20211206.0,
            "매매실거래가":16000.0,
            "전세실거래년":20200909.0,
            "전세실거래가":12400.0,
            "전세가율":90.51,
            "장기전세가율평균":72.36,
            "전세가율거품지수":-18.15,
            "검색코드":112849,
            "세대수":386.0,
            "준공년월":"2011-07-11",
            "준공년차":12.0,
            "가까운역이름":"NA",
            "가까운역거리":"NA",
            "역세권여부":"NA",
            "30분이내주요거점역":"NA",
            "1시간이내주요거점역":"NA",
            "3km이내백화점수":0,
            "5km이내아울렛몰수":0,
            "1km이내대형먀트수":13,
            "500m이내은행수":0,
            "500m이내병원수":0,
            "5km이내대형병원수":0,
            "500m이내공원수":1,
            "3km이내혐오시설수":0,
            "초등학교학업성취도":90.11,
            "중학교학업성취도":65.3,
            "용적률":208,
            "건폐율":17,
            "Y":37.161185,
            "X":128.977513,
            "rank":2.0,
            "area_info":"26평(86.63), 29평(98.78), 29평(98.36)",
            "last_sales":"2021-12-06,16000.0,29평(98.78)"
        },
        {
            "index":5,
            "아파트명":"태백장성동아라이크텐",
            "투자타입":"일반",
            "전용면적(m2)":"101.57",
            "전용면적(평)":"30평",
            "법정동주소":"강원도 태백시 장성동 291",
            "도로명주소":"강원도 태백시 장성1길 117",
            "세대수":0,
            "입주년차":100,
            "용적률점수":"--",
            "건폐율점수":"--",
            "세대당주차수":30,
            "난방방식":30,
            "공급면적":"--",
            "전용률":"--",
            "욕실수":100,
            "현관타입":100,
            "주거총점":47.5,
            "지역구공급총점":100.0,
            "역세권":"NA",
            "30분내 이동가능 거점":"NA",
            "1시간내 이동가능 거점":"NA",
            "교통총점":"NA",
            "백화점":0,
            "아울렛몰":0,
            "대형마트":0,
            "은행":0,
            "병원":10,
            "종합병원":80,
            "공원":80,
            "혐오시설":0,
            "인프라총점":19.4,
            "초등학군":90.0,
            "중학군":35.66,
            "학군총점":46.528,
            "인구수":4.41,
            "인구증감":-16.46,
            "인구총점":-1.851,
            "일자리":2.5,
            "소득수준":56.05,
            "일자리총점":18.565,
            "가치 총점":36.017,
            "매매실거래년":20211220.0,
            "매매실거래가":17200.0,
            "전세실거래년":20211001.0,
            "전세실거래가":5000.0,
            "전세가율":29.07,
            "장기전세가율평균":72.36,
            "전세가율거품지수":43.29,
            "검색코드":122641,
            "세대수":202.0,
            "준공년월":"2019-05-01",
            "준공년차":4.0,
            "가까운역이름":"NA",
            "가까운역거리":"NA",
            "역세권여부":"NA",
            "30분이내주요거점역":"NA",
            "1시간이내주요거점역":"NA",
            "3km이내백화점수":0,
            "5km이내아울렛몰수":0,
            "1km이내대형먀트수":0,
            "500m이내은행수":1,
            "500m이내병원수":2,
            "5km이내대형병원수":1,
            "500m이내공원수":1,
            "3km이내혐오시설수":0,
            "초등학교학업성취도":90.0,
            "중학교학업성취도":57.1,
            "용적률":190,
            "건폐율":16,
            "Y":37.099997,
            "X":129.006099,
            "rank":3.0,
            "area_info":"30평(101.57), 43평(142.56)",
            "last_sales":"2021-12-20,17200.0,30평(101.57)"
        },
        {
            "index":36,
            "아파트명":"영조아름다운나날",
            "투자타입":"일반",
            "전용면적(m2)":"110.51",
            "전용면적(평)":"33평",
            "법정동주소":"강원도 태백시 황지동 677",
            "도로명주소":"강원도 태백시 태백산로 5136",
            "세대수":30,
            "입주년차":40,
            "용적률점수":"--",
            "건폐율점수":"--",
            "세대당주차수":30,
            "난방방식":30,
            "공급면적":"--",
            "전용률":"--",
            "욕실수":100,
            "현관타입":100,
            "주거총점":46.0,
            "지역구공급총점":100.0,
            "역세권":"NA",
            "30분내 이동가능 거점":"NA",
            "1시간내 이동가능 거점":"NA",
            "교통총점":"NA",
            "백화점":0,
            "아울렛몰":0,
            "대형마트":0,
            "은행":0,
            "병원":0,
            "종합병원":80,
            "공원":0,
            "혐오시설":0,
            "인프라총점":16.0,
            "초등학군":84.74,
            "중학군":42.9,
            "학군총점":51.268,
            "인구수":4.41,
            "인구증감":-16.46,
            "인구총점":-1.851,
            "일자리":2.5,
            "소득수준":56.05,
            "일자리총점":18.565,
            "가치 총점":35.317,
            "매매실거래년":20220110.0,
            "매매실거래가":17000.0,
            "전세실거래년":20180618.0,
            "전세실거래가":13000.0,
            "전세가율":76.47,
            "장기전세가율평균":72.36,
            "전세가율거품지수":-4.11,
            "검색코드":25737,
            "세대수":390.0,
            "준공년월":"2007-06-29",
            "준공년차":16.0,
            "가까운역이름":"NA",
            "가까운역거리":"NA",
            "역세권여부":"NA",
            "30분이내주요거점역":"NA",
            "1시간이내주요거점역":"NA",
            "3km이내백화점수":0,
            "5km이내아울렛몰수":0,
            "1km이내대형먀트수":0,
            "500m이내은행수":0,
            "500m이내병원수":0,
            "5km이내대형병원수":1,
            "500m이내공원수":0,
            "3km이내혐오시설수":0,
            "초등학교학업성취도":84.74,
            "중학교학업성취도":71.5,
            "용적률":105,
            "건폐율":9,
            "Y":37.144861,
            "X":128.993332,
            "rank":4.0,
            "area_info":"33평(110.51)",
            "last_sales":"2022-01-10,17000.0,33평(110.51)"
        },
        {
            "index":57,
            "아파트명":"태백황지청솔",
            "투자타입":"일반",
            "전용면적(m2)":"50.2",
            "전용면적(평)":"15평",
            "법정동주소":"강원도 태백시 황지동 662",
            "도로명주소":"강원도 태백시 청솔길 35",
            "세대수":90,
            "입주년차":20,
            "용적률점수":"--",
            "건폐율점수":"--",
            "세대당주차수":0,
            "난방방식":30,
            "공급면적":"--",
            "전용률":"--",
            "욕실수":50,
            "현관타입":10,
            "주거총점":44.5,
            "지역구공급총점":100.0,
            "역세권":"NA",
            "30분내 이동가능 거점":"NA",
            "1시간내 이동가능 거점":"NA",
            "교통총점":"NA",
            "백화점":0,
            "아울렛몰":0,
            "대형마트":100,
            "은행":0,
            "병원":0,
            "종합병원":0,
            "공원":100,
            "혐오시설":0,
            "인프라총점":18.0,
            "초등학군":90.11,
            "중학군":39.18,
            "학군총점":49.366,
            "인구수":4.41,
            "인구증감":-16.46,
            "인구총점":-1.851,
            "일자리":2.5,
            "소득수준":56.05,
            "일자리총점":18.565,
            "가치 총점":35.1165,
            "매매실거래년":20220112.0,
            "매매실거래가":5000.0,
            "전세실거래년":20211125.0,
            "전세실거래가":4300.0,
            "전세가율":86.0,
            "장기전세가율평균":72.36,
            "전세가율거품지수":-13.64,
            "검색코드":110242,
            "세대수":1327.0,
            "준공년월":"2001-08-28",
            "준공년차":22.0,
            "가까운역이름":"NA",
            "가까운역거리":"NA",
            "역세권여부":"NA",
            "30분이내주요거점역":"NA",
            "1시간이내주요거점역":"NA",
            "3km이내백화점수":0,
            "5km이내아울렛몰수":0,
            "1km이내대형먀트수":13,
            "500m이내은행수":1,
            "500m이내병원수":0,
            "5km이내대형병원수":0,
            "500m이내공원수":2,
            "3km이내혐오시설수":0,
            "초등학교학업성취도":90.11,
            "중학교학업성취도":65.3,
            "용적률":203,
            "건폐율":22,
            "Y":37.162652,
            "X":128.983218,
            "rank":5.0,
            "area_info":"15평(50.2)",
            "last_sales":"2022-01-12,5000.0,15평(50.2)"
        },
        {
            "index":58,
            "아파트명":"현대",
            "투자타입":"일반",
            "전용면적(m2)":"75.56",
            "전용면적(평)":"22평",
            "법정동주소":"강원도 태백시 황지동 665",
            "도로명주소":"강원도 태백시 해지개길 26",
            "세대수":50,
            "입주년차":0,
            "용적률점수":"--",
            "건폐율점수":"--",
            "세대당주차수":0,
            "난방방식":80,
            "공급면적":"--",
            "전용률":"--",
            "욕실수":50,
            "현관타입":100,
            "주거총점":40.5,
            "지역구공급총점":100.0,
            "역세권":"NA",
            "30분내 이동가능 거점":"NA",
            "1시간내 이동가능 거점":"NA",
            "교통총점":"NA",
            "백화점":0,
            "아울렛몰":0,
            "대형마트":100,
            "은행":0,
            "병원":0,
            "종합병원":0,
            "공원":100,
            "혐오시설":0,
            "인프라총점":18.0,
            "초등학군":90.11,
            "중학군":39.18,
            "학군총점":49.366,
            "인구수":4.41,
            "인구증감":-16.46,
            "인구총점":-1.851,
            "일자리":2.5,
            "소득수준":56.05,
            "일자리총점":18.565,
            "가치 총점":33.7165,
            "매매실거래년":20220107.0,
            "매매실거래가":9550.0,
            "전세실거래년":20200525.0,
            "전세실거래가":1000.0,
            "전세가율":10.47,
            "장기전세가율평균":72.36,
            "전세가율거품지수":61.89,
            "검색코드":6771,
            "세대수":420.0,
            "준공년월":"1996-10-31",
            "준공년차":27.0,
            "가까운역이름":"NA",
            "가까운역거리":"NA",
            "역세권여부":"NA",
            "30분이내주요거점역":"NA",
            "1시간이내주요거점역":"NA",
            "3km이내백화점수":0,
            "5km이내아울렛몰수":0,
            "1km이내대형먀트수":13,
            "500m이내은행수":1,
            "500m이내병원수":1,
            "5km이내대형병원수":0,
            "500m이내공원수":2,
            "3km이내혐오시설수":0,
            "초등학교학업성취도":90.11,
            "중학교학업성취도":65.3,
            "용적률":147,
            "건폐율":15,
            "Y":37.160842,
            "X":128.983104,
            "rank":6.0,
            "area_info":"22평(75.56), 32평(107.45)",
            "last_sales":"2022-01-07,9550.0,22평(75.56)"
        },
        {
            "index":44,
            "아파트명":"이원예체",
            "투자타입":"일반",
            "전용면적(m2)":"114.67",
            "전용면적(평)":"34평",
            "법정동주소":"강원도 태백시 황지동 678",
            "도로명주소":"강원도 태백시 대학길 81",
            "세대수":0,
            "입주년차":40,
            "용적률점수":"--",
            "건폐율점수":"--",
            "세대당주차수":30,
            "난방방식":30,
            "공급면적":"--",
            "전용률":"--",
            "욕실수":100,
            "현관타입":100,
            "주거총점":35.5,
            "지역구공급총점":100.0,
            "역세권":"NA",
            "30분내 이동가능 거점":"NA",
            "1시간내 이동가능 거점":"NA",
            "교통총점":"NA",
            "백화점":0,
            "아울렛몰":0,
            "대형마트":100,
            "은행":0,
            "병원":0,
            "종합병원":0,
            "공원":80,
            "혐오시설":0,
            "인프라총점":17.4,
            "초등학군":90.11,
            "중학군":39.18,
            "학군총점":49.366,
            "인구수":4.41,
            "인구증감":-16.46,
            "인구총점":-1.851,
            "일자리":2.5,
            "소득수준":56.05,
            "일자리총점":18.565,
            "가치 총점":31.7265,
            "매매실거래년":20211122.0,
            "매매실거래가":20800.0,
            "전세실거래년":20200703.0,
            "전세실거래가":13000.0,
            "전세가율":62.5,
            "장기전세가율평균":72.36,
            "전세가율거품지수":9.86,
            "검색코드":102464,
            "세대수":249.0,
            "준공년월":"2007-09-21",
            "준공년차":16.0,
            "가까운역이름":"NA",
            "가까운역거리":"NA",
            "역세권여부":"NA",
            "30분이내주요거점역":"NA",
            "1시간이내주요거점역":"NA",
            "3km이내백화점수":0,
            "5km이내아울렛몰수":0,
            "1km이내대형먀트수":13,
            "500m이내은행수":0,
            "500m이내병원수":0,
            "5km이내대형병원수":0,
            "500m이내공원수":1,
            "3km이내혐오시설수":0,
            "초등학교학업성취도":90.11,
            "중학교학업성취도":65.3,
            "용적률":175,
            "건폐율":16,
            "Y":37.159972,
            "X":128.978218,
            "rank":7.0,
            "area_info":"34평(114.67), 40평(135.31), 46평(155.23)",
            "last_sales":"2021-11-22,20800.0,34평(114.67)"
        },
        {
            "index":1,
            "아파트명":"유브리안",
            "투자타입":"일반",
            "전용면적(m2)":"106.19",
            "전용면적(평)":"32평",
            "법정동주소":"강원도 태백시 문곡동 119",
            "도로명주소":"강원도 태백시 태백로 1650",
            "세대수":0,
            "입주년차":40,
            "용적률점수":"--",
            "건폐율점수":"--",
            "세대당주차수":30,
            "난방방식":30,
            "공급면적":"--",
            "전용률":"--",
            "욕실수":100,
            "현관타입":100,
            "주거총점":35.5,
            "지역구공급총점":100.0,
            "역세권":"NA",
            "30분내 이동가능 거점":"NA",
            "1시간내 이동가능 거점":"NA",
            "교통총점":"NA",
            "백화점":0,
            "아울렛몰":0,
            "대형마트":0,
            "은행":0,
            "병원":0,
            "종합병원":80,
            "공원":0,
            "혐오시설":0,
            "인프라총점":16.0,
            "초등학군":90.0,
            "중학군":35.66,
            "학군총점":46.528,
            "인구수":4.41,
            "인구증감":-16.46,
            "인구총점":-1.851,
            "일자리":2.5,
            "소득수준":56.05,
            "일자리총점":18.565,
            "가치 총점":30.457,
            "매매실거래년":20210503.0,
            "매매실거래가":12600.0,
            "전세실거래년":null,
            "전세실거래가":null,
            "전세가율":null,
            "장기전세가율평균":72.36,
            "전세가율거품지수":null,
            "검색코드":108674,
            "세대수":156.0,
            "준공년월":"2008-03-28",
            "준공년차":15.0,
            "가까운역이름":"NA",
            "가까운역거리":"NA",
            "역세권여부":"NA",
            "30분이내주요거점역":"NA",
            "1시간이내주요거점역":"NA",
            "3km이내백화점수":0,
            "5km이내아울렛몰수":0,
            "1km이내대형먀트수":0,
            "500m이내은행수":0,
            "500m이내병원수":0,
            "5km이내대형병원수":1,
            "500m이내공원수":0,
            "3km이내혐오시설수":0,
            "초등학교학업성취도":90.0,
            "중학교학업성취도":57.1,
            "용적률":184,
            "건폐율":16,
            "Y":37.119971,
            "X":129.003179,
            "rank":8.0,
            "area_info":"32평(106.19), 32평(108.07), 33평(109.55)",
            "last_sales":"2021-05-03,12600.0,33평(109.55)"
        },
        {
            "index":60,
            "아파트명":"황지유진아트빌",
            "투자타입":"일반",
            "전용면적(m2)":"103.68",
            "전용면적(평)":"31평",
            "법정동주소":"강원도 태백시 황지동 220",
            "도로명주소":"강원도 태백시 고원로 61",
            "세대수":0,
            "입주년차":20,
            "용적률점수":"--",
            "건폐율점수":"--",
            "세대당주차수":0,
            "난방방식":30,
            "공급면적":"--",
            "전용률":"--",
            "욕실수":100,
            "현관타입":100,
            "주거총점":27.0,
            "지역구공급총점":100.0,
            "역세권":"NA",
            "30분내 이동가능 거점":"NA",
            "1시간내 이동가능 거점":"NA",
            "교통총점":"NA",
            "백화점":0,
            "아울렛몰":0,
            "대형마트":100,
            "은행":0,
            "병원":10,
            "종합병원":0,
            "공원":80,
            "혐오시설":0,
            "인프라총점":18.4,
            "초등학군":90.11,
            "중학군":39.18,
            "학군총점":49.366,
            "인구수":4.41,
            "인구증감":-16.46,
            "인구총점":-1.851,
            "일자리":2.5,
            "소득수준":56.05,
            "일자리총점":18.565,
            "가치 총점":29.1515,
            "매매실거래년":20211215.0,
            "매매실거래가":16500.0,
            "전세실거래년":null,
            "전세실거래가":null,
            "전세가율":null,
            "장기전세가율평균":72.36,
            "전세가율거품지수":null,
            "검색코드":102465,
            "세대수":255.0,
            "준공년월":"2001-08-27",
            "준공년차":22.0,
            "가까운역이름":"NA",
            "가까운역거리":"NA",
            "역세권여부":"NA",
            "30분이내주요거점역":"NA",
            "1시간이내주요거점역":"NA",
            "3km이내백화점수":0,
            "5km이내아울렛몰수":0,
            "1km이내대형먀트수":13,
            "500m이내은행수":1,
            "500m이내병원수":2,
            "5km이내대형병원수":0,
            "500m이내공원수":1,
            "3km이내혐오시설수":0,
            "초등학교학업성취도":90.11,
            "중학교학업성취도":65.3,
            "용적률":538,
            "건폐율":40,
            "Y":37.16113,
            "X":128.987454,
            "rank":9.0,
            "area_info":"31평(103.68), 31평(104.57), 44평(146.05), 44평(148.07)",
            "last_sales":"2021-12-15,16500.0,44평(146.05)"
        },
        {
            "index":32,
            "아파트명":"선명3차",
            "투자타입":"일반",
            "전용면적(m2)":"83.12",
            "전용면적(평)":"25평",
            "법정동주소":"강원도 태백시 황지동 403-5",
            "도로명주소":"강원도 태백시 대학길 44",
            "세대수":0,
            "입주년차":20,
            "용적률점수":"--",
            "건폐율점수":"--",
            "세대당주차수":0,
            "난방방식":30,
            "공급면적":"--",
            "전용률":"--",
            "욕실수":100,
            "현관타입":100,
            "주거총점":27.0,
            "지역구공급총점":100.0,
            "역세권":"NA",
            "30분내 이동가능 거점":"NA",
            "1시간내 이동가능 거점":"NA",
            "교통총점":"NA",
            "백화점":0,
            "아울렛몰":0,
            "대형마트":100,
            "은행":0,
            "병원":0,
            "종합병원":0,
            "공원":100,
            "혐오시설":0,
            "인프라총점":18.0,
            "초등학군":90.11,
            "중학군":39.18,
            "학군총점":49.366,
            "인구수":4.41,
            "인구증감":-16.46,
            "인구총점":-1.851,
            "일자리":2.5,
            "소득수준":56.05,
            "일자리총점":18.565,
            "가치 총점":28.9915,
            "매매실거래년":20211115.0,
            "매매실거래가":9300.0,
            "전세실거래년":20201205.0,
            "전세실거래가":7000.0,
            "전세가율":75.27,
            "장기전세가율평균":72.36,
            "전세가율거품지수":-2.91,
            "검색코드":100795,
            "세대수":165.0,
            "준공년월":"2000-08-29",
            "준공년차":23.0,
            "가까운역이름":"NA",
            "가까운역거리":"NA",
            "역세권여부":"NA",
            "30분이내주요거점역":"NA",
            "1시간이내주요거점역":"NA",
            "3km이내백화점수":0,
            "5km이내아울렛몰수":0,
            "1km이내대형먀트수":13,
            "500m이내은행수":0,
            "500m이내병원수":0,
            "5km이내대형병원수":0,
            "500m이내공원수":2,
            "3km이내혐오시설수":0,
            "초등학교학업성취도":90.11,
            "중학교학업성취도":65.3,
            "용적률":280,
            "건폐율":23,
            "Y":37.159563,
            "X":128.981883,
            "rank":10.0,
            "area_info":"25평(83.12)",
            "last_sales":"2021-11-15,9300.0,25평(83.12)"
        },
        {
            "index":53,
            "아파트명":"태백남청",
            "투자타입":"일반",
            "전용면적(m2)":"76.99",
            "전용면적(평)":"23평",
            "법정동주소":"강원도 태백시 황지동 74-3",
            "도로명주소":"강원도 태백시 황지남1길 17",
            "세대수":0,
            "입주년차":0,
            "용적률점수":"--",
            "건폐율점수":"--",
            "세대당주차수":0,
            "난방방식":30,
            "공급면적":"--",
            "전용률":"--",
            "욕실수":50,
            "현관타입":100,
            "주거총점":18.0,
            "지역구공급총점":100.0,
            "역세권":"NA",
            "30분내 이동가능 거점":"NA",
            "1시간내 이동가능 거점":"NA",
            "교통총점":"NA",
            "백화점":0,
            "아울렛몰":0,
            "대형마트":100,
            "은행":0,
            "병원":60,
            "종합병원":0,
            "공원":100,
            "혐오시설":0,
            "인프라총점":24.0,
            "초등학군":90.11,
            "중학군":39.18,
            "학군총점":49.366,
            "인구수":4.41,
            "인구증감":-16.46,
            "인구총점":-1.851,
            "일자리":2.5,
            "소득수준":56.05,
            "일자리총점":18.565,
            "가치 총점":28.2415,
            "매매실거래년":20210518.0,
            "매매실거래가":10000.0,
            "전세실거래년":20160224.0,
            "전세실거래가":6000.0,
            "전세가율":77.92,
            "장기전세가율평균":72.36,
            "전세가율거품지수":-5.56,
            "검색코드":6765,
            "세대수":116.0,
            "준공년월":"1997-12-30",
            "준공년차":26.0,
            "가까운역이름":"NA",
            "가까운역거리":"NA",
            "역세권여부":"NA",
            "30분이내주요거점역":"NA",
            "1시간이내주요거점역":"NA",
            "3km이내백화점수":0,
            "5km이내아울렛몰수":0,
            "1km이내대형먀트수":13,
            "500m이내은행수":0,
            "500m이내병원수":11,
            "5km이내대형병원수":0,
            "500m이내공원수":3,
            "3km이내혐오시설수":0,
            "초등학교학업성취도":90.11,
            "중학교학업성취도":65.3,
            "용적률":278,
            "건폐율":29,
            "Y":37.167923,
            "X":128.994096,
            "rank":11.0,
            "area_info":"23평(76.99), 33평(111.89)",
            "last_sales":"2021-05-18,10000.0,33평(111.89)"
        },
        {
            "index":55,
            "아파트명":"태백황지3단지",
            "투자타입":"일반",
            "전용면적(m2)":"67.04",
            "전용면적(평)":"20평",
            "법정동주소":"강원도 태백시 황지동 674",
            "도로명주소":"강원도 태백시 고원로 279",
            "세대수":30,
            "입주년차":40,
            "용적률점수":"--",
            "건폐율점수":"--",
            "세대당주차수":0,
            "난방방식":30,
            "공급면적":"--",
            "전용률":"--",
            "욕실수":50,
            "현관타입":100,
            "주거총점":36.5,
            "지역구공급총점":100.0,
            "역세권":"NA",
            "30분내 이동가능 거점":"NA",
            "1시간내 이동가능 거점":"NA",
            "교통총점":"NA",
            "백화점":0,
            "아울렛몰":0,
            "대형마트":0,
            "은행":0,
            "병원":0,
            "종합병원":0,
            "공원":100,
            "혐오시설":0,
            "인프라총점":3.0,
            "초등학군":83.33,
            "중학군":45.72,
            "학군총점":53.242,
            "인구수":4.41,
            "인구증감":-16.46,
            "인구총점":-1.851,
            "일자리":2.5,
            "소득수준":56.05,
            "일자리총점":18.565,
            "가치 총점":27.2855,
            "매매실거래년":20220105.0,
            "매매실거래가":7000.0,
            "전세실거래년":20190929.0,
            "전세실거래가":6500.0,
            "전세가율":72.22,
            "장기전세가율평균":72.36,
            "전세가율거품지수":0.14,
            "검색코드":106318,
            "세대수":399.0,
            "준공년월":"2004-07-05",
            "준공년차":19.0,
            "가까운역이름":"NA",
            "가까운역거리":"NA",
            "역세권여부":"NA",
            "30분이내주요거점역":"NA",
            "1시간이내주요거점역":"NA",
            "3km이내백화점수":0,
            "5km이내아울렛몰수":0,
            "1km이내대형먀트수":0,
            "500m이내은행수":0,
            "500m이내병원수":0,
            "5km이내대형병원수":0,
            "500m이내공원수":2,
            "3km이내혐오시설수":0,
            "초등학교학업성취도":83.33,
            "중학교학업성취도":76.2,
            "용적률":149,
            "건폐율":13,
            "Y":37.176175,
            "X":128.981321,
            "rank":12.0,
            "area_info":"20평(67.04), 23평(77.86)",
            "last_sales":"2022-01-05,7000.0,23평(77.86)"
        },
        {
            "index":34,
            "아파트명":"에코빌",
            "투자타입":"일반",
            "전용면적(m2)":"112.87",
            "전용면적(평)":"34평",
            "법정동주소":"강원도 태백시 황지동 847",
            "도로명주소":"강원도 태백시 대학길 87",
            "세대수":0,
            "입주년차":80,
            "용적률점수":"--",
            "건폐율점수":"--",
            "세대당주차수":0,
            "난방방식":30,
            "공급면적":"--",
            "전용률":"--",
            "욕실수":100,
            "현관타입":100,
            "주거총점":39.0,
            "지역구공급총점":100.0,
            "역세권":"NA",
            "30분내 이동가능 거점":"NA",
            "1시간내 이동가능 거점":"NA",
            "교통총점":"NA",
            "백화점":0,
            "아울렛몰":0,
            "대형마트":0,
            "은행":0,
            "병원":0,
            "종합병원":0,
            "공원":80,
            "혐오시설":0,
            "인프라총점":2.4,
            "초등학군":90.11,
            "중학군":39.18,
            "학군총점":49.366,
            "인구수":4.41,
            "인구증감":-16.46,
            "인구총점":-1.851,
            "일자리":2.5,
            "소득수준":56.05,
            "일자리총점":18.565,
            "가치 총점":26.9515,
            "매매실거래년":20210830.0,
            "매매실거래가":17600.0,
            "전세실거래년":20160811.0,
            "전세실거래가":12000.0,
            "전세가율":68.18,
            "장기전세가율평균":72.36,
            "전세가율거품지수":4.18,
            "검색코드":107698,
            "세대수":139.0,
            "준공년월":"2014-06-03",
            "준공년차":9.0,
            "가까운역이름":"NA",
            "가까운역거리":"NA",
            "역세권여부":"NA",
            "30분이내주요거점역":"NA",
            "1시간이내주요거점역":"NA",
            "3km이내백화점수":0,
            "5km이내아울렛몰수":0,
            "1km이내대형먀트수":0,
            "500m이내은행수":0,
            "500m이내병원수":0,
            "5km이내대형병원수":0,
            "500m이내공원수":1,
            "3km이내혐오시설수":0,
            "초등학교학업성취도":90.11,
            "중학교학업성취도":65.3,
            "용적률":210,
            "건폐율":18,
            "Y":37.160249,
            "X":128.976319,
            "rank":13.0,
            "area_info":"34평(112.87), 33평(112.05)",
            "last_sales":"2021-08-30,17600.0,34평(112.87)"
        },
        {
            "index":41,
            "아파트명":"유진아트빌3차",
            "투자타입":"일반",
            "전용면적(m2)":"81.24",
            "전용면적(평)":"24평",
            "법정동주소":"강원도 태백시 황지동 676",
            "도로명주소":"강원도 태백시 번영로 150",
            "세대수":0,
            "입주년차":40,
            "용적률점수":"--",
            "건폐율점수":"--",
            "세대당주차수":0,
            "난방방식":30,
            "공급면적":"--",
            "전용률":"--",
            "욕실수":50,
            "현관타입":100,
            "주거총점":26.0,
            "지역구공급총점":100.0,
            "역세권":"NA",
            "30분내 이동가능 거점":"NA",
            "1시간내 이동가능 거점":"NA",
            "교통총점":"NA",
            "백화점":0,
            "아울렛몰":0,
            "대형마트":100,
            "은행":0,
            "병원":0,
            "종합병원":0,
            "공원":0,
            "혐오시설":0,
            "인프라총점":15.0,
            "초등학군":90.11,
            "중학군":36.36,
            "학군총점":47.11,
            "인구수":4.41,
            "인구증감":-16.46,
            "인구총점":-1.851,
            "일자리":2.5,
            "소득수준":56.05,
            "일자리총점":18.565,
            "가치 총점":26.8775,
            "매매실거래년":20210930.0,
            "매매실거래가":19500.0,
            "전세실거래년":20210511.0,
            "전세실거래가":8000.0,
            "전세가율":72.73,
            "장기전세가율평균":72.36,
            "전세가율거품지수":-0.37,
            "검색코드":102463,
            "세대수":124.0,
            "준공년월":"2006-12-20",
            "준공년차":17.0,
            "가까운역이름":"NA",
            "가까운역거리":"NA",
            "역세권여부":"NA",
            "30분이내주요거점역":"NA",
            "1시간이내주요거점역":"NA",
            "3km이내백화점수":0,
            "5km이내아울렛몰수":0,
            "1km이내대형먀트수":13,
            "500m이내은행수":0,
            "500m이내병원수":1,
            "5km이내대형병원수":0,
            "500m이내공원수":0,
            "3km이내혐오시설수":0,
            "초등학교학업성취도":90.11,
            "중학교학업성취도":60.6,
            "용적률":217,
            "건폐율":16,
            "Y":37.157113,
            "X":128.987188,
            "rank":14.0,
            "area_info":"24평(81.24), 33평(112.26), 44평(145.93)",
            "last_sales":"2021-09-30,19500.0,33평(112.26)"
        },
        {
            "index":37,
            "아파트명":"유진아트빌2차",
            "투자타입":"일반",
            "전용면적(m2)":"83.59",
            "전용면적(평)":"25평",
            "법정동주소":"강원도 태백시 황지동 200-13",
            "도로명주소":"강원도 태백시 번영로 154",
            "세대수":0,
            "입주년차":20,
            "용적률점수":"--",
            "건폐율점수":"--",
            "세대당주차수":0,
            "난방방식":30,
            "공급면적":"--",
            "전용률":"--",
            "욕실수":50,
            "현관타입":100,
            "주거총점":22.0,
            "지역구공급총점":100.0,
            "역세권":"NA",
            "30분내 이동가능 거점":"NA",
            "1시간내 이동가능 거점":"NA",
            "교통총점":"NA",
            "백화점":0,
            "아울렛몰":0,
            "대형마트":100,
            "은행":0,
            "병원":10,
            "종합병원":0,
            "공원":0,
            "혐오시설":0,
            "인프라총점":16.0,
            "초등학군":90.11,
            "중학군":39.18,
            "학군총점":49.366,
            "인구수":4.41,
            "인구증감":-16.46,
            "인구총점":-1.851,
            "일자리":2.5,
            "소득수준":56.05,
            "일자리총점":18.565,
            "가치 총점":26.4415,
            "매매실거래년":20211229.0,
            "매매실거래가":17400.0,
            "전세실거래년":20140425.0,
            "전세실거래가":8500.0,
            "전세가율":65.38,
            "장기전세가율평균":72.36,
            "전세가율거품지수":6.98,
            "검색코드":100797,
            "세대수":296.0,
            "준공년월":"2002-12-24",
            "준공년차":21.0,
            "가까운역이름":"NA",
            "가까운역거리":"NA",
            "역세권여부":"NA",
            "30분이내주요거점역":"NA",
            "1시간이내주요거점역":"NA",
            "3km이내백화점수":0,
            "5km이내아울렛몰수":0,
            "1km이내대형먀트수":13,
            "500m이내은행수":0,
            "500m이내병원수":2,
            "5km이내대형병원수":0,
            "500m이내공원수":0,
            "3km이내혐오시설수":0,
            "초등학교학업성취도":90.11,
            "중학교학업성취도":65.3,
            "용적률":233,
            "건폐율":21,
            "Y":37.158038,
            "X":128.987628,
            "rank":15.0,
            "area_info":"25평(83.59), 25평(83.02), 33평(109.4), 32평(109.03)",
            "last_sales":"2021-12-29,17400.0,33평(109.4)"
        },
        {
            "index":47,
            "아파트명":"주공2차",
            "투자타입":"재건축",
            "전용면적(m2)":"45.12",
            "전용면적(평)":"13평",
            "법정동주소":"강원도 태백시 황지동 87-8",
            "도로명주소":"강원도 태백시 황지로 29",
            "세대수":50,
            "입주년차":"--",
            "용적률점수":0,
            "건폐율점수":0,
            "세대당주차수":"--",
            "난방방식":"--",
            "공급면적":50,
            "전용률":80,
            "욕실수":"--",
            "현관타입":"--",
            "주거총점":21.5,
            "지역구공급총점":100.0,
            "역세권":"NA",
            "30분내 이동가능 거점":"NA",
            "1시간내 이동가능 거점":"NA",
            "교통총점":"NA",
            "백화점":0,
            "아울렛몰":0,
            "대형마트":100,
            "은행":0,
            "병원":10,
            "종합병원":0,
            "공원":0,
            "혐오시설":0,
            "인프라총점":16.0,
            "초등학군":90.11,
            "중학군":39.18,
            "학군총점":49.366,
            "인구수":4.41,
            "인구증감":-16.46,
            "인구총점":-1.851,
            "일자리":2.5,
            "소득수준":56.05,
            "일자리총점":18.565,
            "가치 총점":26.2665,
            "매매실거래년":20211227.0,
            "매매실거래가":4300.0,
            "전세실거래년":20210602.0,
            "전세실거래가":3300.0,
            "전세가율":73.33,
            "장기전세가율평균":72.36,
            "전세가율거품지수":-0.97,
            "검색코드":6769,
            "세대수":560.0,
            "준공년월":"1985-12-05",
            "준공년차":38.0,
            "가까운역이름":"NA",
            "가까운역거리":"NA",
            "역세권여부":"NA",
            "30분이내주요거점역":"NA",
            "1시간이내주요거점역":"NA",
            "3km이내백화점수":0,
            "5km이내아울렛몰수":0,
            "1km이내대형먀트수":13,
            "500m이내은행수":1,
            "500m이내병원수":2,
            "5km이내대형병원수":0,
            "500m이내공원수":0,
            "3km이내혐오시설수":0,
            "초등학교학업성취도":90.11,
            "중학교학업성취도":65.3,
            "용적률":0,
            "건폐율":0,
            "Y":37.161002,
            "X":128.988792,
            "rank":16.0,
            "area_info":"13평(45.12), 15평(52.5)",
            "last_sales":"2021-12-27,4300.0,15평(52.5)"
        },
        {
            "index":7,
            "아파트명":"홍익베스트빌",
            "투자타입":"일반",
            "전용면적(m2)":"88.37",
            "전용면적(평)":"26평",
            "법정동주소":"강원도 태백시 장성동 133-1",
            "도로명주소":"강원도 태백시 하장성6길 42",
            "세대수":0,
            "입주년차":20,
            "용적률점수":"--",
            "건폐율점수":"--",
            "세대당주차수":0,
            "난방방식":30,
            "공급면적":"--",
            "전용률":"--",
            "욕실수":50,
            "현관타입":100,
            "주거총점":22.0,
            "지역구공급총점":100.0,
            "역세권":"NA",
            "30분내 이동가능 거점":"NA",
            "1시간내 이동가능 거점":"NA",
            "교통총점":"NA",
            "백화점":0,
            "아울렛몰":0,
            "대형마트":0,
            "은행":0,
            "병원":0,
            "종합병원":80,
            "공원":0,
            "혐오시설":0,
            "인프라총점":16.0,
            "초등학군":92.13,
            "중학군":35.66,
            "학군총점":46.954,
            "인구수":4.41,
            "인구증감":-16.46,
            "인구총점":-1.851,
            "일자리":2.5,
            "소득수준":56.05,
            "일자리총점":18.565,
            "가치 총점":25.8385,
            "매매실거래년":20211231.0,
            "매매실거래가":10600.0,
            "전세실거래년":20190228.0,
            "전세실거래가":3000.0,
            "전세가율":37.5,
            "장기전세가율평균":72.36,
            "전세가율거품지수":34.86,
            "검색코드":101044,
            "세대수":120.0,
            "준공년월":"2003-07-03",
            "준공년차":20.0,
            "가까운역이름":"NA",
            "가까운역거리":"NA",
            "역세권여부":"NA",
            "30분이내주요거점역":"NA",
            "1시간이내주요거점역":"NA",
            "3km이내백화점수":0,
            "5km이내아울렛몰수":0,
            "1km이내대형먀트수":0,
            "500m이내은행수":0,
            "500m이내병원수":0,
            "5km이내대형병원수":1,
            "500m이내공원수":0,
            "3km이내혐오시설수":0,
            "초등학교학업성취도":92.13,
            "중학교학업성취도":57.1,
            "용적률":273,
            "건폐율":26,
            "Y":37.098565,
            "X":129.017398,
            "rank":17.0,
            "area_info":"26평(88.37), 26평(88.38), 37평(124.58), 37평(125.37)",
            "last_sales":"2021-12-31,10600.0,37평(124.58)"
        },
        {
            "index":4,
            "아파트명":"목련2차",
            "투자타입":"일반",
            "전용면적(m2)":"57.54",
            "전용면적(평)":"17평",
            "법정동주소":"강원도 태백시 소도동 5-1",
            "도로명주소":"강원도 태백시 소도길 83",
            "세대수":0,
            "입주년차":0,
            "용적률점수":"--",
            "건폐율점수":"--",
            "세대당주차수":0,
            "난방방식":30,
            "공급면적":"--",
            "전용률":"--",
            "욕실수":50,
            "현관타입":100,
            "주거총점":18.0,
            "지역구공급총점":100.0,
            "역세권":"NA",
            "30분내 이동가능 거점":"NA",
            "1시간내 이동가능 거점":"NA",
            "교통총점":"NA",
            "백화점":0,
            "아울렛몰":0,
            "대형마트":0,
            "은행":0,
            "병원":0,
            "종합병원":80,
            "공원":0,
            "혐오시설":0,
            "인프라총점":16.0,
            "초등학군":86.43,
            "중학군":42.9,
            "학군총점":51.606,
            "인구수":4.41,
            "인구증감":-16.46,
            "인구총점":-1.851,
            "일자리":2.5,
            "소득수준":56.05,
            "일자리총점":18.565,
            "가치 총점":25.6015,
            "매매실거래년":20211108.0,
            "매매실거래가":3800.0,
            "전세실거래년":20140519.0,
            "전세실거래가":3000.0,
            "전세가율":78.95,
            "장기전세가율평균":72.36,
            "전세가율거품지수":-6.59,
            "검색코드":104219,
            "세대수":120.0,
            "준공년월":"1995-07-14",
            "준공년차":28.0,
            "가까운역이름":"NA",
            "가까운역거리":"NA",
            "역세권여부":"NA",
            "30분이내주요거점역":"NA",
            "1시간이내주요거점역":"NA",
            "3km이내백화점수":0,
            "5km이내아울렛몰수":0,
            "1km이내대형먀트수":0,
            "500m이내은행수":0,
            "500m이내병원수":0,
            "5km이내대형병원수":1,
            "500m이내공원수":0,
            "3km이내혐오시설수":0,
            "초등학교학업성취도":86.43,
            "중학교학업성취도":71.5,
            "용적률":97,
            "건폐율":25,
            "Y":37.139661,
            "X":128.977191,
            "rank":18.0,
            "area_info":"17평(57.54)",
            "last_sales":"2021-11-08,3800.0,17평(57.54)"
        },
        {
            "index":64,
            "아파트명":"황지주공1차",
            "투자타입":"재건축",
            "전용면적(m2)":"43.97",
            "전용면적(평)":"13평",
            "법정동주소":"강원도 태백시 황지동 229-16",
            "도로명주소":"강원도 태백시 감천로 7",
            "세대수":30,
            "입주년차":"--",
            "용적률점수":0,
            "건폐율점수":0,
            "세대당주차수":"--",
            "난방방식":"--",
            "공급면적":50,
            "전용률":80,
            "욕실수":"--",
            "현관타입":"--",
            "주거총점":15.5,
            "지역구공급총점":100.0,
            "역세권":"NA",
            "30분내 이동가능 거점":"NA",
            "1시간내 이동가능 거점":"NA",
            "교통총점":"NA",
            "백화점":0,
            "아울렛몰":0,
            "대형마트":100,
            "은행":0,
            "병원":10,
            "종합병원":0,
            "공원":80,
            "혐오시설":0,
            "인프라총점":18.4,
            "초등학군":90.11,
            "중학군":39.18,
            "학군총점":49.366,
            "인구수":4.41,
            "인구증감":-16.46,
            "인구총점":-1.851,
            "일자리":2.5,
            "소득수준":56.05,
            "일자리총점":18.565,
            "가치 총점":25.1265,
            "매매실거래년":20220110.0,
            "매매실거래가":4300.0,
            "전세실거래년":20200703.0,
            "전세실거래가":2500.0,
            "전세가율":58.14,
            "장기전세가율평균":72.36,
            "전세가율거품지수":14.22,
            "검색코드":6766,
            "세대수":300.0,
            "준공년월":"1983-08-29",
            "준공년차":40.0,
            "가까운역이름":"NA",
            "가까운역거리":"NA",
            "역세권여부":"NA",
            "30분이내주요거점역":"NA",
            "1시간이내주요거점역":"NA",
            "3km이내백화점수":0,
            "5km이내아울렛몰수":0,
            "1km이내대형먀트수":13,
            "500m이내은행수":1,
            "500m이내병원수":2,
            "5km이내대형병원수":0,
            "500m이내공원수":1,
            "3km이내혐오시설수":0,
            "초등학교학업성취도":90.11,
            "중학교학업성취도":65.3,
            "용적률":0,
            "건폐율":0,
            "Y":37.160205,
            "X":128.987025,
            "rank":19.0,
            "area_info":"13평(43.97), 13평(44.78), 15평(51.09), 15평(51.13)",
            "last_sales":"2022-01-10,4300.0,13평(43.97)"
        },
        {
            "index":28,
            "아파트명":"대윤",
            "투자타입":"재건축",
            "전용면적(m2)":"44.28",
            "전용면적(평)":"13평",
            "법정동주소":"강원도 태백시 황지동 49-87",
            "도로명주소":"강원도 태백시 고원로 167",
            "세대수":0,
            "입주년차":"--",
            "용적률점수":0,
            "건폐율점수":0,
            "세대당주차수":"--",
            "난방방식":"--",
            "공급면적":50,
            "전용률":80,
            "욕실수":"--",
            "현관타입":"--",
            "주거총점":6.5,
            "지역구공급총점":100.0,
            "역세권":"NA",
            "30분내 이동가능 거점":"NA",
            "1시간내 이동가능 거점":"NA",
            "교통총점":"NA",
            "백화점":0,
            "아울렛몰":0,
            "대형마트":100,
            "은행":0,
            "병원":60,
            "종합병원":0,
            "공원":100,
            "혐오시설":0,
            "인프라총점":24.0,
            "초등학군":90.11,
            "중학군":39.18,
            "학군총점":49.366,
            "인구수":4.41,
            "인구증감":-16.46,
            "인구총점":-1.851,
            "일자리":2.5,
            "소득수준":56.05,
            "일자리총점":18.565,
            "가치 총점":24.2165,
            "매매실거래년":20211224.0,
            "매매실거래가":6800.0,
            "전세실거래년":20190120.0,
            "전세실거래가":1500.0,
            "전세가율":28.3,
            "장기전세가율평균":72.36,
            "전세가율거품지수":44.06,
            "검색코드":128794,
            "세대수":130.0,
            "준공년월":"1988-10-25",
            "준공년차":35.0,
            "가까운역이름":"NA",
            "가까운역거리":"NA",
            "역세권여부":"NA",
            "30분이내주요거점역":"NA",
            "1시간이내주요거점역":"NA",
            "3km이내백화점수":0,
            "5km이내아울렛몰수":0,
            "1km이내대형먀트수":13,
            "500m이내은행수":1,
            "500m이내병원수":24,
            "5km이내대형병원수":0,
            "500m이내공원수":3,
            "3km이내혐오시설수":0,
            "초등학교학업성취도":90.11,
            "중학교학업성취도":65.3,
            "용적률":0,
            "건폐율":0,
            "Y":37.170045,
            "X":128.989922,
            "rank":20.0,
            "area_info":"13평(44.28), 14평(46.98), 17평(58.41), 19평(63.0)",
            "last_sales":"2021-12-24,6800.0,17평(58.41)"
        },
        {
            "index":18,
            "아파트명":"대산하이츠빌",
            "투자타입":"일반",
            "전용면적(m2)":"82.88",
            "전용면적(평)":"25평",
            "법정동주소":"강원도 태백시 황지동 24",
            "도로명주소":"강원도 태백시 풀미당골길 35",
            "세대수":0,
            "입주년차":20,
            "용적률점수":"--",
            "건폐율점수":"--",
            "세대당주차수":0,
            "난방방식":30,
            "공급면적":"--",
            "전용률":"--",
            "욕실수":50,
            "현관타입":100,
            "주거총점":22.0,
            "지역구공급총점":100.0,
            "역세권":"NA",
            "30분내 이동가능 거점":"NA",
            "1시간내 이동가능 거점":"NA",
            "교통총점":"NA",
            "백화점":0,
            "아울렛몰":0,
            "대형마트":0,
            "은행":0,
            "병원":60,
            "종합병원":0,
            "공원":100,
            "혐오시설":0,
            "인프라총점":9.0,
            "초등학군":90.11,
            "중학군":39.18,
            "학군총점":49.366,
            "인구수":4.41,
            "인구증감":-16.46,
            "인구총점":-1.851,
            "일자리":2.5,
            "소득수준":56.05,
            "일자리총점":18.565,
            "가치 총점":23.6415,
            "매매실거래년":20220103.0,
            "매매실거래가":13000.0,
            "전세실거래년":20200902.0,
            "전세실거래가":9000.0,
            "전세가율":75.0,
            "장기전세가율평균":72.36,
            "전세가율거품지수":-2.64,
            "검색코드":27493,
            "세대수":246.0,
            "준공년월":"2002-12-24",
            "준공년차":21.0,
            "가까운역이름":"NA",
            "가까운역거리":"NA",
            "역세권여부":"NA",
            "30분이내주요거점역":"NA",
            "1시간이내주요거점역":"NA",
            "3km이내백화점수":0,
            "5km이내아울렛몰수":0,
            "1km이내대형먀트수":0,
            "500m이내은행수":1,
            "500m이내병원수":18,
            "5km이내대형병원수":0,
            "500m이내공원수":5,
            "3km이내혐오시설수":0,
            "초등학교학업성취도":90.11,
            "중학교학업성취도":65.3,
            "용적률":413,
            "건폐율":29,
            "Y":37.171447,
            "X":128.995043,
            "rank":21.0,
            "area_info":"25평(82.88), 25평(83.19), 32평(107.59), 35평(116.88)",
            "last_sales":"2022-01-03,13000.0,25평(83.19)"
        },
        {
            "index":13,
            "아파트명":"선명브라이튼",
            "투자타입":"일반",
            "전용면적(m2)":"80.34",
            "전용면적(평)":"24평",
            "법정동주소":"강원도 태백시 화전동 328",
            "도로명주소":"강원도 태백시 수아밭길 212",
            "세대수":0,
            "입주년차":40,
            "용적률점수":"--",
            "건폐율점수":"--",
            "세대당주차수":0,
            "난방방식":30,
            "공급면적":"--",
            "전용률":"--",
            "욕실수":50,
            "현관타입":100,
            "주거총점":26.0,
            "지역구공급총점":100.0,
            "역세권":"NA",
            "30분내 이동가능 거점":"NA",
            "1시간내 이동가능 거점":"NA",
            "교통총점":"NA",
            "백화점":0,
            "아울렛몰":0,
            "대형마트":0,
            "은행":0,
            "병원":0,
            "종합병원":0,
            "공원":0,
            "혐오시설":0,
            "인프라총점":0.0,
            "초등학군":83.33,
            "중학군":45.72,
            "학군총점":53.242,
            "인구수":4.41,
            "인구증감":-16.46,
            "인구총점":-1.851,
            "일자리":2.5,
            "소득수준":56.05,
            "일자리총점":18.565,
            "가치 총점":22.4105,
            "매매실거래년":20211124.0,
            "매매실거래가":10850.0,
            "전세실거래년":20170421.0,
            "전세실거래가":8500.0,
            "전세가율":78.34,
            "장기전세가율평균":72.36,
            "전세가율거품지수":-5.98,
            "검색코드":101646,
            "세대수":180.0,
            "준공년월":"2006-06-30",
            "준공년차":17.0,
            "가까운역이름":"NA",
            "가까운역거리":"NA",
            "역세권여부":"NA",
            "30분이내주요거점역":"NA",
            "1시간이내주요거점역":"NA",
            "3km이내백화점수":0,
            "5km이내아울렛몰수":0,
            "1km이내대형먀트수":0,
            "500m이내은행수":0,
            "500m이내병원수":0,
            "5km이내대형병원수":0,
            "500m이내공원수":0,
            "3km이내혐오시설수":0,
            "초등학교학업성취도":83.33,
            "중학교학업성취도":76.2,
            "용적률":0,
            "건폐율":0,
            "Y":37.18236,
            "X":128.968822,
            "rank":22.0,
            "area_info":"24평(80.34), 32평(106.54)",
            "last_sales":"2021-11-24,10850.0,24평(80.34)"
        },
        {
            "index":11,
            "아파트명":"철암장미",
            "투자타입":"일반",
            "전용면적(m2)":"68.47",
            "전용면적(평)":"20평",
            "법정동주소":"강원도 태백시 철암동 435-169",
            "도로명주소":"강원도 태백시 삼방길 35",
            "세대수":0,
            "입주년차":20,
            "용적률점수":"--",
            "건폐율점수":"--",
            "세대당주차수":0,
            "난방방식":30,
            "공급면적":"--",
            "전용률":"--",
            "욕실수":50,
            "현관타입":10,
            "주거총점":13.0,
            "지역구공급총점":100.0,
            "역세권":"NA",
            "30분내 이동가능 거점":"NA",
            "1시간내 이동가능 거점":"NA",
            "교통총점":"NA",
            "백화점":0,
            "아울렛몰":0,
            "대형마트":0,
            "은행":0,
            "병원":0,
            "종합병원":80,
            "공원":80,
            "혐오시설":0,
            "인프라총점":18.4,
            "초등학군":99.52,
            "중학군":27.6,
            "학군총점":41.984,
            "인구수":4.41,
            "인구증감":-16.46,
            "인구총점":-1.851,
            "일자리":2.5,
            "소득수준":56.05,
            "일자리총점":18.565,
            "가치 총점":22.406,
            "매매실거래년":20211006.0,
            "매매실거래가":3700.0,
            "전세실거래년":20210611.0,
            "전세실거래가":3500.0,
            "전세가율":94.59,
            "장기전세가율평균":72.36,
            "전세가율거품지수":-22.23,
            "검색코드":102341,
            "세대수":100.0,
            "준공년월":"2000-08-10",
            "준공년차":23.0,
            "가까운역이름":"NA",
            "가까운역거리":"NA",
            "역세권여부":"NA",
            "30분이내주요거점역":"NA",
            "1시간이내주요거점역":"NA",
            "3km이내백화점수":0,
            "5km이내아울렛몰수":0,
            "1km이내대형먀트수":0,
            "500m이내은행수":0,
            "500m이내병원수":0,
            "5km이내대형병원수":1,
            "500m이내공원수":1,
            "3km이내혐오시설수":0,
            "초등학교학업성취도":99.52,
            "중학교학업성취도":46.0,
            "용적률":73,
            "건폐율":20,
            "Y":37.116182,
            "X":129.042309,
            "rank":23.0,
            "area_info":"20평(68.47)",
            "last_sales":"2021-10-06,3700.0,20평(68.47)"
        },
        {
            "index":0,
            "아파트명":"태백동점",
            "투자타입":"재건축",
            "전용면적(m2)":"45.12",
            "전용면적(평)":"13평",
            "법정동주소":"강원도 태백시 동점동 74",
            "도로명주소":"강원도 태백시 동태백로 130",
            "세대수":30,
            "입주년차":"--",
            "용적률점수":0,
            "건폐율점수":0,
            "세대당주차수":"--",
            "난방방식":"--",
            "공급면적":50,
            "전용률":80,
            "욕실수":"--",
            "현관타입":"--",
            "주거총점":15.5,
            "지역구공급총점":100.0,
            "역세권":"NA",
            "30분내 이동가능 거점":"NA",
            "1시간내 이동가능 거점":"NA",
            "교통총점":"NA",
            "백화점":0,
            "아울렛몰":0,
            "대형마트":0,
            "은행":0,
            "병원":0,
            "종합병원":80,
            "공원":0,
            "혐오시설":0,
            "인프라총점":16.0,
            "초등학군":90.0,
            "중학군":29.1,
            "학군총점":41.28,
            "인구수":4.41,
            "인구증감":-16.46,
            "인구총점":-1.851,
            "일자리":2.5,
            "소득수준":56.05,
            "일자리총점":18.565,
            "가치 총점":22.145,
            "매매실거래년":20211228.0,
            "매매실거래가":1550.0,
            "전세실거래년":20211110.0,
            "전세실거래가":2000.0,
            "전세가율":129.03,
            "장기전세가율평균":72.36,
            "전세가율거품지수":-56.67,
            "검색코드":114915,
            "세대수":300.0,
            "준공년월":"1986-12-10",
            "준공년차":37.0,
            "가까운역이름":"NA",
            "가까운역거리":"NA",
            "역세권여부":"NA",
            "30분이내주요거점역":"NA",
            "1시간이내주요거점역":"NA",
            "3km이내백화점수":0,
            "5km이내아울렛몰수":0,
            "1km이내대형먀트수":0,
            "500m이내은행수":0,
            "500m이내병원수":0,
            "5km이내대형병원수":1,
            "500m이내공원수":0,
            "3km이내혐오시설수":0,
            "초등학교학업성취도":90.0,
            "중학교학업성취도":48.5,
            "용적률":0,
            "건폐율":0,
            "Y":37.09658,
            "X":129.048617,
            "rank":24.0,
            "area_info":"13평(45.12)",
            "last_sales":"2021-12-28,1550.0,13평(45.12)"
        },
        {
            "index":15,
            "아파트명":"태백팔마",
            "투자타입":"일반",
            "전용면적(m2)":"78.58",
            "전용면적(평)":"23평",
            "법정동주소":"강원도 태백시 화전동 48-1",
            "도로명주소":"강원도 태백시 수아밭길 182",
            "세대수":0,
            "입주년차":20,
            "용적률점수":"--",
            "건폐율점수":"--",
            "세대당주차수":0,
            "난방방식":30,
            "공급면적":"--",
            "전용률":"--",
            "욕실수":50,
            "현관타입":100,
            "주거총점":22.0,
            "지역구공급총점":100.0,
            "역세권":"NA",
            "30분내 이동가능 거점":"NA",
            "1시간내 이동가능 거점":"NA",
            "교통총점":"NA",
            "백화점":0,
            "아울렛몰":0,
            "대형마트":0,
            "은행":0,
            "병원":0,
            "종합병원":0,
            "공원":0,
            "혐오시설":0,
            "인프라총점":0.0,
            "초등학군":83.33,
            "중학군":45.72,
            "학군총점":53.242,
            "인구수":4.41,
            "인구증감":-16.46,
            "인구총점":-1.851,
            "일자리":2.5,
            "소득수준":56.05,
            "일자리총점":18.565,
            "가치 총점":21.0105,
            "매매실거래년":20210518.0,
            "매매실거래가":11650.0,
            "전세실거래년":20150617.0,
            "전세실거래가":6000.0,
            "전세가율":67.42,
            "장기전세가율평균":72.36,
            "전세가율거품지수":4.94,
            "검색코드":100794,
            "세대수":192.0,
            "준공년월":"2001-10-12",
            "준공년차":22.0,
            "가까운역이름":"NA",
            "가까운역거리":"NA",
            "역세권여부":"NA",
            "30분이내주요거점역":"NA",
            "1시간이내주요거점역":"NA",
            "3km이내백화점수":0,
            "5km이내아울렛몰수":0,
            "1km이내대형먀트수":0,
            "500m이내은행수":0,
            "500m이내병원수":0,
            "5km이내대형병원수":0,
            "500m이내공원수":0,
            "3km이내혐오시설수":0,
            "초등학교학업성취도":83.33,
            "중학교학업성취도":76.2,
            "용적률":0,
            "건폐율":0,
            "Y":37.181157,
            "X":128.969437,
            "rank":25.0,
            "area_info":"23평(78.58), 25평(82.74), 31평(104.33)",
            "last_sales":"2021-05-18,11650.0,31평(104.33)"
        },
        {
            "index":33,
            "아파트명":"선명5차",
            "투자타입":"일반",
            "전용면적(m2)":"95.8",
            "전용면적(평)":"28평",
            "법정동주소":"강원도 태백시 황지동 621-277",
            "도로명주소":"강원도 태백시 장수길 47",
            "세대수":0,
            "입주년차":20,
            "용적률점수":"--",
            "건폐율점수":"--",
            "세대당주차수":0,
            "난방방식":30,
            "공급면적":"--",
            "전용률":"--",
            "욕실수":100,
            "현관타입":10,
            "주거총점":18.0,
            "지역구공급총점":100.0,
            "역세권":"NA",
            "30분내 이동가능 거점":"NA",
            "1시간내 이동가능 거점":"NA",
            "교통총점":"NA",
            "백화점":0,
            "아울렛몰":0,
            "대형마트":0,
            "은행":0,
            "병원":0,
            "종합병원":0,
            "공원":100,
            "혐오시설":0,
            "인프라총점":3.0,
            "초등학군":81.82,
            "중학군":45.72,
            "학군총점":52.94,
            "인구수":4.41,
            "인구증감":-16.46,
            "인구총점":-1.851,
            "일자리":2.5,
            "소득수준":56.05,
            "일자리총점":18.565,
            "가치 총점":20.735,
            "매매실거래년":20210510.0,
            "매매실거래가":9200.0,
            "전세실거래년":20210321.0,
            "전세실거래가":7500.0,
            "전세가율":81.52,
            "장기전세가율평균":72.36,
            "전세가율거품지수":-9.16,
            "검색코드":106314,
            "세대수":130.0,
            "준공년월":"2001-10-30",
            "준공년차":22.0,
            "가까운역이름":"NA",
            "가까운역거리":"NA",
            "역세권여부":"NA",
            "30분이내주요거점역":"NA",
            "1시간이내주요거점역":"NA",
            "3km이내백화점수":0,
            "5km이내아울렛몰수":0,
            "1km이내대형먀트수":0,
            "500m이내은행수":0,
            "500m이내병원수":0,
            "5km이내대형병원수":0,
            "500m이내공원수":2,
            "3km이내혐오시설수":0,
            "초등학교학업성취도":81.82,
            "중학교학업성취도":76.2,
            "용적률":398,
            "건폐율":30,
            "Y":37.180568,
            "X":128.985117,
            "rank":26.0,
            "area_info":"28평(95.8)",
            "last_sales":"2021-05-10,9200.0,28평(95.8)"
        },
        {
            "index":52,
            "아파트명":"청록",
            "투자타입":"재건축",
            "전용면적(m2)":"50.76",
            "전용면적(평)":"15평",
            "법정동주소":"강원도 태백시 황지동 136-1",
            "도로명주소":"강원도 태백시 태백산로 5138",
            "세대수":0,
            "입주년차":"--",
            "용적률점수":0,
            "건폐율점수":0,
            "세대당주차수":"--",
            "난방방식":"--",
            "공급면적":50,
            "전용률":80,
            "욕실수":"--",
            "현관타입":"--",
            "주거총점":6.5,
            "지역구공급총점":100.0,
            "역세권":"NA",
            "30분내 이동가능 거점":"NA",
            "1시간내 이동가능 거점":"NA",
            "교통총점":"NA",
            "백화점":0,
            "아울렛몰":0,
            "대형마트":0,
            "은행":0,
            "병원":0,
            "종합병원":80,
            "공원":0,
            "혐오시설":0,
            "인프라총점":16.0,
            "초등학군":84.74,
            "중학군":36.36,
            "학군총점":46.036,
            "인구수":4.41,
            "인구증감":-16.46,
            "인구총점":-1.851,
            "일자리":2.5,
            "소득수준":56.05,
            "일자리총점":18.565,
            "가치 총점":20.184,
            "매매실거래년":20211030.0,
            "매매실거래가":3600.0,
            "전세실거래년":20210319.0,
            "전세실거래가":1500.0,
            "전세가율":41.67,
            "장기전세가율평균":72.36,
            "전세가율거품지수":30.69,
            "검색코드":121909,
            "세대수":100.0,
            "준공년월":"1991-10-28",
            "준공년차":32.0,
            "가까운역이름":"NA",
            "가까운역거리":"NA",
            "역세권여부":"NA",
            "30분이내주요거점역":"NA",
            "1시간이내주요거점역":"NA",
            "3km이내백화점수":0,
            "5km이내아울렛몰수":0,
            "1km이내대형먀트수":0,
            "500m이내은행수":0,
            "500m이내병원수":0,
            "5km이내대형병원수":1,
            "500m이내공원수":0,
            "3km이내혐오시설수":0,
            "초등학교학업성취도":84.74,
            "중학교학업성취도":60.6,
            "용적률":0,
            "건폐율":0,
            "Y":37.145515,
            "X":128.993875,
            "rank":27.0,
            "area_info":"15평(50.76)",
            "last_sales":"2021-10-30,3600.0,15평(50.76)"
        },
        {
            "index":12,
            "아파트명":"하나",
            "투자타입":"재건축",
            "전용면적(m2)":"51.26",
            "전용면적(평)":"15평",
            "법정동주소":"강원도 태백시 통동 225",
            "도로명주소":"강원도 태백시 솔안길 140",
            "세대수":30,
            "입주년차":"--",
            "용적률점수":0,
            "건폐율점수":0,
            "세대당주차수":"--",
            "난방방식":"--",
            "공급면적":50,
            "전용률":80,
            "욕실수":"--",
            "현관타입":"--",
            "주거총점":15.5,
            "지역구공급총점":100.0,
            "역세권":"NA",
            "30분내 이동가능 거점":"NA",
            "1시간내 이동가능 거점":"NA",
            "교통총점":"NA",
            "백화점":0,
            "아울렛몰":0,
            "대형마트":0,
            "은행":0,
            "병원":0,
            "종합병원":0,
            "공원":0,
            "혐오시설":0,
            "인프라총점":0.0,
            "초등학군":88.48,
            "중학군":39.18,
            "학군총점":49.04,
            "인구수":4.41,
            "인구증감":-16.46,
            "인구총점":-1.851,
            "일자리":2.5,
            "소득수준":56.05,
            "일자리총점":18.565,
            "가치 총점":17.685,
            "매매실거래년":"18000101",
            "매매실거래가":null,
            "전세실거래년":null,
            "전세실거래가":null,
            "전세가율":null,
            "장기전세가율평균":72.36,
            "전세가율거품지수":null,
            "검색코드":114930,
            "세대수":390.0,
            "준공년월":"1986-12-01",
            "준공년차":37.0,
            "가까운역이름":"NA",
            "가까운역거리":"NA",
            "역세권여부":"NA",
            "30분이내주요거점역":"NA",
            "1시간이내주요거점역":"NA",
            "3km이내백화점수":0,
            "5km이내아울렛몰수":0,
            "1km이내대형먀트수":0,
            "500m이내은행수":0,
            "500m이내병원수":0,
            "5km이내대형병원수":0,
            "500m이내공원수":0,
            "3km이내혐오시설수":0,
            "초등학교학업성취도":88.48,
            "중학교학업성취도":65.3,
            "용적률":0,
            "건폐율":0,
            "Y":37.164861,
            "X":129.026323,
            "rank":28.0,
            "area_info":"15평(51.26)",
            "last_sales":"1800-01-01,nan,15평(51.26)"
        }
    ]
}