{
    "schema":{
        "fields":[
            {
                "name":"index",
                "type":"integer"
            },
            {
                "name":"아파트명",
                "type":"string"
            },
            {
                "name":"투자타입",
                "type":"string"
            },
            {
                "name":"전용면적(m2)",
                "type":"string"
            },
            {
                "name":"전용면적(평)",
                "type":"string"
            },
            {
                "name":"법정동주소",
                "type":"string"
            },
            {
                "name":"도로명주소",
                "type":"string"
            },
            {
                "name":"세대수",
                "type":"integer"
            },
            {
                "name":"입주년차",
                "type":"string"
            },
            {
                "name":"용적률점수",
                "type":"string"
            },
            {
                "name":"건폐율점수",
                "type":"string"
            },
            {
                "name":"세대당주차수",
                "type":"string"
            },
            {
                "name":"난방방식",
                "type":"string"
            },
            {
                "name":"공급면적",
                "type":"string"
            },
            {
                "name":"전용률",
                "type":"string"
            },
            {
                "name":"욕실수",
                "type":"string"
            },
            {
                "name":"현관타입",
                "type":"string"
            },
            {
                "name":"주거총점",
                "type":"number"
            },
            {
                "name":"지역구공급총점",
                "type":"number"
            },
            {
                "name":"역세권",
                "type":"string"
            },
            {
                "name":"30분내 이동가능 거점",
                "type":"string"
            },
            {
                "name":"1시간내 이동가능 거점",
                "type":"string"
            },
            {
                "name":"교통총점",
                "type":"string"
            },
            {
                "name":"백화점",
                "type":"integer"
            },
            {
                "name":"아울렛몰",
                "type":"integer"
            },
            {
                "name":"대형마트",
                "type":"integer"
            },
            {
                "name":"은행",
                "type":"integer"
            },
            {
                "name":"병원",
                "type":"integer"
            },
            {
                "name":"종합병원",
                "type":"integer"
            },
            {
                "name":"공원",
                "type":"integer"
            },
            {
                "name":"혐오시설",
                "type":"integer"
            },
            {
                "name":"인프라총점",
                "type":"number"
            },
            {
                "name":"초등학군",
                "type":"number"
            },
            {
                "name":"중학군",
                "type":"number"
            },
            {
                "name":"학군총점",
                "type":"number"
            },
            {
                "name":"인구수",
                "type":"number"
            },
            {
                "name":"인구증감",
                "type":"number"
            },
            {
                "name":"인구총점",
                "type":"number"
            },
            {
                "name":"일자리",
                "type":"number"
            },
            {
                "name":"소득수준",
                "type":"number"
            },
            {
                "name":"일자리총점",
                "type":"number"
            },
            {
                "name":"가치 총점",
                "type":"number"
            },
            {
                "name":"매매실거래년",
                "type":"string"
            },
            {
                "name":"매매실거래가",
                "type":"number"
            },
            {
                "name":"전세실거래년",
                "type":"number"
            },
            {
                "name":"전세실거래가",
                "type":"number"
            },
            {
                "name":"전세가율",
                "type":"number"
            },
            {
                "name":"장기전세가율평균",
                "type":"number"
            },
            {
                "name":"전세가율거품지수",
                "type":"number"
            },
            {
                "name":"검색코드",
                "type":"integer"
            },
            {
                "name":"세대수",
                "type":"number"
            },
            {
                "name":"준공년월",
                "type":"string"
            },
            {
                "name":"준공년차",
                "type":"number"
            },
            {
                "name":"가까운역이름",
                "type":"string"
            },
            {
                "name":"가까운역거리",
                "type":"string"
            },
            {
                "name":"역세권여부",
                "type":"string"
            },
            {
                "name":"30분이내주요거점역",
                "type":"string"
            },
            {
                "name":"1시간이내주요거점역",
                "type":"string"
            },
            {
                "name":"3km이내백화점수",
                "type":"integer"
            },
            {
                "name":"5km이내아울렛몰수",
                "type":"integer"
            },
            {
                "name":"1km이내대형먀트수",
                "type":"integer"
            },
            {
                "name":"500m이내은행수",
                "type":"integer"
            },
            {
                "name":"500m이내병원수",
                "type":"integer"
            },
            {
                "name":"5km이내대형병원수",
                "type":"integer"
            },
            {
                "name":"500m이내공원수",
                "type":"integer"
            },
            {
                "name":"3km이내혐오시설수",
                "type":"integer"
            },
            {
                "name":"초등학교학업성취도",
                "type":"number"
            },
            {
                "name":"중학교학업성취도",
                "type":"number"
            },
            {
                "name":"용적률",
                "type":"integer"
            },
            {
                "name":"건폐율",
                "type":"integer"
            },
            {
                "name":"Y",
                "type":"number"
            },
            {
                "name":"X",
                "type":"number"
            },
            {
                "name":"rank",
                "type":"number"
            },
            {
                "name":"area_info",
                "type":"string"
            },
            {
                "name":"last_sales",
                "type":"string"
            }
        ],
        "primaryKey":[
            "index"
        ],
        "pandas_version":"1.4.0"
    },
    "data":[
        {
            "index":243,
            "아파트명":"두산위브지웰시티2차",
            "투자타입":"일반",
            "전용면적(m2)":"112.88",
            "전용면적(평)":"34평",
            "법정동주소":"충청북도 청주시 흥덕구 복대동 3381",
            "도로명주소":"충청북도 청주시 흥덕구 대농로 55",
            "세대수":100,
            "입주년차":80,
            "용적률점수":"--",
            "건폐율점수":"--",
            "세대당주차수":60,
            "난방방식":100,
            "공급면적":"--",
            "전용률":"--",
            "욕실수":100,
            "현관타입":100,
            "주거총점":90.0,
            "지역구공급총점":0.0,
            "역세권":"NA",
            "30분내 이동가능 거점":"NA",
            "1시간내 이동가능 거점":"NA",
            "교통총점":"NA",
            "백화점":100,
            "아울렛몰":80,
            "대형마트":80,
            "은행":0,
            "병원":80,
            "종합병원":100,
            "공원":100,
            "혐오시설":0,
            "인프라총점":81.0,
            "초등학군":93.88,
            "중학군":57.46,
            "학군총점":64.744,
            "인구수":30.77,
            "인구증감":4.59,
            "인구총점":22.916,
            "일자리":9.7,
            "소득수준":60.34,
            "일자리총점":24.892,
            "가치 총점":80.086,
            "매매실거래년":20211213.0,
            "매매실거래가":68000.0,
            "전세실거래년":20211215.0,
            "전세실거래가":54000.0,
            "전세가율":79.41,
            "장기전세가율평균":74.66,
            "전세가율거품지수":-4.75,
            "검색코드":104637,
            "세대수":1956.0,
            "준공년월":"2015-06-02",
            "준공년차":8.0,
            "가까운역이름":"NA",
            "가까운역거리":"NA",
            "역세권여부":"NA",
            "30분이내주요거점역":"NA",
            "1시간이내주요거점역":"NA",
            "3km이내백화점수":1,
            "5km이내아울렛몰수":1,
            "1km이내대형먀트수":1,
            "500m이내은행수":1,
            "500m이내병원수":43,
            "5km이내대형병원수":3,
            "500m이내공원수":4,
            "3km이내혐오시설수":0,
            "초등학교학업성취도":93.88,
            "중학교학업성취도":92.7,
            "용적률":420,
            "건폐율":29,
            "Y":36.643547,
            "X":127.429262,
            "rank":1.0,
            "area_info":"34평(112.88), 34평(113.05), 34평(113.43)",
            "last_sales":"2021-12-13,68000.0,34평(112.88)"
        },
        {
            "index":280,
            "아파트명":"신영지웰시티1차",
            "투자타입":"일반",
            "전용면적(m2)":"128.72",
            "전용면적(평)":"38평",
            "법정동주소":"충청북도 청주시 흥덕구 복대동 3379",
            "도로명주소":"충청북도 청주시 흥덕구 대농로 17",
            "세대수":100,
            "입주년차":60,
            "용적률점수":"--",
            "건폐율점수":"--",
            "세대당주차수":80,
            "난방방식":100,
            "공급면적":"--",
            "전용률":"--",
            "욕실수":100,
            "현관타입":100,
            "주거총점":89.0,
            "지역구공급총점":0.0,
            "역세권":"NA",
            "30분내 이동가능 거점":"NA",
            "1시간내 이동가능 거점":"NA",
            "교통총점":"NA",
            "백화점":100,
            "아울렛몰":80,
            "대형마트":80,
            "은행":0,
            "병원":80,
            "종합병원":100,
            "공원":100,
            "혐오시설":0,
            "인프라총점":81.0,
            "초등학군":93.88,
            "중학군":57.46,
            "학군총점":64.744,
            "인구수":30.77,
            "인구증감":4.59,
            "인구총점":22.916,
            "일자리":9.7,
            "소득수준":60.34,
            "일자리총점":24.892,
            "가치 총점":79.736,
            "매매실거래년":20211213.0,
            "매매실거래가":148000.0,
            "전세실거래년":20220106.0,
            "전세실거래가":31500.0,
            "전세가율":48.54,
            "장기전세가율평균":74.66,
            "전세가율거품지수":26.12,
            "검색코드":27182,
            "세대수":2164.0,
            "준공년월":"2010-06-30",
            "준공년차":13.0,
            "가까운역이름":"NA",
            "가까운역거리":"NA",
            "역세권여부":"NA",
            "30분이내주요거점역":"NA",
            "1시간이내주요거점역":"NA",
            "3km이내백화점수":1,
            "5km이내아울렛몰수":1,
            "1km이내대형먀트수":1,
            "500m이내은행수":1,
            "500m이내병원수":45,
            "5km이내대형병원수":3,
            "500m이내공원수":2,
            "3km이내혐오시설수":0,
            "초등학교학업성취도":93.88,
            "중학교학업성취도":92.7,
            "용적률":582,
            "건폐율":30,
            "Y":36.643941,
            "X":127.424932,
            "rank":2.0,
            "area_info":"38평(128.72), 49평(162.08), 59평(198.23), 63평(211.19), 77평(255.79)",
            "last_sales":"2021-12-13,148000.0,59평(198.23)"
        },
        {
            "index":299,
            "아파트명":"청주지웰시티푸르지오",
            "투자타입":"일반",
            "전용면적(m2)":"106.1",
            "전용면적(평)":"32평",
            "법정동주소":"충청북도 청주시 흥덕구 복대동 3404",
            "도로명주소":"충청북도 청주시 흥덕구 대농로 45",
            "세대수":50,
            "입주년차":100,
            "용적률점수":"--",
            "건폐율점수":"--",
            "세대당주차수":60,
            "난방방식":100,
            "공급면적":"--",
            "전용률":"--",
            "욕실수":100,
            "현관타입":100,
            "주거총점":76.5,
            "지역구공급총점":0.0,
            "역세권":"NA",
            "30분내 이동가능 거점":"NA",
            "1시간내 이동가능 거점":"NA",
            "교통총점":"NA",
            "백화점":100,
            "아울렛몰":80,
            "대형마트":80,
            "은행":0,
            "병원":80,
            "종합병원":100,
            "공원":80,
            "혐오시설":0,
            "인프라총점":80.4,
            "초등학군":93.88,
            "중학군":57.46,
            "학군총점":64.744,
            "인구수":30.77,
            "인구증감":4.59,
            "인구총점":22.916,
            "일자리":9.7,
            "소득수준":60.34,
            "일자리총점":24.892,
            "가치 총점":75.121,
            "매매실거래년":20211116.0,
            "매매실거래가":75000.0,
            "전세실거래년":20220103.0,
            "전세실거래가":42000.0,
            "전세가율":71.19,
            "장기전세가율평균":74.66,
            "전세가율거품지수":3.47,
            "검색코드":112420,
            "세대수":466.0,
            "준공년월":"2019-10-02",
            "준공년차":4.0,
            "가까운역이름":"NA",
            "가까운역거리":"NA",
            "역세권여부":"NA",
            "30분이내주요거점역":"NA",
            "1시간이내주요거점역":"NA",
            "3km이내백화점수":1,
            "5km이내아울렛몰수":1,
            "1km이내대형먀트수":1,
            "500m이내은행수":1,
            "500m이내병원수":43,
            "5km이내대형병원수":3,
            "500m이내공원수":1,
            "3km이내혐오시설수":0,
            "초등학교학업성취도":93.88,
            "중학교학업성취도":92.7,
            "용적률":794,
            "건폐율":67,
            "Y":36.644515,
            "X":127.42815,
            "rank":3.0,
            "area_info":"32평(106.1), 32평(107.29), 37평(125.29), 38평(126.44), 38평(126.44), 38평(126.13), 38평(126.12)",
            "last_sales":"2021-11-16,75000.0,38평(126.13)"
        },
        {
            "index":285,
            "아파트명":"신영지웰홈스",
            "투자타입":"일반",
            "전용면적(m2)":"110.81",
            "전용면적(평)":"33평",
            "법정동주소":"충청북도 청주시 흥덕구 복대동 3377",
            "도로명주소":"충청북도 청주시 흥덕구 진재로103번길 37",
            "세대수":50,
            "입주년차":60,
            "용적률점수":"--",
            "건폐율점수":"--",
            "세대당주차수":60,
            "난방방식":100,
            "공급면적":"--",
            "전용률":"--",
            "욕실수":100,
            "현관타입":100,
            "주거총점":68.5,
            "지역구공급총점":0.0,
            "역세권":"NA",
            "30분내 이동가능 거점":"NA",
            "1시간내 이동가능 거점":"NA",
            "교통총점":"NA",
            "백화점":100,
            "아울렛몰":80,
            "대형마트":80,
            "은행":0,
            "병원":80,
            "종합병원":100,
            "공원":100,
            "혐오시설":0,
            "인프라총점":81.0,
            "초등학군":93.88,
            "중학군":57.46,
            "학군총점":64.744,
            "인구수":30.77,
            "인구증감":4.59,
            "인구총점":22.916,
            "일자리":9.7,
            "소득수준":60.34,
            "일자리총점":24.892,
            "가치 총점":72.561,
            "매매실거래년":20211121.0,
            "매매실거래가":49700.0,
            "전세실거래년":20211224.0,
            "전세실거래가":37000.0,
            "전세가율":69.81,
            "장기전세가율평균":74.66,
            "전세가율거품지수":4.85,
            "검색코드":26493,
            "세대수":452.0,
            "준공년월":"2009-12-15",
            "준공년차":14.0,
            "가까운역이름":"NA",
            "가까운역거리":"NA",
            "역세권여부":"NA",
            "30분이내주요거점역":"NA",
            "1시간이내주요거점역":"NA",
            "3km이내백화점수":1,
            "5km이내아울렛몰수":1,
            "1km이내대형먀트수":1,
            "500m이내은행수":1,
            "500m이내병원수":44,
            "5km이내대형병원수":3,
            "500m이내공원수":3,
            "3km이내혐오시설수":0,
            "초등학교학업성취도":93.88,
            "중학교학업성취도":92.7,
            "용적률":221,
            "건폐율":24,
            "Y":36.639595,
            "X":127.428207,
            "rank":4.0,
            "area_info":"33평(110.81), 33평(110.75), 33평(111.49), 47평(156.81), 68평(225.57)",
            "last_sales":"2021-11-21,49700.0,33평(110.75)"
        },
        {
            "index":62,
            "아파트명":"청주가경아이파크",
            "투자타입":"일반",
            "전용면적(m2)":"79.34",
            "전용면적(평)":"24평",
            "법정동주소":"충청북도 청주시 흥덕구 가경동 2220",
            "도로명주소":"충청북도 청주시 흥덕구 서현로 66",
            "세대수":90,
            "입주년차":100,
            "용적률점수":"--",
            "건폐율점수":"--",
            "세대당주차수":60,
            "난방방식":100,
            "공급면적":"--",
            "전용률":"--",
            "욕실수":100,
            "현관타입":100,
            "주거총점":90.5,
            "지역구공급총점":0.0,
            "역세권":"NA",
            "30분내 이동가능 거점":"NA",
            "1시간내 이동가능 거점":"NA",
            "교통총점":"NA",
            "백화점":100,
            "아울렛몰":80,
            "대형마트":0,
            "은행":0,
            "병원":30,
            "종합병원":100,
            "공원":100,
            "혐오시설":0,
            "인프라총점":64.0,
            "초등학군":95.53,
            "중학군":51.98,
            "학군총점":60.69,
            "인구수":30.77,
            "인구증감":4.59,
            "인구총점":22.916,
            "일자리":9.7,
            "소득수준":60.34,
            "일자리총점":24.892,
            "가치 총점":72.4475,
            "매매실거래년":20211229.0,
            "매매실거래가":66000.0,
            "전세실거래년":20211006.0,
            "전세실거래가":22000.0,
            "전세가율":46.81,
            "장기전세가율평균":74.66,
            "전세가율거품지수":27.85,
            "검색코드":114461,
            "세대수":905.0,
            "준공년월":"2019-04-24",
            "준공년차":4.0,
            "가까운역이름":"NA",
            "가까운역거리":"NA",
            "역세권여부":"NA",
            "30분이내주요거점역":"NA",
            "1시간이내주요거점역":"NA",
            "3km이내백화점수":1,
            "5km이내아울렛몰수":1,
            "1km이내대형먀트수":0,
            "500m이내은행수":0,
            "500m이내병원수":5,
            "5km이내대형병원수":3,
            "500m이내공원수":3,
            "3km이내혐오시설수":0,
            "초등학교학업성취도":95.53,
            "중학교학업성취도":83.7,
            "용적률":229,
            "건폐율":14,
            "Y":36.617889,
            "X":127.43126,
            "rank":5.0,
            "area_info":"24평(79.34), 28평(95.69), 33평(110.25), 38평(128.28), 43평(145.02), 44평(145.83), 45평(149.01)",
            "last_sales":"2021-12-29,66000.0,33평(110.25)"
        },
        {
            "index":41,
            "아파트명":"가로수마을호반베르디움",
            "투자타입":"일반",
            "전용면적(m2)":"111.55",
            "전용면적(평)":"33평",
            "법정동주소":"충청북도 청주시 흥덕구 가경동 1759",
            "도로명주소":"충청북도 청주시 흥덕구 서현중로 47",
            "세대수":50,
            "입주년차":40,
            "용적률점수":"--",
            "건폐율점수":"--",
            "세대당주차수":60,
            "난방방식":100,
            "공급면적":"--",
            "전용률":"--",
            "욕실수":100,
            "현관타입":100,
            "주거총점":64.5,
            "지역구공급총점":0.0,
            "역세권":"NA",
            "30분내 이동가능 거점":"NA",
            "1시간내 이동가능 거점":"NA",
            "교통총점":"NA",
            "백화점":100,
            "아울렛몰":80,
            "대형마트":80,
            "은행":20,
            "병원":80,
            "종합병원":100,
            "공원":100,
            "혐오시설":0,
            "인프라총점":83.0,
            "초등학군":95.53,
            "중학군":51.98,
            "학군총점":60.69,
            "인구수":30.77,
            "인구증감":4.59,
            "인구총점":22.916,
            "일자리":9.7,
            "소득수준":60.34,
            "일자리총점":24.892,
            "가치 총점":70.9475,
            "매매실거래년":20211229.0,
            "매매실거래가":44900.0,
            "전세실거래년":20211122.0,
            "전세실거래가":29000.0,
            "전세가율":62.1,
            "장기전세가율평균":74.66,
            "전세가율거품지수":12.56,
            "검색코드":26163,
            "세대수":459.0,
            "준공년월":"2008-08-06",
            "준공년차":15.0,
            "가까운역이름":"NA",
            "가까운역거리":"NA",
            "역세권여부":"NA",
            "30분이내주요거점역":"NA",
            "1시간이내주요거점역":"NA",
            "3km이내백화점수":1,
            "5km이내아울렛몰수":1,
            "1km이내대형먀트수":1,
            "500m이내은행수":2,
            "500m이내병원수":35,
            "5km이내대형병원수":3,
            "500m이내공원수":4,
            "3km이내혐오시설수":0,
            "초등학교학업성취도":95.53,
            "중학교학업성취도":83.7,
            "용적률":209,
            "건폐율":21,
            "Y":36.622579,
            "X":127.428031,
            "rank":6.0,
            "area_info":"33평(111.55), 34평(112.69), 34평(112.84)",
            "last_sales":"2021-12-29,44900.0,34평(112.84)"
        },
        {
            "index":35,
            "아파트명":"가로수마을한라비발디",
            "투자타입":"일반",
            "전용면적(m2)":"112.58",
            "전용면적(평)":"34평",
            "법정동주소":"충청북도 청주시 흥덕구 가경동 1761",
            "도로명주소":"충청북도 청주시 흥덕구 서현서로 40",
            "세대수":50,
            "입주년차":40,
            "용적률점수":"--",
            "건폐율점수":"--",
            "세대당주차수":60,
            "난방방식":100,
            "공급면적":"--",
            "전용률":"--",
            "욕실수":100,
            "현관타입":100,
            "주거총점":64.5,
            "지역구공급총점":0.0,
            "역세권":"NA",
            "30분내 이동가능 거점":"NA",
            "1시간내 이동가능 거점":"NA",
            "교통총점":"NA",
            "백화점":100,
            "아울렛몰":80,
            "대형마트":80,
            "은행":0,
            "병원":60,
            "종합병원":100,
            "공원":100,
            "혐오시설":0,
            "인프라총점":79.0,
            "초등학군":95.53,
            "중학군":51.98,
            "학군총점":60.69,
            "인구수":30.77,
            "인구증감":4.59,
            "인구총점":22.916,
            "일자리":9.7,
            "소득수준":60.34,
            "일자리총점":24.892,
            "가치 총점":69.3475,
            "매매실거래년":20211223.0,
            "매매실거래가":42500.0,
            "전세실거래년":20211228.0,
            "전세실거래가":26000.0,
            "전세가율":61.18,
            "장기전세가율평균":74.66,
            "전세가율거품지수":13.48,
            "검색코드":26151,
            "세대수":416.0,
            "준공년월":"2008-08-12",
            "준공년차":15.0,
            "가까운역이름":"NA",
            "가까운역거리":"NA",
            "역세권여부":"NA",
            "30분이내주요거점역":"NA",
            "1시간이내주요거점역":"NA",
            "3km이내백화점수":1,
            "5km이내아울렛몰수":1,
            "1km이내대형먀트수":1,
            "500m이내은행수":0,
            "500m이내병원수":17,
            "5km이내대형병원수":3,
            "500m이내공원수":2,
            "3km이내혐오시설수":0,
            "초등학교학업성취도":95.53,
            "중학교학업성취도":83.7,
            "용적률":210,
            "건폐율":21,
            "Y":36.621699,
            "X":127.426696,
            "rank":7.0,
            "area_info":"34평(112.58), 34평(112.85), 34평(112.89), 34평(114.15), 35평(116.27), 35평(117.52)",
            "last_sales":"2021-12-23,42500.0,34평(112.58)"
        },
        {
            "index":444,
            "아파트명":"서청주파크자이",
            "투자타입":"일반",
            "전용면적(m2)":"82.15",
            "전용면적(평)":"24평",
            "법정동주소":"충청북도 청주시 흥덕구 비하동 824",
            "도로명주소":"충청북도 청주시 흥덕구 2순환로 1106",
            "세대수":90,
            "입주년차":100,
            "용적률점수":"--",
            "건폐율점수":"--",
            "세대당주차수":60,
            "난방방식":30,
            "공급면적":"--",
            "전용률":"--",
            "욕실수":100,
            "현관타입":100,
            "주거총점":83.5,
            "지역구공급총점":0.0,
            "역세권":"NA",
            "30분내 이동가능 거점":"NA",
            "1시간내 이동가능 거점":"NA",
            "교통총점":"NA",
            "백화점":100,
            "아울렛몰":80,
            "대형마트":0,
            "은행":0,
            "병원":30,
            "종합병원":100,
            "공원":100,
            "혐오시설":0,
            "인프라총점":64.0,
            "초등학군":88.48,
            "중학군":50.0,
            "학군총점":57.696,
            "인구수":30.77,
            "인구증감":4.59,
            "인구총점":22.916,
            "일자리":9.7,
            "소득수준":60.34,
            "일자리총점":24.892,
            "가치 총점":69.249,
            "매매실거래년":20211215.0,
            "매매실거래가":42500.0,
            "전세실거래년":20211209.0,
            "전세실거래가":35000.0,
            "전세가율":82.35,
            "장기전세가율평균":74.66,
            "전세가율거품지수":-7.69,
            "검색코드":116558,
            "세대수":1495.0,
            "준공년월":"2019-09-26",
            "준공년차":4.0,
            "가까운역이름":"NA",
            "가까운역거리":"NA",
            "역세권여부":"NA",
            "30분이내주요거점역":"NA",
            "1시간이내주요거점역":"NA",
            "3km이내백화점수":1,
            "5km이내아울렛몰수":1,
            "1km이내대형먀트수":0,
            "500m이내은행수":0,
            "500m이내병원수":6,
            "5km이내대형병원수":3,
            "500m이내공원수":3,
            "3km이내혐오시설수":0,
            "초등학교학업성취도":88.48,
            "중학교학업성취도":81.8,
            "용적률":228,
            "건폐율":15,
            "Y":36.635192,
            "X":127.421499,
            "rank":8.0,
            "area_info":"24평(82.15), 29평(98.71), 33평(112.23), 34평(112.44), 41평(138.18)",
            "last_sales":"2021-12-15,42500.0,24평(82.15)"
        },
        {
            "index":292,
            "아파트명":"영조아름다운나날1차",
            "투자타입":"일반",
            "전용면적(m2)":"76.26",
            "전용면적(평)":"23평",
            "법정동주소":"충청북도 청주시 흥덕구 복대동 2456",
            "도로명주소":"충청북도 청주시 흥덕구 증안로 21",
            "세대수":90,
            "입주년차":20,
            "용적률점수":"--",
            "건폐율점수":"--",
            "세대당주차수":0,
            "난방방식":100,
            "공급면적":"--",
            "전용률":"--",
            "욕실수":50,
            "현관타입":100,
            "주거총점":60.5,
            "지역구공급총점":0.0,
            "역세권":"NA",
            "30분내 이동가능 거점":"NA",
            "1시간내 이동가능 거점":"NA",
            "교통총점":"NA",
            "백화점":100,
            "아울렛몰":80,
            "대형마트":80,
            "은행":0,
            "병원":60,
            "종합병원":100,
            "공원":100,
            "혐오시설":0,
            "인프라총점":79.0,
            "초등학군":93.88,
            "중학군":57.46,
            "학군총점":64.744,
            "인구수":30.77,
            "인구증감":4.59,
            "인구총점":22.916,
            "일자리":9.7,
            "소득수준":60.34,
            "일자리총점":24.892,
            "가치 총점":68.961,
            "매매실거래년":20220105.0,
            "매매실거래가":22400.0,
            "전세실거래년":20211231.0,
            "전세실거래가":14700.0,
            "전세가율":65.62,
            "장기전세가율평균":74.66,
            "전세가율거품지수":9.04,
            "검색코드":12832,
            "세대수":952.0,
            "준공년월":"2003-10-16",
            "준공년차":20.0,
            "가까운역이름":"NA",
            "가까운역거리":"NA",
            "역세권여부":"NA",
            "30분이내주요거점역":"NA",
            "1시간이내주요거점역":"NA",
            "3km이내백화점수":1,
            "5km이내아울렛몰수":1,
            "1km이내대형먀트수":1,
            "500m이내은행수":1,
            "500m이내병원수":14,
            "5km이내대형병원수":3,
            "500m이내공원수":4,
            "3km이내혐오시설수":0,
            "초등학교학업성취도":93.88,
            "중학교학업성취도":92.7,
            "용적률":219,
            "건폐율":19,
            "Y":36.638008,
            "X":127.424383,
            "rank":9.0,
            "area_info":"23평(76.26), 23평(76.36)",
            "last_sales":"2022-01-05,22400.0,23평(76.26)"
        },
        {
            "index":258,
            "아파트명":"복대두진하트리움",
            "투자타입":"일반",
            "전용면적(m2)":"85.86",
            "전용면적(평)":"25평",
            "법정동주소":"충청북도 청주시 흥덕구 복대동 3382",
            "도로명주소":"충청북도 청주시 흥덕구 죽천로 27",
            "세대수":30,
            "입주년차":80,
            "용적률점수":"--",
            "건폐율점수":"--",
            "세대당주차수":30,
            "난방방식":30,
            "공급면적":"--",
            "전용률":"--",
            "욕실수":100,
            "현관타입":100,
            "주거총점":54.0,
            "지역구공급총점":0.0,
            "역세권":"NA",
            "30분내 이동가능 거점":"NA",
            "1시간내 이동가능 거점":"NA",
            "교통총점":"NA",
            "백화점":100,
            "아울렛몰":80,
            "대형마트":80,
            "은행":0,
            "병원":80,
            "종합병원":100,
            "공원":100,
            "혐오시설":0,
            "인프라총점":81.0,
            "초등학군":93.88,
            "중학군":57.46,
            "학군총점":64.744,
            "인구수":30.77,
            "인구증감":4.59,
            "인구총점":22.916,
            "일자리":9.7,
            "소득수준":60.34,
            "일자리총점":24.892,
            "가치 총점":67.486,
            "매매실거래년":20211127.0,
            "매매실거래가":45000.0,
            "전세실거래년":20211108.0,
            "전세실거래가":23100.0,
            "전세가율":51.33,
            "장기전세가율평균":74.66,
            "전세가율거품지수":23.33,
            "검색코드":106972,
            "세대수":356.0,
            "준공년월":"2015-11-13",
            "준공년차":8.0,
            "가까운역이름":"NA",
            "가까운역거리":"NA",
            "역세권여부":"NA",
            "30분이내주요거점역":"NA",
            "1시간이내주요거점역":"NA",
            "3km이내백화점수":1,
            "5km이내아울렛몰수":1,
            "1km이내대형먀트수":1,
            "500m이내은행수":0,
            "500m이내병원수":47,
            "5km이내대형병원수":3,
            "500m이내공원수":2,
            "3km이내혐오시설수":0,
            "초등학교학업성취도":93.88,
            "중학교학업성취도":92.7,
            "용적률":228,
            "건폐율":18,
            "Y":36.639404,
            "X":127.425688,
            "rank":10.0,
            "area_info":"25평(85.86), 33평(109.59), 33평(109.42), 33평(109.23)",
            "last_sales":"2021-11-27,45000.0,25평(85.86)"
        },
        {
            "index":223,
            "아파트명":"금호어울림1단지",
            "투자타입":"일반",
            "전용면적(m2)":"114.15",
            "전용면적(평)":"34평",
            "법정동주소":"충청북도 청주시 흥덕구 복대동 3366",
            "도로명주소":"충청북도 청주시 흥덕구 대신로73번길 14",
            "세대수":50,
            "입주년차":60,
            "용적률점수":"--",
            "건폐율점수":"--",
            "세대당주차수":60,
            "난방방식":80,
            "공급면적":"--",
            "전용률":"--",
            "욕실수":100,
            "현관타입":100,
            "주거총점":66.5,
            "지역구공급총점":0.0,
            "역세권":"NA",
            "30분내 이동가능 거점":"NA",
            "1시간내 이동가능 거점":"NA",
            "교통총점":"NA",
            "백화점":100,
            "아울렛몰":80,
            "대형마트":0,
            "은행":0,
            "병원":60,
            "종합병원":100,
            "공원":100,
            "혐오시설":0,
            "인프라총점":67.0,
            "초등학군":91.02,
            "중학군":57.46,
            "학군총점":64.172,
            "인구수":30.77,
            "인구증감":4.59,
            "인구총점":22.916,
            "일자리":9.7,
            "소득수준":60.34,
            "일자리총점":24.892,
            "가치 총점":66.118,
            "매매실거래년":20211215.0,
            "매매실거래가":70000.0,
            "전세실거래년":20211023.0,
            "전세실거래가":23000.0,
            "전세가율":47.92,
            "장기전세가율평균":74.66,
            "전세가율거품지수":26.74,
            "검색코드":26189,
            "세대수":648.0,
            "준공년월":"2009-02-27",
            "준공년차":14.0,
            "가까운역이름":"NA",
            "가까운역거리":"NA",
            "역세권여부":"NA",
            "30분이내주요거점역":"NA",
            "1시간이내주요거점역":"NA",
            "3km이내백화점수":1,
            "5km이내아울렛몰수":1,
            "1km이내대형먀트수":0,
            "500m이내은행수":1,
            "500m이내병원수":10,
            "5km이내대형병원수":3,
            "500m이내공원수":3,
            "3km이내혐오시설수":0,
            "초등학교학업성취도":91.02,
            "중학교학업성취도":92.7,
            "용적률":229,
            "건폐율":20,
            "Y":36.640908,
            "X":127.434625,
            "rank":11.0,
            "area_info":"34평(114.15), 37평(125.13), 37평(125.22), 46평(152.64), 49평(164.73), 49평(164.19), 77평(256.6)",
            "last_sales":"2021-12-15,70000.0,49평(164.73)"
        },
        {
            "index":322,
            "아파트명":"현대2차",
            "투자타입":"일반",
            "전용면적(m2)":"77.38",
            "전용면적(평)":"23평",
            "법정동주소":"충청북도 청주시 흥덕구 복대동 3029",
            "도로명주소":"충청북도 청주시 흥덕구 증안로 77",
            "세대수":90,
            "입주년차":20,
            "용적률점수":"--",
            "건폐율점수":"--",
            "세대당주차수":30,
            "난방방식":100,
            "공급면적":"--",
            "전용률":"--",
            "욕실수":100,
            "현관타입":100,
            "주거총점":70.0,
            "지역구공급총점":0.0,
            "역세권":"NA",
            "30분내 이동가능 거점":"NA",
            "1시간내 이동가능 거점":"NA",
            "교통총점":"NA",
            "백화점":100,
            "아울렛몰":80,
            "대형마트":0,
            "은행":0,
            "병원":30,
            "종합병원":100,
            "공원":100,
            "혐오시설":0,
            "인프라총점":64.0,
            "초등학군":88.38,
            "중학군":57.46,
            "학군총점":63.644,
            "인구수":30.77,
            "인구증감":4.59,
            "인구총점":22.916,
            "일자리":9.7,
            "소득수준":60.34,
            "일자리총점":24.892,
            "가치 총점":66.011,
            "매매실거래년":20220107.0,
            "매매실거래가":24000.0,
            "전세실거래년":20220114.0,
            "전세실거래가":23000.0,
            "전세가율":95.83,
            "장기전세가율평균":74.66,
            "전세가율거품지수":-21.17,
            "검색코드":7372,
            "세대수":1464.0,
            "준공년월":"1999-05-26",
            "준공년차":24.0,
            "가까운역이름":"NA",
            "가까운역거리":"NA",
            "역세권여부":"NA",
            "30분이내주요거점역":"NA",
            "1시간이내주요거점역":"NA",
            "3km이내백화점수":1,
            "5km이내아울렛몰수":1,
            "1km이내대형먀트수":0,
            "500m이내은행수":1,
            "500m이내병원수":8,
            "5km이내대형병원수":3,
            "500m이내공원수":4,
            "3km이내혐오시설수":0,
            "초등학교학업성취도":88.38,
            "중학교학업성취도":92.7,
            "용적률":203,
            "건폐율":20,
            "Y":36.636929,
            "X":127.432364,
            "rank":12.0,
            "area_info":"23평(77.38), 23평(77.53)",
            "last_sales":"2022-01-07,24000.0,23평(77.38)"
        },
        {
            "index":456,
            "아파트명":"청주비하대광로제비앙1차",
            "투자타입":"일반",
            "전용면적(m2)":"112.69",
            "전용면적(평)":"34평",
            "법정동주소":"충청북도 청주시 흥덕구 비하동 823",
            "도로명주소":"충청북도 청주시 흥덕구 가로수로1131번길 11",
            "세대수":50,
            "입주년차":80,
            "용적률점수":"--",
            "건폐율점수":"--",
            "세대당주차수":60,
            "난방방식":30,
            "공급면적":"--",
            "전용률":"--",
            "욕실수":100,
            "현관타입":100,
            "주거총점":65.5,
            "지역구공급총점":0.0,
            "역세권":"NA",
            "30분내 이동가능 거점":"NA",
            "1시간내 이동가능 거점":"NA",
            "교통총점":"NA",
            "백화점":100,
            "아울렛몰":80,
            "대형마트":80,
            "은행":0,
            "병원":10,
            "종합병원":100,
            "공원":0,
            "혐오시설":0,
            "인프라총점":71.0,
            "초등학군":90.35,
            "중학군":50.0,
            "학군총점":58.07,
            "인구수":30.77,
            "인구증감":4.59,
            "인구총점":22.916,
            "일자리":9.7,
            "소득수준":60.34,
            "일자리총점":24.892,
            "가치 총점":65.8425,
            "매매실거래년":20211202.0,
            "매매실거래가":44800.0,
            "전세실거래년":20211127.0,
            "전세실거래가":35000.0,
            "전세가율":78.12,
            "장기전세가율평균":74.66,
            "전세가율거품지수":-3.46,
            "검색코드":111881,
            "세대수":418.0,
            "준공년월":"2018-02-27",
            "준공년차":5.0,
            "가까운역이름":"NA",
            "가까운역거리":"NA",
            "역세권여부":"NA",
            "30분이내주요거점역":"NA",
            "1시간이내주요거점역":"NA",
            "3km이내백화점수":1,
            "5km이내아울렛몰수":1,
            "1km이내대형먀트수":1,
            "500m이내은행수":0,
            "500m이내병원수":2,
            "5km이내대형병원수":3,
            "500m이내공원수":0,
            "3km이내혐오시설수":0,
            "초등학교학업성취도":90.35,
            "중학교학업성취도":81.8,
            "용적률":222,
            "건폐율":18,
            "Y":36.62776,
            "X":127.421751,
            "rank":13.0,
            "area_info":"34평(112.69), 34평(112.99)",
            "last_sales":"2021-12-02,44800.0,34평(112.69)"
        },
        {
            "index":246,
            "아파트명":"두진하트리움",
            "투자타입":"일반",
            "전용면적(m2)":"76.41",
            "전용면적(평)":"23평",
            "법정동주소":"충청북도 청주시 흥덕구 복대동 2459",
            "도로명주소":"충청북도 청주시 흥덕구 증안로 33",
            "세대수":50,
            "입주년차":20,
            "용적률점수":"--",
            "건폐율점수":"--",
            "세대당주차수":0,
            "난방방식":100,
            "공급면적":"--",
            "전용률":"--",
            "욕실수":100,
            "현관타입":100,
            "주거총점":51.5,
            "지역구공급총점":0.0,
            "역세권":"NA",
            "30분내 이동가능 거점":"NA",
            "1시간내 이동가능 거점":"NA",
            "교통총점":"NA",
            "백화점":100,
            "아울렛몰":80,
            "대형마트":80,
            "은행":0,
            "병원":60,
            "종합병원":100,
            "공원":100,
            "혐오시설":0,
            "인프라총점":79.0,
            "초등학군":88.48,
            "중학군":57.46,
            "학군총점":63.664,
            "인구수":30.77,
            "인구증감":4.59,
            "인구총점":22.916,
            "일자리":9.7,
            "소득수준":60.34,
            "일자리총점":24.892,
            "가치 총점":65.541,
            "매매실거래년":20211212.0,
            "매매실거래가":21400.0,
            "전세실거래년":20211216.0,
            "전세실거래가":19000.0,
            "전세가율":88.79,
            "장기전세가율평균":74.66,
            "전세가율거품지수":-14.13,
            "검색코드":11554,
            "세대수":527.0,
            "준공년월":"1999-08-31",
            "준공년차":24.0,
            "가까운역이름":"NA",
            "가까운역거리":"NA",
            "역세권여부":"NA",
            "30분이내주요거점역":"NA",
            "1시간이내주요거점역":"NA",
            "3km이내백화점수":1,
            "5km이내아울렛몰수":1,
            "1km이내대형먀트수":1,
            "500m이내은행수":1,
            "500m이내병원수":21,
            "5km이내대형병원수":3,
            "500m이내공원수":4,
            "3km이내혐오시설수":0,
            "초등학교학업성취도":88.48,
            "중학교학업성취도":92.7,
            "용적률":209,
            "건폐율":22,
            "Y":36.637345,
            "X":127.426938,
            "rank":14.0,
            "area_info":"23평(76.41), 24평(81.02)",
            "last_sales":"2021-12-12,21400.0,23평(76.41)"
        },
        {
            "index":33,
            "아파트명":"가로수마을선광로즈웰",
            "투자타입":"일반",
            "전용면적(m2)":"110.0",
            "전용면적(평)":"33평",
            "법정동주소":"충청북도 청주시 흥덕구 가경동 1758",
            "도로명주소":"충청북도 청주시 흥덕구 서현중로 48",
            "세대수":0,
            "입주년차":40,
            "용적률점수":"--",
            "건폐율점수":"--",
            "세대당주차수":60,
            "난방방식":100,
            "공급면적":"--",
            "전용률":"--",
            "욕실수":100,
            "현관타입":50,
            "주거총점":42.0,
            "지역구공급총점":0.0,
            "역세권":"NA",
            "30분내 이동가능 거점":"NA",
            "1시간내 이동가능 거점":"NA",
            "교통총점":"NA",
            "백화점":100,
            "아울렛몰":80,
            "대형마트":80,
            "은행":70,
            "병원":80,
            "종합병원":100,
            "공원":100,
            "혐오시설":0,
            "인프라총점":88.0,
            "초등학군":95.53,
            "중학군":51.98,
            "학군총점":60.69,
            "인구수":30.77,
            "인구증감":4.59,
            "인구총점":22.916,
            "일자리":9.7,
            "소득수준":60.34,
            "일자리총점":24.892,
            "가치 총점":65.0725,
            "매매실거래년":20220104.0,
            "매매실거래가":38000.0,
            "전세실거래년":20220104.0,
            "전세실거래가":30000.0,
            "전세가율":78.95,
            "장기전세가율평균":74.66,
            "전세가율거품지수":-4.29,
            "검색코드":26882,
            "세대수":256.0,
            "준공년월":"2008-07-23",
            "준공년차":15.0,
            "가까운역이름":"NA",
            "가까운역거리":"NA",
            "역세권여부":"NA",
            "30분이내주요거점역":"NA",
            "1시간이내주요거점역":"NA",
            "3km이내백화점수":1,
            "5km이내아울렛몰수":1,
            "1km이내대형먀트수":1,
            "500m이내은행수":3,
            "500m이내병원수":50,
            "5km이내대형병원수":3,
            "500m이내공원수":3,
            "3km이내혐오시설수":0,
            "초등학교학업성취도":95.53,
            "중학교학업성취도":83.7,
            "용적률":211,
            "건폐율":22,
            "Y":36.622696,
            "X":127.429696,
            "rank":15.0,
            "area_info":"33평(110.0), 34평(112.41)",
            "last_sales":"2022-01-04,38000.0,33평(110.0)"
        },
        {
            "index":230,
            "아파트명":"금호어울림2단지",
            "투자타입":"일반",
            "전용면적(m2)":"113.7",
            "전용면적(평)":"34평",
            "법정동주소":"충청북도 청주시 흥덕구 복대동 3367",
            "도로명주소":"충청북도 청주시 흥덕구 대신로74번길 21",
            "세대수":50,
            "입주년차":60,
            "용적률점수":"--",
            "건폐율점수":"--",
            "세대당주차수":60,
            "난방방식":100,
            "공급면적":"--",
            "전용률":"--",
            "욕실수":100,
            "현관타입":100,
            "주거총점":68.5,
            "지역구공급총점":0.0,
            "역세권":"NA",
            "30분내 이동가능 거점":"NA",
            "1시간내 이동가능 거점":"NA",
            "교통총점":"NA",
            "백화점":100,
            "아울렛몰":80,
            "대형마트":0,
            "은행":0,
            "병원":10,
            "종합병원":100,
            "공원":100,
            "혐오시설":0,
            "인프라총점":62.0,
            "초등학군":91.02,
            "중학군":57.46,
            "학군총점":64.172,
            "인구수":30.77,
            "인구증감":4.59,
            "인구총점":22.916,
            "일자리":9.7,
            "소득수준":60.34,
            "일자리총점":24.892,
            "가치 총점":64.818,
            "매매실거래년":20211126.0,
            "매매실거래가":62000.0,
            "전세실거래년":20211029.0,
            "전세실거래가":34000.0,
            "전세가율":74.73,
            "장기전세가율평균":74.66,
            "전세가율거품지수":-0.07,
            "검색코드":26190,
            "세대수":586.0,
            "준공년월":"2009-02-27",
            "준공년차":14.0,
            "가까운역이름":"NA",
            "가까운역거리":"NA",
            "역세권여부":"NA",
            "30분이내주요거점역":"NA",
            "1시간이내주요거점역":"NA",
            "3km이내백화점수":1,
            "5km이내아울렛몰수":1,
            "1km이내대형먀트수":0,
            "500m이내은행수":1,
            "500m이내병원수":3,
            "5km이내대형병원수":3,
            "500m이내공원수":3,
            "3km이내혐오시설수":0,
            "초등학교학업성취도":91.02,
            "중학교학업성취도":92.7,
            "용적률":229,
            "건폐율":18,
            "Y":36.640877,
            "X":127.436182,
            "rank":16.0,
            "area_info":"34평(113.7), 37평(125.48), 46평(154.06), 49평(164.71), 59평(196.98), 78평(258.36)",
            "last_sales":"2021-11-26,62000.0,49평(164.71)"
        },
        {
            "index":5,
            "아파트명":"가경대원",
            "투자타입":"일반",
            "전용면적(m2)":"65.08",
            "전용면적(평)":"19평",
            "법정동주소":"충청북도 청주시 흥덕구 가경동 1511",
            "도로명주소":"충청북도 청주시 흥덕구 가경로 120",
            "세대수":90,
            "입주년차":0,
            "용적률점수":"--",
            "건폐율점수":"--",
            "세대당주차수":0,
            "난방방식":30,
            "공급면적":"--",
            "전용률":"--",
            "욕실수":50,
            "현관타입":100,
            "주거총점":49.5,
            "지역구공급총점":0.0,
            "역세권":"NA",
            "30분내 이동가능 거점":"NA",
            "1시간내 이동가능 거점":"NA",
            "교통총점":"NA",
            "백화점":100,
            "아울렛몰":80,
            "대형마트":80,
            "은행":70,
            "병원":60,
            "종합병원":100,
            "공원":100,
            "혐오시설":0,
            "인프라총점":86.0,
            "초등학군":85.13,
            "중학군":43.78,
            "학군총점":52.05,
            "인구수":30.77,
            "인구증감":4.59,
            "인구총점":22.916,
            "일자리":9.7,
            "소득수준":60.34,
            "일자리총점":24.892,
            "가치 총점":64.7375,
            "매매실거래년":20220106.0,
            "매매실거래가":20000.0,
            "전세실거래년":20211231.0,
            "전세실거래가":14800.0,
            "전세가율":98.67,
            "장기전세가율평균":74.66,
            "전세가율거품지수":-24.01,
            "검색코드":7254,
            "세대수":940.0,
            "준공년월":"1997-07-29",
            "준공년차":26.0,
            "가까운역이름":"NA",
            "가까운역거리":"NA",
            "역세권여부":"NA",
            "30분이내주요거점역":"NA",
            "1시간이내주요거점역":"NA",
            "3km이내백화점수":1,
            "5km이내아울렛몰수":1,
            "1km이내대형먀트수":1,
            "500m이내은행수":3,
            "500m이내병원수":21,
            "5km이내대형병원수":4,
            "500m이내공원수":3,
            "3km이내혐오시설수":0,
            "초등학교학업성취도":85.13,
            "중학교학업성취도":70.9,
            "용적률":219,
            "건폐율":23,
            "Y":36.626391,
            "X":127.439407,
            "rank":17.0,
            "area_info":"19평(65.08), 22평(75.46), 22평(75.2)",
            "last_sales":"2022-01-06,20000.0,22평(75.2)"
        },
        {
            "index":290,
            "아파트명":"아름다운나날2차",
            "투자타입":"일반",
            "전용면적(m2)":"103.21",
            "전용면적(평)":"31평",
            "법정동주소":"충청북도 청주시 흥덕구 복대동 3033",
            "도로명주소":"충청북도 청주시 흥덕구 증안로 100",
            "세대수":50,
            "입주년차":40,
            "용적률점수":"--",
            "건폐율점수":"--",
            "세대당주차수":30,
            "난방방식":100,
            "공급면적":"--",
            "전용률":"--",
            "욕실수":100,
            "현관타입":100,
            "주거총점":60.0,
            "지역구공급총점":0.0,
            "역세권":"NA",
            "30분내 이동가능 거점":"NA",
            "1시간내 이동가능 거점":"NA",
            "교통총점":"NA",
            "백화점":100,
            "아울렛몰":80,
            "대형마트":80,
            "은행":0,
            "병원":30,
            "종합병원":100,
            "공원":100,
            "혐오시설":0,
            "인프라총점":76.0,
            "초등학군":88.38,
            "중학군":43.96,
            "학군총점":52.844,
            "인구수":30.77,
            "인구증감":4.59,
            "인구총점":22.916,
            "일자리":9.7,
            "소득수준":60.34,
            "일자리총점":24.892,
            "가치 총점":64.611,
            "매매실거래년":20211219.0,
            "매매실거래가":31300.0,
            "전세실거래년":20220111.0,
            "전세실거래가":16800.0,
            "전세가율":62.45,
            "장기전세가율평균":74.66,
            "전세가율거품지수":12.21,
            "검색코드":13560,
            "세대수":539.0,
            "준공년월":"2004-11-22",
            "준공년차":19.0,
            "가까운역이름":"NA",
            "가까운역거리":"NA",
            "역세권여부":"NA",
            "30분이내주요거점역":"NA",
            "1시간이내주요거점역":"NA",
            "3km이내백화점수":1,
            "5km이내아울렛몰수":1,
            "1km이내대형먀트수":1,
            "500m이내은행수":1,
            "500m이내병원수":8,
            "5km이내대형병원수":3,
            "500m이내공원수":3,
            "3km이내혐오시설수":0,
            "초등학교학업성취도":88.38,
            "중학교학업성취도":71.8,
            "용적률":215,
            "건폐율":20,
            "Y":36.634645,
            "X":127.433421,
            "rank":18.0,
            "area_info":"31평(103.21), 34평(112.91)",
            "last_sales":"2021-12-19,31300.0,34평(112.91)"
        },
        {
            "index":57,
            "아파트명":"진로",
            "투자타입":"일반",
            "전용면적(m2)":"119.04",
            "전용면적(평)":"36평",
            "법정동주소":"충청북도 청주시 흥덕구 가경동 1506",
            "도로명주소":"충청북도 청주시 흥덕구 가경로 71",
            "세대수":30,
            "입주년차":20,
            "용적률점수":"--",
            "건폐율점수":"--",
            "세대당주차수":60,
            "난방방식":100,
            "공급면적":"--",
            "전용률":"--",
            "욕실수":100,
            "현관타입":100,
            "주거총점":53.5,
            "지역구공급총점":0.0,
            "역세권":"NA",
            "30분내 이동가능 거점":"NA",
            "1시간내 이동가능 거점":"NA",
            "교통총점":"NA",
            "백화점":100,
            "아울렛몰":80,
            "대형마트":100,
            "은행":0,
            "병원":30,
            "종합병원":100,
            "공원":100,
            "혐오시설":0,
            "인프라총점":79.0,
            "초등학군":100.0,
            "중학군":43.78,
            "학군총점":55.024,
            "인구수":30.77,
            "인구증감":4.59,
            "인구총점":22.916,
            "일자리":9.7,
            "소득수준":60.34,
            "일자리총점":24.892,
            "가치 총점":64.081,
            "매매실거래년":20211216.0,
            "매매실거래가":35500.0,
            "전세실거래년":20211018.0,
            "전세실거래가":26500.0,
            "전세가율":78.64,
            "장기전세가율평균":74.66,
            "전세가율거품지수":-3.98,
            "검색코드":7259,
            "세대수":320.0,
            "준공년월":"1999-01-30",
            "준공년차":24.0,
            "가까운역이름":"NA",
            "가까운역거리":"NA",
            "역세권여부":"NA",
            "30분이내주요거점역":"NA",
            "1시간이내주요거점역":"NA",
            "3km이내백화점수":1,
            "5km이내아울렛몰수":1,
            "1km이내대형먀트수":2,
            "500m이내은행수":0,
            "500m이내병원수":7,
            "5km이내대형병원수":4,
            "500m이내공원수":5,
            "3km이내혐오시설수":0,
            "초등학교학업성취도":100.0,
            "중학교학업성취도":70.9,
            "용적률":219,
            "건폐율":21,
            "Y":36.621908,
            "X":127.440412,
            "rank":19.0,
            "area_info":"36평(119.04), 47평(156.46)",
            "last_sales":"2021-12-16,35500.0,47평(156.46)"
        },
        {
            "index":316,
            "아파트명":"현대1차",
            "투자타입":"일반",
            "전용면적(m2)":"102.01",
            "전용면적(평)":"30평",
            "법정동주소":"충청북도 청주시 흥덕구 복대동 3098",
            "도로명주소":"충청북도 청주시 흥덕구 대신로10번길 16-3",
            "세대수":30,
            "입주년차":20,
            "용적률점수":"--",
            "건폐율점수":"--",
            "세대당주차수":60,
            "난방방식":100,
            "공급면적":"--",
            "전용률":"--",
            "욕실수":100,
            "현관타입":100,
            "주거총점":53.5,
            "지역구공급총점":0.0,
            "역세권":"NA",
            "30분내 이동가능 거점":"NA",
            "1시간내 이동가능 거점":"NA",
            "교통총점":"NA",
            "백화점":100,
            "아울렛몰":80,
            "대형마트":80,
            "은행":0,
            "병원":60,
            "종합병원":100,
            "공원":100,
            "혐오시설":0,
            "인프라총점":79.0,
            "초등학군":88.38,
            "중학군":43.96,
            "학군총점":52.844,
            "인구수":30.77,
            "인구증감":4.59,
            "인구총점":22.916,
            "일자리":9.7,
            "소득수준":60.34,
            "일자리총점":24.892,
            "가치 총점":63.536,
            "매매실거래년":20211222.0,
            "매매실거래가":35000.0,
            "전세실거래년":20210301.0,
            "전세실거래가":17500.0,
            "전세가율":80.46,
            "장기전세가율평균":74.66,
            "전세가율거품지수":-5.8,
            "검색코드":7345,
            "세대수":380.0,
            "준공년월":"1999-05-10",
            "준공년차":24.0,
            "가까운역이름":"NA",
            "가까운역거리":"NA",
            "역세권여부":"NA",
            "30분이내주요거점역":"NA",
            "1시간이내주요거점역":"NA",
            "3km이내백화점수":1,
            "5km이내아울렛몰수":1,
            "1km이내대형먀트수":1,
            "500m이내은행수":0,
            "500m이내병원수":19,
            "5km이내대형병원수":3,
            "500m이내공원수":3,
            "3km이내혐오시설수":0,
            "초등학교학업성취도":88.38,
            "중학교학업성취도":71.8,
            "용적률":219,
            "건폐율":20,
            "Y":36.633928,
            "X":127.437921,
            "rank":20.0,
            "area_info":"30평(102.01), 32평(105.93), 36평(119.71), 36평(121.29), 48평(161.13), 63평(209.3)",
            "last_sales":"2021-12-22,35000.0,48평(161.13)"
        },
        {
            "index":82,
            "아파트명":"효성",
            "투자타입":"일반",
            "전용면적(m2)":"125.44",
            "전용면적(평)":"37평",
            "법정동주소":"충청북도 청주시 흥덕구 가경동 1507",
            "도로명주소":"충청북도 청주시 흥덕구 가경로 61",
            "세대수":30,
            "입주년차":0,
            "용적률점수":"--",
            "건폐율점수":"--",
            "세대당주차수":60,
            "난방방식":100,
            "공급면적":"--",
            "전용률":"--",
            "욕실수":100,
            "현관타입":100,
            "주거총점":49.5,
            "지역구공급총점":0.0,
            "역세권":"NA",
            "30분내 이동가능 거점":"NA",
            "1시간내 이동가능 거점":"NA",
            "교통총점":"NA",
            "백화점":100,
            "아울렛몰":80,
            "대형마트":80,
            "은행":0,
            "병원":30,
            "종합병원":100,
            "공원":100,
            "혐오시설":0,
            "인프라총점":76.0,
            "초등학군":100.0,
            "중학군":52.28,
            "학군총점":61.824,
            "인구수":30.77,
            "인구증감":4.59,
            "인구총점":22.916,
            "일자리":9.7,
            "소득수준":60.34,
            "일자리총점":24.892,
            "가치 총점":63.181,
            "매매실거래년":20220106.0,
            "매매실거래가":31000.0,
            "전세실거래년":20211120.0,
            "전세실거래가":28000.0,
            "전세가율":90.32,
            "장기전세가율평균":74.66,
            "전세가율거품지수":-15.66,
            "검색코드":7249,
            "세대수":320.0,
            "준공년월":"1997-12-17",
            "준공년차":26.0,
            "가까운역이름":"NA",
            "가까운역거리":"NA",
            "역세권여부":"NA",
            "30분이내주요거점역":"NA",
            "1시간이내주요거점역":"NA",
            "3km이내백화점수":1,
            "5km이내아울렛몰수":1,
            "1km이내대형먀트수":1,
            "500m이내은행수":0,
            "500m이내병원수":7,
            "5km이내대형병원수":4,
            "500m이내공원수":5,
            "3km이내혐오시설수":0,
            "초등학교학업성취도":100.0,
            "중학교학업성취도":84.6,
            "용적률":218,
            "건폐율":20,
            "Y":36.620781,
            "X":127.440297,
            "rank":21.0,
            "area_info":"37평(125.44), 43평(145.01), 52평(174.58)",
            "last_sales":"2022-01-06,31000.0,37평(125.44)"
        },
        {
            "index":278,
            "아파트명":"세원테마빌",
            "투자타입":"일반",
            "전용면적(m2)":"103.62",
            "전용면적(평)":"31평",
            "법정동주소":"충청북도 청주시 흥덕구 복대동 2607",
            "도로명주소":"충청북도 청주시 흥덕구 짐대로 14",
            "세대수":30,
            "입주년차":20,
            "용적률점수":"--",
            "건폐율점수":"--",
            "세대당주차수":30,
            "난방방식":100,
            "공급면적":"--",
            "전용률":"--",
            "욕실수":100,
            "현관타입":100,
            "주거총점":49.0,
            "지역구공급총점":0.0,
            "역세권":"NA",
            "30분내 이동가능 거점":"NA",
            "1시간내 이동가능 거점":"NA",
            "교통총점":"NA",
            "백화점":100,
            "아울렛몰":80,
            "대형마트":80,
            "은행":0,
            "병원":60,
            "종합병원":100,
            "공원":100,
            "혐오시설":0,
            "인프라총점":79.0,
            "초등학군":88.48,
            "중학군":50.0,
            "학군총점":57.696,
            "인구수":30.77,
            "인구증감":4.59,
            "인구총점":22.916,
            "일자리":9.7,
            "소득수준":60.34,
            "일자리총점":24.892,
            "가치 총점":63.174,
            "매매실거래년":20211130.0,
            "매매실거래가":23800.0,
            "전세실거래년":20211202.0,
            "전세실거래가":20800.0,
            "전세가율":87.39,
            "장기전세가율평균":74.66,
            "전세가율거품지수":-12.73,
            "검색코드":11206,
            "세대수":388.0,
            "준공년월":"2001-12-12",
            "준공년차":22.0,
            "가까운역이름":"NA",
            "가까운역거리":"NA",
            "역세권여부":"NA",
            "30분이내주요거점역":"NA",
            "1시간이내주요거점역":"NA",
            "3km이내백화점수":1,
            "5km이내아울렛몰수":1,
            "1km이내대형먀트수":1,
            "500m이내은행수":1,
            "500m이내병원수":12,
            "5km이내대형병원수":3,
            "500m이내공원수":2,
            "3km이내혐오시설수":0,
            "초등학교학업성취도":88.48,
            "중학교학업성취도":81.8,
            "용적률":212,
            "건폐율":25,
            "Y":36.634768,
            "X":127.425156,
            "rank":22.0,
            "area_info":"31평(103.62), 35평(118.15)",
            "last_sales":"2021-11-30,23800.0,31평(103.62)"
        },
        {
            "index":434,
            "아파트명":"비하계룡리슈빌",
            "투자타입":"일반",
            "전용면적(m2)":"116.78",
            "전용면적(평)":"35평",
            "법정동주소":"충청북도 청주시 흥덕구 비하동 125",
            "도로명주소":"충청북도 청주시 흥덕구 가로수로1131번길 101",
            "세대수":50,
            "입주년차":40,
            "용적률점수":"--",
            "건폐율점수":"--",
            "세대당주차수":60,
            "난방방식":30,
            "공급면적":"--",
            "전용률":"--",
            "욕실수":100,
            "현관타입":100,
            "주거총점":57.5,
            "지역구공급총점":0.0,
            "역세권":"NA",
            "30분내 이동가능 거점":"NA",
            "1시간내 이동가능 거점":"NA",
            "교통총점":"NA",
            "백화점":100,
            "아울렛몰":80,
            "대형마트":80,
            "은행":0,
            "병원":10,
            "종합병원":100,
            "공원":0,
            "혐오시설":0,
            "인프라총점":71.0,
            "초등학군":90.35,
            "중학군":50.0,
            "학군총점":58.07,
            "인구수":30.77,
            "인구증감":4.59,
            "인구총점":22.916,
            "일자리":9.7,
            "소득수준":60.34,
            "일자리총점":24.892,
            "가치 총점":63.0425,
            "매매실거래년":20211220.0,
            "매매실거래가":35000.0,
            "전세실거래년":20211215.0,
            "전세실거래가":19000.0,
            "전세가율":54.29,
            "장기전세가율평균":74.66,
            "전세가율거품지수":20.37,
            "검색코드":19182,
            "세대수":480.0,
            "준공년월":"2006-09-01",
            "준공년차":17.0,
            "가까운역이름":"NA",
            "가까운역거리":"NA",
            "역세권여부":"NA",
            "30분이내주요거점역":"NA",
            "1시간이내주요거점역":"NA",
            "3km이내백화점수":1,
            "5km이내아울렛몰수":1,
            "1km이내대형먀트수":1,
            "500m이내은행수":0,
            "500m이내병원수":2,
            "5km이내대형병원수":3,
            "500m이내공원수":0,
            "3km이내혐오시설수":0,
            "초등학교학업성취도":90.35,
            "중학교학업성취도":81.8,
            "용적률":201,
            "건폐율":17,
            "Y":36.62955,
            "X":127.421483,
            "rank":23.0,
            "area_info":"35평(116.78), 39평(132.09), 49평(165.07), 59평(197.03)",
            "last_sales":"2021-12-20,35000.0,35평(116.78)"
        },
        {
            "index":136,
            "아파트명":"경도펠리스(도시형)",
            "투자타입":"일반",
            "전용면적(m2)":"25.31",
            "전용면적(평)":"7평",
            "법정동주소":"충청북도 청주시 흥덕구 강서동 498",
            "도로명주소":"충청북도 청주시 흥덕구 서현동로 21",
            "세대수":0,
            "입주년차":80,
            "용적률점수":"--",
            "건폐율점수":"--",
            "세대당주차수":0,
            "난방방식":30,
            "공급면적":"--",
            "전용률":"--",
            "욕실수":50,
            "현관타입":100,
            "주거총점":34.0,
            "지역구공급총점":0.0,
            "역세권":"NA",
            "30분내 이동가능 거점":"NA",
            "1시간내 이동가능 거점":"NA",
            "교통총점":"NA",
            "백화점":100,
            "아울렛몰":80,
            "대형마트":80,
            "은행":70,
            "병원":80,
            "종합병원":100,
            "공원":100,
            "혐오시설":0,
            "인프라총점":88.0,
            "초등학군":95.53,
            "중학군":51.98,
            "학군총점":60.69,
            "인구수":30.77,
            "인구증감":4.59,
            "인구총점":22.916,
            "일자리":9.7,
            "소득수준":60.34,
            "일자리총점":24.892,
            "가치 총점":62.2725,
            "매매실거래년":20210729.0,
            "매매실거래가":14000.0,
            "전세실거래년":20181031.0,
            "전세실거래가":5000.0,
            "전세가율":104.17,
            "장기전세가율평균":74.66,
            "전세가율거품지수":-29.51,
            "검색코드":112791,
            "세대수":104.0,
            "준공년월":"2016-03-22",
            "준공년차":7.0,
            "가까운역이름":"NA",
            "가까운역거리":"NA",
            "역세권여부":"NA",
            "30분이내주요거점역":"NA",
            "1시간이내주요거점역":"NA",
            "3km이내백화점수":1,
            "5km이내아울렛몰수":1,
            "1km이내대형먀트수":1,
            "500m이내은행수":3,
            "500m이내병원수":59,
            "5km이내대형병원수":3,
            "500m이내공원수":3,
            "3km이내혐오시설수":0,
            "초등학교학업성취도":95.53,
            "중학교학업성취도":83.7,
            "용적률":719,
            "건폐율":69,
            "Y":36.624109,
            "X":127.42935,
            "rank":24.0,
            "area_info":"7평(25.31), 8평(26.77), 10평(34.21), 10평(35.18), 10평(36.15), 12평(42.38), 14평(47.01), 18평(60.66), 18평(62.39), 20평(68.42)",
            "last_sales":"2021-07-29,14000.0,18평(62.39)"
        },
        {
            "index":168,
            "아파트명":"미소랑2차(도시형)",
            "투자타입":"일반",
            "전용면적(m2)":"23.66",
            "전용면적(평)":"7평",
            "법정동주소":"충청북도 청주시 흥덕구 강서동 500",
            "도로명주소":"충청북도 청주시 흥덕구 서현중로 60-1",
            "세대수":0,
            "입주년차":80,
            "용적률점수":"--",
            "건폐율점수":"--",
            "세대당주차수":0,
            "난방방식":30,
            "공급면적":"--",
            "전용률":"--",
            "욕실수":50,
            "현관타입":100,
            "주거총점":34.0,
            "지역구공급총점":0.0,
            "역세권":"NA",
            "30분내 이동가능 거점":"NA",
            "1시간내 이동가능 거점":"NA",
            "교통총점":"NA",
            "백화점":100,
            "아울렛몰":80,
            "대형마트":80,
            "은행":70,
            "병원":80,
            "종합병원":100,
            "공원":100,
            "혐오시설":0,
            "인프라총점":88.0,
            "초등학군":95.53,
            "중학군":51.98,
            "학군총점":60.69,
            "인구수":30.77,
            "인구증감":4.59,
            "인구총점":22.916,
            "일자리":9.7,
            "소득수준":60.34,
            "일자리총점":24.892,
            "가치 총점":62.2725,
            "매매실거래년":20200918.0,
            "매매실거래가":15020.0,
            "전세실거래년":null,
            "전세실거래가":null,
            "전세가율":null,
            "장기전세가율평균":74.66,
            "전세가율거품지수":null,
            "검색코드":111589,
            "세대수":112.0,
            "준공년월":"2015-12-02",
            "준공년차":8.0,
            "가까운역이름":"NA",
            "가까운역거리":"NA",
            "역세권여부":"NA",
            "30분이내주요거점역":"NA",
            "1시간이내주요거점역":"NA",
            "3km이내백화점수":1,
            "5km이내아울렛몰수":1,
            "1km이내대형먀트수":1,
            "500m이내은행수":3,
            "500m이내병원수":58,
            "5km이내대형병원수":3,
            "500m이내공원수":2,
            "3km이내혐오시설수":0,
            "초등학교학업성취도":95.53,
            "중학교학업성취도":83.7,
            "용적률":571,
            "건폐율":69,
            "Y":36.623917,
            "X":127.428792,
            "rank":24.0,
            "area_info":"7평(23.66), 7평(24.82), 7평(25.01), 7평(26.26), 7평(26.17), 12평(40.1), 13평(44.59), 13평(44.35), 16평(54.23), 17평(58.54), 19평(63.97), 19평(63.72), 19평(65.05), 19평(65.13), 19평(65.81), 20평(66.32), 20평(67.55), 20평(67.75), 20평(67.78), 20평(67.44)",
            "last_sales":"2020-09-18,15020.0,20평(67.55)"
        },
        {
            "index":216,
            "아파트명":"청주강서나보나시티(도시형)",
            "투자타입":"일반",
            "전용면적(m2)":"33.51",
            "전용면적(평)":"10평",
            "법정동주소":"충청북도 청주시 흥덕구 강서동 470",
            "도로명주소":"충청북도 청주시 흥덕구 가로수로1164번길 41-28",
            "세대수":0,
            "입주년차":100,
            "용적률점수":"--",
            "건폐율점수":"--",
            "세대당주차수":0,
            "난방방식":30,
            "공급면적":"--",
            "전용률":"--",
            "욕실수":50,
            "현관타입":100,
            "주거총점":38.0,
            "지역구공급총점":0.0,
            "역세권":"NA",
            "30분내 이동가능 거점":"NA",
            "1시간내 이동가능 거점":"NA",
            "교통총점":"NA",
            "백화점":100,
            "아울렛몰":80,
            "대형마트":80,
            "은행":70,
            "병원":80,
            "종합병원":100,
            "공원":0,
            "혐오시설":0,
            "인프라총점":85.0,
            "초등학군":90.35,
            "중학군":51.98,
            "학군총점":59.654,
            "인구수":30.77,
            "인구증감":4.59,
            "인구총점":22.916,
            "일자리":9.7,
            "소득수준":60.34,
            "일자리총점":24.892,
            "가치 총점":62.2135,
            "매매실거래년":20210630.0,
            "매매실거래가":12989.0,
            "전세실거래년":null,
            "전세실거래가":null,
            "전세가율":null,
            "장기전세가율평균":74.66,
            "전세가율거품지수":null,
            "검색코드":121081,
            "세대수":264.0,
            "준공년월":"2021-03-29",
            "준공년차":2.0,
            "가까운역이름":"NA",
            "가까운역거리":"NA",
            "역세권여부":"NA",
            "30분이내주요거점역":"NA",
            "1시간이내주요거점역":"NA",
            "3km이내백화점수":1,
            "5km이내아울렛몰수":1,
            "1km이내대형먀트수":1,
            "500m이내은행수":3,
            "500m이내병원수":59,
            "5km이내대형병원수":3,
            "500m이내공원수":0,
            "3km이내혐오시설수":0,
            "초등학교학업성취도":90.35,
            "중학교학업성취도":83.7,
            "용적률":899,
            "건폐율":67,
            "Y":36.625568,
            "X":127.428361,
            "rank":25.0,
            "area_info":"10평(33.51), 12평(42.55), 13평(44.77), 14평(46.63)",
            "last_sales":"2021-06-30,12989.0,12평(42.55)"
        },
        {
            "index":49,
            "아파트명":"동부",
            "투자타입":"일반",
            "전용면적(m2)":"93.47",
            "전용면적(평)":"28평",
            "법정동주소":"충청북도 청주시 흥덕구 가경동 1517",
            "도로명주소":"충청북도 청주시 흥덕구 가경로 64",
            "세대수":50,
            "입주년차":0,
            "용적률점수":"--",
            "건폐율점수":"--",
            "세대당주차수":30,
            "난방방식":100,
            "공급면적":"--",
            "전용률":"--",
            "욕실수":50,
            "현관타입":100,
            "주거총점":47.0,
            "지역구공급총점":0.0,
            "역세권":"NA",
            "30분내 이동가능 거점":"NA",
            "1시간내 이동가능 거점":"NA",
            "교통총점":"NA",
            "백화점":100,
            "아울렛몰":80,
            "대형마트":80,
            "은행":0,
            "병원":30,
            "종합병원":100,
            "공원":100,
            "혐오시설":0,
            "인프라총점":76.0,
            "초등학군":94.51,
            "중학군":52.28,
            "학군총점":60.726,
            "인구수":30.77,
            "인구증감":4.59,
            "인구총점":22.916,
            "일자리":9.7,
            "소득수준":60.34,
            "일자리총점":24.892,
            "가치 총점":62.0315,
            "매매실거래년":20211217.0,
            "매매실거래가":26700.0,
            "전세실거래년":20211110.0,
            "전세실거래가":10000.0,
            "전세가율":44.94,
            "장기전세가율평균":74.66,
            "전세가율거품지수":29.72,
            "검색코드":7206,
            "세대수":455.0,
            "준공년월":"1998-06-20",
            "준공년차":25.0,
            "가까운역이름":"NA",
            "가까운역거리":"NA",
            "역세권여부":"NA",
            "30분이내주요거점역":"NA",
            "1시간이내주요거점역":"NA",
            "3km이내백화점수":1,
            "5km이내아울렛몰수":1,
            "1km이내대형먀트수":1,
            "500m이내은행수":0,
            "500m이내병원수":9,
            "5km이내대형병원수":5,
            "500m이내공원수":6,
            "3km이내혐오시설수":0,
            "초등학교학업성취도":94.51,
            "중학교학업성취도":84.6,
            "용적률":216,
            "건폐율":23,
            "Y":36.621585,
            "X":127.442628,
            "rank":26.0,
            "area_info":"28평(93.47), 33평(109.74)",
            "last_sales":"2021-12-17,26700.0,33평(109.74)"
        },
        {
            "index":269,
            "아파트명":"성광",
            "투자타입":"재건축",
            "전용면적(m2)":"66.45",
            "전용면적(평)":"20평",
            "법정동주소":"충청북도 청주시 흥덕구 복대동 824-4",
            "도로명주소":"충청북도 청주시 흥덕구 신율로 174",
            "세대수":0,
            "입주년차":"--",
            "용적률점수":100,
            "건폐율점수":80,
            "세대당주차수":"--",
            "난방방식":"--",
            "공급면적":50,
            "전용률":80,
            "욕실수":"--",
            "현관타입":"--",
            "주거총점":62.5,
            "지역구공급총점":0.0,
            "역세권":"NA",
            "30분내 이동가능 거점":"NA",
            "1시간내 이동가능 거점":"NA",
            "교통총점":"NA",
            "백화점":100,
            "아울렛몰":80,
            "대형마트":0,
            "은행":0,
            "병원":60,
            "종합병원":100,
            "공원":100,
            "혐오시설":0,
            "인프라총점":67.0,
            "초등학군":80.17,
            "중학군":44.86,
            "학군총점":51.922,
            "인구수":30.77,
            "인구증감":4.59,
            "인구총점":22.916,
            "일자리":9.7,
            "소득수준":60.34,
            "일자리총점":24.892,
            "가치 총점":61.6555,
            "매매실거래년":20211208.0,
            "매매실거래가":8500.0,
            "전세실거래년":20210916.0,
            "전세실거래가":7000.0,
            "전세가율":118.64,
            "장기전세가율평균":74.66,
            "전세가율거품지수":-43.98,
            "검색코드":15441,
            "세대수":140.0,
            "준공년월":"1982-06-21",
            "준공년차":41.0,
            "가까운역이름":"NA",
            "가까운역거리":"NA",
            "역세권여부":"NA",
            "30분이내주요거점역":"NA",
            "1시간이내주요거점역":"NA",
            "3km이내백화점수":1,
            "5km이내아울렛몰수":1,
            "1km이내대형먀트수":0,
            "500m이내은행수":0,
            "500m이내병원수":15,
            "5km이내대형병원수":5,
            "500m이내공원수":4,
            "3km이내혐오시설수":0,
            "초등학교학업성취도":80.17,
            "중학교학업성취도":73.5,
            "용적률":140,
            "건폐율":29,
            "Y":36.632344,
            "X":127.448041,
            "rank":27.0,
            "area_info":"20평(66.45), 19평(66.06), 24평(79.45), 27평(89.49)",
            "last_sales":"2021-12-08,8500.0,19평(66.06)"
        },
        {
            "index":55,
            "아파트명":"세원가경골",
            "투자타입":"일반",
            "전용면적(m2)":"61.62",
            "전용면적(평)":"18평",
            "법정동주소":"충청북도 청주시 흥덕구 가경동 1510",
            "도로명주소":"충청북도 청주시 흥덕구 가경로 134",
            "세대수":90,
            "입주년차":0,
            "용적률점수":"--",
            "건폐율점수":"--",
            "세대당주차수":0,
            "난방방식":30,
            "공급면적":"--",
            "전용률":"--",
            "욕실수":50,
            "현관타입":10,
            "주거총점":40.5,
            "지역구공급총점":0.0,
            "역세권":"NA",
            "30분내 이동가능 거점":"NA",
            "1시간내 이동가능 거점":"NA",
            "교통총점":"NA",
            "백화점":100,
            "아울렛몰":80,
            "대형마트":80,
            "은행":70,
            "병원":60,
            "종합병원":100,
            "공원":100,
            "혐오시설":0,
            "인프라총점":86.0,
            "초등학군":85.13,
            "중학군":43.78,
            "학군총점":52.05,
            "인구수":30.77,
            "인구증감":4.59,
            "인구총점":22.916,
            "일자리":9.7,
            "소득수준":60.34,
            "일자리총점":24.892,
            "가치 총점":61.5875,
            "매매실거래년":20211231.0,
            "매매실거래가":19000.0,
            "전세실거래년":20211116.0,
            "전세실거래가":11000.0,
            "전세가율":84.94,
            "장기전세가율평균":74.66,
            "전세가율거품지수":-10.28,
            "검색코드":7220,
            "세대수":952.0,
            "준공년월":"1997-08-04",
            "준공년차":26.0,
            "가까운역이름":"NA",
            "가까운역거리":"NA",
            "역세권여부":"NA",
            "30분이내주요거점역":"NA",
            "1시간이내주요거점역":"NA",
            "3km이내백화점수":1,
            "5km이내아울렛몰수":1,
            "1km이내대형먀트수":1,
            "500m이내은행수":3,
            "500m이내병원수":22,
            "5km이내대형병원수":3,
            "500m이내공원수":4,
            "3km이내혐오시설수":0,
            "초등학교학업성취도":85.13,
            "중학교학업성취도":70.9,
            "용적률":209,
            "건폐율":22,
            "Y":36.627283,
            "X":127.43921,
            "rank":28.0,
            "area_info":"18평(61.62), 22평(75.58)",
            "last_sales":"2021-12-31,19000.0,22평(75.58)"
        },
        {
            "index":29,
            "아파트명":"가로수마을대원칸타빌",
            "투자타입":"일반",
            "전용면적(m2)":"140.29",
            "전용면적(평)":"42평",
            "법정동주소":"충청북도 청주시 흥덕구 가경동 1762",
            "도로명주소":"충청북도 청주시 흥덕구 서현서로 39",
            "세대수":30,
            "입주년차":40,
            "용적률점수":"--",
            "건폐율점수":"--",
            "세대당주차수":80,
            "난방방식":100,
            "공급면적":"--",
            "전용률":"--",
            "욕실수":100,
            "현관타입":100,
            "주거총점":60.5,
            "지역구공급총점":0.0,
            "역세권":"NA",
            "30분내 이동가능 거점":"NA",
            "1시간내 이동가능 거점":"NA",
            "교통총점":"NA",
            "백화점":100,
            "아울렛몰":80,
            "대형마트":0,
            "은행":0,
            "병원":10,
            "종합병원":100,
            "공원":100,
            "혐오시설":0,
            "인프라총점":62.0,
            "초등학군":95.53,
            "중학군":51.98,
            "학군총점":60.69,
            "인구수":30.77,
            "인구증감":4.59,
            "인구총점":22.916,
            "일자리":9.7,
            "소득수준":60.34,
            "일자리총점":24.892,
            "가치 총점":61.1475,
            "매매실거래년":20211029.0,
            "매매실거래가":66300.0,
            "전세실거래년":20210627.0,
            "전세실거래가":33000.0,
            "전세가율":67.76,
            "장기전세가율평균":74.66,
            "전세가율거품지수":6.9,
            "검색코드":26051,
            "세대수":310.0,
            "준공년월":"2008-09-01",
            "준공년차":15.0,
            "가까운역이름":"NA",
            "가까운역거리":"NA",
            "역세권여부":"NA",
            "30분이내주요거점역":"NA",
            "1시간이내주요거점역":"NA",
            "3km이내백화점수":1,
            "5km이내아울렛몰수":1,
            "1km이내대형먀트수":0,
            "500m이내은행수":0,
            "500m이내병원수":4,
            "5km이내대형병원수":3,
            "500m이내공원수":2,
            "3km이내혐오시설수":0,
            "초등학교학업성취도":95.53,
            "중학교학업성취도":83.7,
            "용적률":219,
            "건폐율":23,
            "Y":36.619855,
            "X":127.425535,
            "rank":29.0,
            "area_info":"42평(140.29), 49평(163.69), 52평(174.76), 53평(175.97)",
            "last_sales":"2021-10-29,66300.0,53평(175.97)"
        },
        {
            "index":80,
            "아파트명":"형석1차",
            "투자타입":"재건축",
            "전용면적(m2)":"80.62",
            "전용면적(평)":"24평",
            "법정동주소":"충청북도 청주시 흥덕구 가경동 1189",
            "도로명주소":"충청북도 청주시 흥덕구 가경로 158",
            "세대수":50,
            "입주년차":"--",
            "용적률점수":0,
            "건폐율점수":80,
            "세대당주차수":"--",
            "난방방식":"--",
            "공급면적":50,
            "전용률":60,
            "욕실수":"--",
            "현관타입":"--",
            "주거총점":36.5,
            "지역구공급총점":0.0,
            "역세권":"NA",
            "30분내 이동가능 거점":"NA",
            "1시간내 이동가능 거점":"NA",
            "교통총점":"NA",
            "백화점":100,
            "아울렛몰":80,
            "대형마트":80,
            "은행":70,
            "병원":80,
            "종합병원":100,
            "공원":100,
            "혐오시설":0,
            "인프라총점":88.0,
            "초등학군":86.54,
            "중학군":43.96,
            "학군총점":52.476,
            "인구수":30.77,
            "인구증감":4.59,
            "인구총점":22.916,
            "일자리":9.7,
            "소득수준":60.34,
            "일자리총점":24.892,
            "가치 총점":61.094,
            "매매실거래년":20220104.0,
            "매매실거래가":13900.0,
            "전세실거래년":20220112.0,
            "전세실거래가":10500.0,
            "전세가율":75.54,
            "장기전세가율평균":74.66,
            "전세가율거품지수":-0.88,
            "검색코드":7230,
            "세대수":600.0,
            "준공년월":"1992-12-08",
            "준공년차":31.0,
            "가까운역이름":"NA",
            "가까운역거리":"NA",
            "역세권여부":"NA",
            "30분이내주요거점역":"NA",
            "1시간이내주요거점역":"NA",
            "3km이내백화점수":1,
            "5km이내아울렛몰수":1,
            "1km이내대형먀트수":1,
            "500m이내은행수":3,
            "500m이내병원수":41,
            "5km이내대형병원수":3,
            "500m이내공원수":3,
            "3km이내혐오시설수":0,
            "초등학교학업성취도":86.54,
            "중학교학업성취도":71.8,
            "용적률":240,
            "건폐율":23,
            "Y":36.629391,
            "X":127.437138,
            "rank":30.0,
            "area_info":"24평(80.62), 26평(87.78)",
            "last_sales":"2022-01-04,13900.0,24평(80.62)"
        },
        {
            "index":473,
            "아파트명":"청주테크노폴리스지웰",
            "투자타입":"일반",
            "전용면적(m2)":"110.77",
            "전용면적(평)":"33평",
            "법정동주소":"충청북도 청주시 흥덕구 송절동 690",
            "도로명주소":"충청북도 청주시 흥덕구 송화로108번길 42",
            "세대수":30,
            "입주년차":100,
            "용적률점수":"--",
            "건폐율점수":"--",
            "세대당주차수":60,
            "난방방식":30,
            "공급면적":"--",
            "전용률":"--",
            "욕실수":100,
            "현관타입":100,
            "주거총점":62.5,
            "지역구공급총점":0.0,
            "역세권":"NA",
            "30분내 이동가능 거점":"NA",
            "1시간내 이동가능 거점":"NA",
            "교통총점":"NA",
            "백화점":100,
            "아울렛몰":80,
            "대형마트":0,
            "은행":0,
            "병원":30,
            "종합병원":100,
            "공원":0,
            "혐오시설":0,
            "인프라총점":61.0,
            "초등학군":94.27,
            "중학군":49.52,
            "학군총점":58.47,
            "인구수":30.77,
            "인구증감":4.59,
            "인구총점":22.916,
            "일자리":9.7,
            "소득수준":60.34,
            "일자리총점":24.892,
            "가치 총점":60.8925,
            "매매실거래년":20210925.0,
            "매매실거래가":49000.0,
            "전세실거래년":20220113.0,
            "전세실거래가":25200.0,
            "전세가율":51.43,
            "장기전세가율평균":74.66,
            "전세가율거품지수":23.23,
            "검색코드":119895,
            "세대수":336.0,
            "준공년월":"2020-02-01",
            "준공년차":3.0,
            "가까운역이름":"NA",
            "가까운역거리":"NA",
            "역세권여부":"NA",
            "30분이내주요거점역":"NA",
            "1시간이내주요거점역":"NA",
            "3km이내백화점수":1,
            "5km이내아울렛몰수":1,
            "1km이내대형먀트수":0,
            "500m이내은행수":0,
            "500m이내병원수":6,
            "5km이내대형병원수":4,
            "500m이내공원수":0,
            "3km이내혐오시설수":0,
            "초등학교학업성취도":94.27,
            "중학교학업성취도":82.2,
            "용적률":0,
            "건폐율":0,
            "Y":36.663064,
            "X":127.450664,
            "rank":31.0,
            "area_info":"33평(110.77), 33평(110.99), 33평(111.18)",
            "last_sales":"2021-09-25,49000.0,33평(110.77)"
        },
        {
            "index":164,
            "아파트명":"미소랑(도시형)",
            "투자타입":"일반",
            "전용면적(m2)":"24.6",
            "전용면적(평)":"7평",
            "법정동주소":"충청북도 청주시 흥덕구 강서동 466",
            "도로명주소":"충청북도 청주시 흥덕구 가로수로1164번길 41-8",
            "세대수":0,
            "입주년차":80,
            "용적률점수":"--",
            "건폐율점수":"--",
            "세대당주차수":0,
            "난방방식":30,
            "공급면적":"--",
            "전용률":"--",
            "욕실수":50,
            "현관타입":100,
            "주거총점":34.0,
            "지역구공급총점":0.0,
            "역세권":"NA",
            "30분내 이동가능 거점":"NA",
            "1시간내 이동가능 거점":"NA",
            "교통총점":"NA",
            "백화점":100,
            "아울렛몰":80,
            "대형마트":80,
            "은행":70,
            "병원":80,
            "종합병원":100,
            "공원":0,
            "혐오시설":0,
            "인프라총점":85.0,
            "초등학군":90.35,
            "중학군":51.98,
            "학군총점":59.654,
            "인구수":30.77,
            "인구증감":4.59,
            "인구총점":22.916,
            "일자리":9.7,
            "소득수준":60.34,
            "일자리총점":24.892,
            "가치 총점":60.8135,
            "매매실거래년":20210714.0,
            "매매실거래가":11500.0,
            "전세실거래년":20210103.0,
            "전세실거래가":5000.0,
            "전세가율":88.5,
            "장기전세가율평균":74.66,
            "전세가율거품지수":-13.84,
            "검색코드":111587,
            "세대수":168.0,
            "준공년월":"2014-09-04",
            "준공년차":9.0,
            "가까운역이름":"NA",
            "가까운역거리":"NA",
            "역세권여부":"NA",
            "30분이내주요거점역":"NA",
            "1시간이내주요거점역":"NA",
            "3km이내백화점수":1,
            "5km이내아울렛몰수":1,
            "1km이내대형먀트수":1,
            "500m이내은행수":3,
            "500m이내병원수":46,
            "5km이내대형병원수":3,
            "500m이내공원수":0,
            "3km이내혐오시설수":0,
            "초등학교학업성취도":90.35,
            "중학교학업성취도":83.7,
            "용적률":749,
            "건폐율":69,
            "Y":36.625172,
            "X":127.427363,
            "rank":32.0,
            "area_info":"7평(24.6), 13평(44.71), 16평(54.74), 16평(54.89)",
            "last_sales":"2021-07-14,11500.0,16평(54.89)"
        },
        {
            "index":0,
            "아파트명":"가경e-편한세상",
            "투자타입":"일반",
            "전용면적(m2)":"159.38",
            "전용면적(평)":"48평",
            "법정동주소":"충청북도 청주시 흥덕구 가경동 1764",
            "도로명주소":"충청북도 청주시 흥덕구 서현북로 15",
            "세대수":30,
            "입주년차":40,
            "용적률점수":"--",
            "건폐율점수":"--",
            "세대당주차수":80,
            "난방방식":100,
            "공급면적":"--",
            "전용률":"--",
            "욕실수":100,
            "현관타입":100,
            "주거총점":60.5,
            "지역구공급총점":0.0,
            "역세권":"NA",
            "30분내 이동가능 거점":"NA",
            "1시간내 이동가능 거점":"NA",
            "교통총점":"NA",
            "백화점":100,
            "아울렛몰":80,
            "대형마트":0,
            "은행":0,
            "병원":0,
            "종합병원":100,
            "공원":100,
            "혐오시설":0,
            "인프라총점":61.0,
            "초등학군":95.53,
            "중학군":51.98,
            "학군총점":60.69,
            "인구수":30.77,
            "인구증감":4.59,
            "인구총점":22.916,
            "일자리":9.7,
            "소득수준":60.34,
            "일자리총점":24.892,
            "가치 총점":60.7475,
            "매매실거래년":20211112.0,
            "매매실거래가":76600.0,
            "전세실거래년":20211018.0,
            "전세실거래가":46000.0,
            "전세가율":70.5,
            "장기전세가율평균":74.66,
            "전세가율거품지수":4.16,
            "검색코드":26158,
            "세대수":385.0,
            "준공년월":"2008-09-12",
            "준공년차":15.0,
            "가까운역이름":"NA",
            "가까운역거리":"NA",
            "역세권여부":"NA",
            "30분이내주요거점역":"NA",
            "1시간이내주요거점역":"NA",
            "3km이내백화점수":1,
            "5km이내아울렛몰수":1,
            "1km이내대형먀트수":0,
            "500m이내은행수":0,
            "500m이내병원수":1,
            "5km이내대형병원수":3,
            "500m이내공원수":2,
            "3km이내혐오시설수":0,
            "초등학교학업성취도":95.53,
            "중학교학업성취도":83.7,
            "용적률":216,
            "건폐율":21,
            "Y":36.618634,
            "X":127.424583,
            "rank":33.0,
            "area_info":"48평(159.38), 48평(160.75), 49평(163.89), 49평(165.27), 58평(194.26)",
            "last_sales":"2021-11-12,76600.0,58평(194.26)"
        },
        {
            "index":276,
            "아파트명":"세원느티마을",
            "투자타입":"일반",
            "전용면적(m2)":"76.26",
            "전용면적(평)":"23평",
            "법정동주소":"충청북도 청주시 흥덕구 복대동 2461",
            "도로명주소":"충청북도 청주시 흥덕구 진재로 67",
            "세대수":50,
            "입주년차":20,
            "용적률점수":"--",
            "건폐율점수":"--",
            "세대당주차수":0,
            "난방방식":100,
            "공급면적":"--",
            "전용률":"--",
            "욕실수":100,
            "현관타입":100,
            "주거총점":51.5,
            "지역구공급총점":0.0,
            "역세권":"NA",
            "30분내 이동가능 거점":"NA",
            "1시간내 이동가능 거점":"NA",
            "교통총점":"NA",
            "백화점":100,
            "아울렛몰":80,
            "대형마트":0,
            "은행":0,
            "병원":60,
            "종합병원":100,
            "공원":100,
            "혐오시설":0,
            "인프라총점":67.0,
            "초등학군":88.48,
            "중학군":57.46,
            "학군총점":63.664,
            "인구수":30.77,
            "인구증감":4.59,
            "인구총점":22.916,
            "일자리":9.7,
            "소득수준":60.34,
            "일자리총점":24.892,
            "가치 총점":60.741,
            "매매실거래년":20211222.0,
            "매매실거래가":20500.0,
            "전세실거래년":20220113.0,
            "전세실거래가":13650.0,
            "전세가율":66.59,
            "장기전세가율평균":74.66,
            "전세가율거품지수":8.07,
            "검색코드":7335,
            "세대수":526.0,
            "준공년월":"1999-09-21",
            "준공년차":24.0,
            "가까운역이름":"NA",
            "가까운역거리":"NA",
            "역세권여부":"NA",
            "30분이내주요거점역":"NA",
            "1시간이내주요거점역":"NA",
            "3km이내백화점수":1,
            "5km이내아울렛몰수":1,
            "1km이내대형먀트수":0,
            "500m이내은행수":1,
            "500m이내병원수":24,
            "5km이내대형병원수":3,
            "500m이내공원수":3,
            "3km이내혐오시설수":0,
            "초등학교학업성취도":88.48,
            "중학교학업성취도":92.7,
            "용적률":212,
            "건폐율":24,
            "Y":36.637497,
            "X":127.428603,
            "rank":34.0,
            "area_info":"23평(76.26), 24평(81.62)",
            "last_sales":"2021-12-22,20500.0,23평(76.26)"
        },
        {
            "index":451,
            "아파트명":"청주비하계룡리슈빌2차",
            "투자타입":"일반",
            "전용면적(m2)":"114.91",
            "전용면적(평)":"34평",
            "법정동주소":"충청북도 청주시 흥덕구 비하동 809",
            "도로명주소":"충청북도 청주시 흥덕구 비하로57번길 37",
            "세대수":50,
            "입주년차":60,
            "용적률점수":"--",
            "건폐율점수":"--",
            "세대당주차수":60,
            "난방방식":30,
            "공급면적":"--",
            "전용률":"--",
            "욕실수":100,
            "현관타입":100,
            "주거총점":61.5,
            "지역구공급총점":0.0,
            "역세권":"NA",
            "30분내 이동가능 거점":"NA",
            "1시간내 이동가능 거점":"NA",
            "교통총점":"NA",
            "백화점":100,
            "아울렛몰":80,
            "대형마트":0,
            "은행":0,
            "병원":10,
            "종합병원":100,
            "공원":80,
            "혐오시설":0,
            "인프라총점":61.4,
            "초등학군":90.35,
            "중학군":50.0,
            "학군총점":58.07,
            "인구수":30.77,
            "인구증감":4.59,
            "인구총점":22.916,
            "일자리":9.7,
            "소득수준":60.34,
            "일자리총점":24.892,
            "가치 총점":60.6025,
            "매매실거래년":20211222.0,
            "매매실거래가":54700.0,
            "전세실거래년":20211014.0,
            "전세실거래가":34000.0,
            "전세가율":85.0,
            "장기전세가율평균":74.66,
            "전세가율거품지수":-10.34,
            "검색코드":103456,
            "세대수":540.0,
            "준공년월":"2009-11-30",
            "준공년차":14.0,
            "가까운역이름":"NA",
            "가까운역거리":"NA",
            "역세권여부":"NA",
            "30분이내주요거점역":"NA",
            "1시간이내주요거점역":"NA",
            "3km이내백화점수":1,
            "5km이내아울렛몰수":1,
            "1km이내대형먀트수":0,
            "500m이내은행수":0,
            "500m이내병원수":4,
            "5km이내대형병원수":3,
            "500m이내공원수":1,
            "3km이내혐오시설수":0,
            "초등학교학업성취도":90.35,
            "중학교학업성취도":81.8,
            "용적률":197,
            "건폐율":23,
            "Y":36.631425,
            "X":127.421547,
            "rank":35.0,
            "area_info":"34평(114.91), 39평(131.68), 39평(131.73), 45평(151.79), 55평(184.57)",
            "last_sales":"2021-12-22,54700.0,55평(184.57)"
        },
        {
            "index":296,
            "아파트명":"청주복대두진하트리움2차",
            "투자타입":"일반",
            "전용면적(m2)":"101.36",
            "전용면적(평)":"30평",
            "법정동주소":"충청북도 청주시 흥덕구 복대동 3403",
            "도로명주소":"충청북도 청주시 흥덕구 대신로73번길 50",
            "세대수":0,
            "입주년차":80,
            "용적률점수":"--",
            "건폐율점수":"--",
            "세대당주차수":60,
            "난방방식":30,
            "공급면적":"--",
            "전용률":"--",
            "욕실수":100,
            "현관타입":100,
            "주거총점":48.0,
            "지역구공급총점":0.0,
            "역세권":"NA",
            "30분내 이동가능 거점":"NA",
            "1시간내 이동가능 거점":"NA",
            "교통총점":"NA",
            "백화점":100,
            "아울렛몰":80,
            "대형마트":0,
            "은행":0,
            "병원":60,
            "종합병원":100,
            "공원":100,
            "혐오시설":0,
            "인프라총점":67.0,
            "초등학군":93.88,
            "중학군":57.46,
            "학군총점":64.744,
            "인구수":30.77,
            "인구증감":4.59,
            "인구총점":22.916,
            "일자리":9.7,
            "소득수준":60.34,
            "일자리총점":24.892,
            "가치 총점":59.786,
            "매매실거래년":20211125.0,
            "매매실거래가":53000.0,
            "전세실거래년":20211222.0,
            "전세실거래가":24150.0,
            "전세가율":48.49,
            "장기전세가율평균":74.66,
            "전세가율거품지수":26.17,
            "검색코드":113572,
            "세대수":293.0,
            "준공년월":"2018-11-23",
            "준공년차":5.0,
            "가까운역이름":"NA",
            "가까운역거리":"NA",
            "역세권여부":"NA",
            "30분이내주요거점역":"NA",
            "1시간이내주요거점역":"NA",
            "3km이내백화점수":1,
            "5km이내아울렛몰수":1,
            "1km이내대형먀트수":0,
            "500m이내은행수":0,
            "500m이내병원수":28,
            "5km이내대형병원수":3,
            "500m이내공원수":4,
            "3km이내혐오시설수":0,
            "초등학교학업성취도":93.88,
            "중학교학업성취도":92.7,
            "용적률":229,
            "건폐율":31,
            "Y":36.640221,
            "X":127.431977,
            "rank":36.0,
            "area_info":"30평(101.36), 30평(102.0), 30평(102.06)",
            "last_sales":"2021-11-25,53000.0,30평(102.06)"
        },
        {
            "index":458,
            "아파트명":"청주비하대광로제비앙2차",
            "투자타입":"일반",
            "전용면적(m2)":"111.43",
            "전용면적(평)":"33평",
            "법정동주소":"충청북도 청주시 흥덕구 비하동 819",
            "도로명주소":"충청북도 청주시 흥덕구 가로수로1131번길 12",
            "세대수":0,
            "입주년차":80,
            "용적률점수":"--",
            "건폐율점수":"--",
            "세대당주차수":60,
            "난방방식":30,
            "공급면적":"--",
            "전용률":"--",
            "욕실수":100,
            "현관타입":100,
            "주거총점":48.0,
            "지역구공급총점":0.0,
            "역세권":"NA",
            "30분내 이동가능 거점":"NA",
            "1시간내 이동가능 거점":"NA",
            "교통총점":"NA",
            "백화점":100,
            "아울렛몰":80,
            "대형마트":80,
            "은행":0,
            "병원":10,
            "종합병원":100,
            "공원":0,
            "혐오시설":0,
            "인프라총점":71.0,
            "초등학군":90.35,
            "중학군":50.0,
            "학군총점":58.07,
            "인구수":30.77,
            "인구증감":4.59,
            "인구총점":22.916,
            "일자리":9.7,
            "소득수준":60.34,
            "일자리총점":24.892,
            "가치 총점":59.7175,
            "매매실거래년":20211220.0,
            "매매실거래가":45000.0,
            "전세실거래년":20210622.0,
            "전세실거래가":30000.0,
            "전세가율":68.18,
            "장기전세가율평균":74.66,
            "전세가율거품지수":6.48,
            "검색코드":111882,
            "세대수":110.0,
            "준공년월":"2018-02-27",
            "준공년차":5.0,
            "가까운역이름":"NA",
            "가까운역거리":"NA",
            "역세권여부":"NA",
            "30분이내주요거점역":"NA",
            "1시간이내주요거점역":"NA",
            "3km이내백화점수":1,
            "5km이내아울렛몰수":1,
            "1km이내대형먀트수":1,
            "500m이내은행수":0,
            "500m이내병원수":2,
            "5km이내대형병원수":3,
            "500m이내공원수":0,
            "3km이내혐오시설수":0,
            "초등학교학업성취도":90.35,
            "중학교학업성취도":81.8,
            "용적률":229,
            "건폐율":17,
            "Y":36.627224,
            "X":127.422857,
            "rank":37.0,
            "area_info":"33평(111.43), 33평(111.73)",
            "last_sales":"2021-12-20,45000.0,33평(111.73)"
        },
        {
            "index":75,
            "아파트명":"청주가경아이파크3단지",
            "투자타입":"일반",
            "전용면적(m2)":"109.32",
            "전용면적(평)":"33평",
            "법정동주소":"충청북도 청주시 흥덕구 가경동 2276",
            "도로명주소":"충청북도 청주시 흥덕구 서현로 62",
            "세대수":90,
            "입주년차":100,
            "용적률점수":"--",
            "건폐율점수":"--",
            "세대당주차수":60,
            "난방방식":100,
            "공급면적":"--",
            "전용률":"--",
            "욕실수":100,
            "현관타입":100,
            "주거총점":90.5,
            "지역구공급총점":0.0,
            "역세권":"NA",
            "30분내 이동가능 거점":"NA",
            "1시간내 이동가능 거점":"NA",
            "교통총점":"NA",
            "백화점":0,
            "아울렛몰":80,
            "대형마트":0,
            "은행":0,
            "병원":10,
            "종합병원":100,
            "공원":100,
            "혐오시설":0,
            "인프라총점":32.0,
            "초등학군":95.53,
            "중학군":51.98,
            "학군총점":60.69,
            "인구수":30.77,
            "인구증감":4.59,
            "인구총점":22.916,
            "일자리":9.7,
            "소득수준":60.34,
            "일자리총점":24.892,
            "가치 총점":59.6475,
            "매매실거래년":20210512.0,
            "매매실거래가":74103.0,
            "전세실거래년":null,
            "전세실거래가":null,
            "전세가율":null,
            "장기전세가율평균":74.66,
            "전세가율거품지수":null,
            "검색코드":122444,
            "세대수":983.0,
            "준공년월":"2021-05-27",
            "준공년차":2.0,
            "가까운역이름":"NA",
            "가까운역거리":"NA",
            "역세권여부":"NA",
            "30분이내주요거점역":"NA",
            "1시간이내주요거점역":"NA",
            "3km이내백화점수":0,
            "5km이내아울렛몰수":1,
            "1km이내대형먀트수":0,
            "500m이내은행수":0,
            "500m이내병원수":2,
            "5km이내대형병원수":3,
            "500m이내공원수":3,
            "3km이내혐오시설수":0,
            "초등학교학업성취도":95.53,
            "중학교학업성취도":83.7,
            "용적률":229,
            "건폐율":14,
            "Y":36.616498,
            "X":127.428642,
            "rank":38.0,
            "area_info":"33평(109.32), 33평(109.79), 33평(110.11), 40평(135.44), 55평(184.96)",
            "last_sales":"2021-05-12,74103.0,40평(135.44)"
        },
        {
            "index":10,
            "아파트명":"가경신라",
            "투자타입":"일반",
            "전용면적(m2)":"82.99",
            "전용면적(평)":"25평",
            "법정동주소":"충청북도 청주시 흥덕구 가경동 768",
            "도로명주소":"충청북도 청주시 흥덕구 가로수로1308번길 42",
            "세대수":30,
            "입주년차":0,
            "용적률점수":"--",
            "건폐율점수":"--",
            "세대당주차수":30,
            "난방방식":30,
            "공급면적":"--",
            "전용률":"--",
            "욕실수":50,
            "현관타입":100,
            "주거총점":33.0,
            "지역구공급총점":0.0,
            "역세권":"NA",
            "30분내 이동가능 거점":"NA",
            "1시간내 이동가능 거점":"NA",
            "교통총점":"NA",
            "백화점":100,
            "아울렛몰":80,
            "대형마트":80,
            "은행":70,
            "병원":80,
            "종합병원":100,
            "공원":80,
            "혐오시설":0,
            "인프라총점":87.4,
            "초등학군":86.54,
            "중학군":43.96,
            "학군총점":52.476,
            "인구수":30.77,
            "인구증감":4.59,
            "인구총점":22.916,
            "일자리":9.7,
            "소득수준":60.34,
            "일자리총점":24.892,
            "가치 총점":59.629,
            "매매실거래년":20211104.0,
            "매매실거래가":18000.0,
            "전세실거래년":20211119.0,
            "전세실거래가":14000.0,
            "전세가율":93.33,
            "장기전세가율평균":74.66,
            "전세가율거품지수":-18.67,
            "검색코드":7222,
            "세대수":324.0,
            "준공년월":"1993-05-20",
            "준공년차":30.0,
            "가까운역이름":"NA",
            "가까운역거리":"NA",
            "역세권여부":"NA",
            "30분이내주요거점역":"NA",
            "1시간이내주요거점역":"NA",
            "3km이내백화점수":1,
            "5km이내아울렛몰수":1,
            "1km이내대형먀트수":1,
            "500m이내은행수":3,
            "500m이내병원수":33,
            "5km이내대형병원수":3,
            "500m이내공원수":1,
            "3km이내혐오시설수":0,
            "초등학교학업성취도":86.54,
            "중학교학업성취도":71.8,
            "용적률":203,
            "건폐율":20,
            "Y":36.63077,
            "X":127.43712,
            "rank":39.0,
            "area_info":"25평(82.99), 26평(86.69), 31평(103.57), 31평(103.26)",
            "last_sales":"2021-11-04,18000.0,31평(103.26)"
        },
        {
            "index":267,
            "아파트명":"삼일(3034)",
            "투자타입":"일반",
            "전용면적(m2)":"105.46",
            "전용면적(평)":"31평",
            "법정동주소":"충청북도 청주시 흥덕구 복대동 3034",
            "도로명주소":"충청북도 청주시 흥덕구 증안로 108",
            "세대수":50,
            "입주년차":0,
            "용적률점수":"--",
            "건폐율점수":"--",
            "세대당주차수":0,
            "난방방식":100,
            "공급면적":"--",
            "전용률":"--",
            "욕실수":100,
            "현관타입":100,
            "주거총점":47.5,
            "지역구공급총점":0.0,
            "역세권":"NA",
            "30분내 이동가능 거점":"NA",
            "1시간내 이동가능 거점":"NA",
            "교통총점":"NA",
            "백화점":100,
            "아울렛몰":80,
            "대형마트":80,
            "은행":0,
            "병원":10,
            "종합병원":100,
            "공원":100,
            "혐오시설":0,
            "인프라총점":74.0,
            "초등학군":88.38,
            "중학군":43.96,
            "학군총점":52.844,
            "인구수":30.77,
            "인구증감":4.59,
            "인구총점":22.916,
            "일자리":9.7,
            "소득수준":60.34,
            "일자리총점":24.892,
            "가치 총점":59.436,
            "매매실거래년":20211206.0,
            "매매실거래가":23500.0,
            "전세실거래년":20211220.0,
            "전세실거래가":14700.0,
            "전세가율":53.26,
            "장기전세가율평균":74.66,
            "전세가율거품지수":21.4,
            "검색코드":15438,
            "세대수":478.0,
            "준공년월":"1998-11-10",
            "준공년차":25.0,
            "가까운역이름":"NA",
            "가까운역거리":"NA",
            "역세권여부":"NA",
            "30분이내주요거점역":"NA",
            "1시간이내주요거점역":"NA",
            "3km이내백화점수":1,
            "5km이내아울렛몰수":1,
            "1km이내대형먀트수":1,
            "500m이내은행수":0,
            "500m이내병원수":4,
            "5km이내대형병원수":3,
            "500m이내공원수":3,
            "3km이내혐오시설수":0,
            "초등학교학업성취도":88.38,
            "중학교학업성취도":71.8,
            "용적률":211,
            "건폐율":22,
            "Y":36.634256,
            "X":127.435045,
            "rank":40.0,
            "area_info":"31평(105.46), 32평(108.03)",
            "last_sales":"2021-12-06,23500.0,32평(108.03)"
        },
        {
            "index":220,
            "아파트명":"청주강서동광모닝스카이(도시형)",
            "투자타입":"일반",
            "전용면적(m2)":"22.41",
            "전용면적(평)":"6평",
            "법정동주소":"충청북도 청주시 흥덕구 강서동 458",
            "도로명주소":"충청북도 청주시 흥덕구 가로수로1164번길 41-33",
            "세대수":0,
            "입주년차":80,
            "용적률점수":"--",
            "건폐율점수":"--",
            "세대당주차수":0,
            "난방방식":30,
            "공급면적":"--",
            "전용률":"--",
            "욕실수":50,
            "현관타입":100,
            "주거총점":34.0,
            "지역구공급총점":0.0,
            "역세권":"NA",
            "30분내 이동가능 거점":"NA",
            "1시간내 이동가능 거점":"NA",
            "교통총점":"NA",
            "백화점":100,
            "아울렛몰":80,
            "대형마트":80,
            "은행":70,
            "병원":80,
            "종합병원":100,
            "공원":0,
            "혐오시설":0,
            "인프라총점":85.0,
            "초등학군":90.35,
            "중학군":43.96,
            "학군총점":53.238,
            "인구수":30.77,
            "인구증감":4.59,
            "인구총점":22.916,
            "일자리":9.7,
            "소득수준":60.34,
            "일자리총점":24.892,
            "가치 총점":59.2095,
            "매매실거래년":20211123.0,
            "매매실거래가":9800.0,
            "전세실거래년":20211231.0,
            "전세실거래가":4500.0,
            "전세가율":88.24,
            "장기전세가율평균":74.66,
            "전세가율거품지수":-13.58,
            "검색코드":112525,
            "세대수":298.0,
            "준공년월":"2016-06-07",
            "준공년차":7.0,
            "가까운역이름":"NA",
            "가까운역거리":"NA",
            "역세권여부":"NA",
            "30분이내주요거점역":"NA",
            "1시간이내주요거점역":"NA",
            "3km이내백화점수":1,
            "5km이내아울렛몰수":1,
            "1km이내대형먀트수":1,
            "500m이내은행수":3,
            "500m이내병원수":56,
            "5km이내대형병원수":3,
            "500m이내공원수":0,
            "3km이내혐오시설수":0,
            "초등학교학업성취도":90.35,
            "중학교학업성취도":71.8,
            "용적률":828,
            "건폐율":54,
            "Y":36.626473,
            "X":127.428103,
            "rank":41.0,
            "area_info":"6평(22.41), 9평(29.92), 12평(41.34)",
            "last_sales":"2021-11-23,9800.0,12평(41.34)"
        },
        {
            "index":188,
            "아파트명":"신해블루지움(도시형)",
            "투자타입":"일반",
            "전용면적(m2)":"25.03",
            "전용면적(평)":"7평",
            "법정동주소":"충청북도 청주시 흥덕구 강서동 459",
            "도로명주소":"충청북도 청주시 흥덕구 2순환로 1222",
            "세대수":0,
            "입주년차":80,
            "용적률점수":"--",
            "건폐율점수":"--",
            "세대당주차수":60,
            "난방방식":30,
            "공급면적":"--",
            "전용률":"--",
            "욕실수":50,
            "현관타입":10,
            "주거총점":34.0,
            "지역구공급총점":0.0,
            "역세권":"NA",
            "30분내 이동가능 거점":"NA",
            "1시간내 이동가능 거점":"NA",
            "교통총점":"NA",
            "백화점":100,
            "아울렛몰":80,
            "대형마트":80,
            "은행":70,
            "병원":80,
            "종합병원":100,
            "공원":0,
            "혐오시설":0,
            "인프라총점":85.0,
            "초등학군":90.35,
            "중학군":43.96,
            "학군총점":53.238,
            "인구수":30.77,
            "인구증감":4.59,
            "인구총점":22.916,
            "일자리":9.7,
            "소득수준":60.34,
            "일자리총점":24.892,
            "가치 총점":59.2095,
            "매매실거래년":20220101.0,
            "매매실거래가":6300.0,
            "전세실거래년":20211220.0,
            "전세실거래가":6500.0,
            "전세가율":103.17,
            "장기전세가율평균":74.66,
            "전세가율거품지수":-28.51,
            "검색코드":109825,
            "세대수":298.0,
            "준공년월":"2017-11-08",
            "준공년차":6.0,
            "가까운역이름":"NA",
            "가까운역거리":"NA",
            "역세권여부":"NA",
            "30분이내주요거점역":"NA",
            "1시간이내주요거점역":"NA",
            "3km이내백화점수":1,
            "5km이내아울렛몰수":1,
            "1km이내대형먀트수":1,
            "500m이내은행수":3,
            "500m이내병원수":58,
            "5km이내대형병원수":3,
            "500m이내공원수":0,
            "3km이내혐오시설수":0,
            "초등학교학업성취도":90.35,
            "중학교학업성취도":71.8,
            "용적률":888,
            "건폐율":67,
            "Y":36.626785,
            "X":127.428845,
            "rank":41.0,
            "area_info":"7평(25.03), 8평(29.29), 11평(36.61), 11평(37.99)",
            "last_sales":"2022-01-01,6300.0,7평(25.03)"
        },
        {
            "index":133,
            "아파트명":"강서베리굿3차(도시형)",
            "투자타입":"일반",
            "전용면적(m2)":"72.52",
            "전용면적(평)":"21평",
            "법정동주소":"충청북도 청주시 흥덕구 강서동 502",
            "도로명주소":"충청북도 청주시 흥덕구 서현중로 61",
            "세대수":0,
            "입주년차":80,
            "용적률점수":"--",
            "건폐율점수":"--",
            "세대당주차수":0,
            "난방방식":30,
            "공급면적":"--",
            "전용률":"--",
            "욕실수":50,
            "현관타입":10,
            "주거총점":25.0,
            "지역구공급총점":0.0,
            "역세권":"NA",
            "30분내 이동가능 거점":"NA",
            "1시간내 이동가능 거점":"NA",
            "교통총점":"NA",
            "백화점":100,
            "아울렛몰":80,
            "대형마트":80,
            "은행":70,
            "병원":80,
            "종합병원":100,
            "공원":100,
            "혐오시설":0,
            "인프라총점":88.0,
            "초등학군":95.53,
            "중학군":51.98,
            "학군총점":60.69,
            "인구수":30.77,
            "인구증감":4.59,
            "인구총점":22.916,
            "일자리":9.7,
            "소득수준":60.34,
            "일자리총점":24.892,
            "가치 총점":59.1225,
            "매매실거래년":20211109.0,
            "매매실거래가":14600.0,
            "전세실거래년":null,
            "전세실거래가":null,
            "전세가율":null,
            "장기전세가율평균":74.66,
            "전세가율거품지수":null,
            "검색코드":113038,
            "세대수":144.0,
            "준공년월":"2017-06-26",
            "준공년차":6.0,
            "가까운역이름":"NA",
            "가까운역거리":"NA",
            "역세권여부":"NA",
            "30분이내주요거점역":"NA",
            "1시간이내주요거점역":"NA",
            "3km이내백화점수":1,
            "5km이내아울렛몰수":1,
            "1km이내대형먀트수":1,
            "500m이내은행수":3,
            "500m이내병원수":44,
            "5km이내대형병원수":3,
            "500m이내공원수":2,
            "3km이내혐오시설수":0,
            "초등학교학업성취도":95.53,
            "중학교학업성취도":83.7,
            "용적률":898,
            "건폐율":69,
            "Y":36.623652,
            "X":127.428012,
            "rank":42.0,
            "area_info":"21평(72.52), 21평(72.52), 22평(72.94)",
            "last_sales":"2021-11-09,14600.0,22평(72.94)"
        },
        {
            "index":47,
            "아파트명":"덕일한마음",
            "투자타입":"일반",
            "전용면적(m2)":"76.7",
            "전용면적(평)":"23평",
            "법정동주소":"충청북도 청주시 흥덕구 가경동 1515",
            "도로명주소":"충청북도 청주시 흥덕구 장구봉로 71",
            "세대수":50,
            "입주년차":0,
            "용적률점수":"--",
            "건폐율점수":"--",
            "세대당주차수":0,
            "난방방식":80,
            "공급면적":"--",
            "전용률":"--",
            "욕실수":50,
            "현관타입":100,
            "주거총점":40.5,
            "지역구공급총점":0.0,
            "역세권":"NA",
            "30분내 이동가능 거점":"NA",
            "1시간내 이동가능 거점":"NA",
            "교통총점":"NA",
            "백화점":100,
            "아울렛몰":80,
            "대형마트":100,
            "은행":0,
            "병원":30,
            "종합병원":100,
            "공원":100,
            "혐오시설":0,
            "인프라총점":79.0,
            "초등학군":85.13,
            "중학군":43.78,
            "학군총점":52.05,
            "인구수":30.77,
            "인구증감":4.59,
            "인구총점":22.916,
            "일자리":9.7,
            "소득수준":60.34,
            "일자리총점":24.892,
            "가치 총점":58.7875,
            "매매실거래년":20220113.0,
            "매매실거래가":18950.0,
            "전세실거래년":20220108.0,
            "전세실거래가":16500.0,
            "전세가율":87.07,
            "장기전세가율평균":74.66,
            "전세가율거품지수":-12.41,
            "검색코드":7203,
            "세대수":448.0,
            "준공년월":"1997-06-27",
            "준공년차":26.0,
            "가까운역이름":"NA",
            "가까운역거리":"NA",
            "역세권여부":"NA",
            "30분이내주요거점역":"NA",
            "1시간이내주요거점역":"NA",
            "3km이내백화점수":1,
            "5km이내아울렛몰수":1,
            "1km이내대형먀트수":2,
            "500m이내은행수":0,
            "500m이내병원수":5,
            "5km이내대형병원수":5,
            "500m이내공원수":6,
            "3km이내혐오시설수":0,
            "초등학교학업성취도":85.13,
            "중학교학업성취도":70.9,
            "용적률":213,
            "건폐율":25,
            "Y":36.6233,
            "X":127.441352,
            "rank":43.0,
            "area_info":"23평(76.7), 23평(76.68)",
            "last_sales":"2022-01-13,18950.0,23평(76.7)"
        },
        {
            "index":465,
            "아파트명":"효성1차",
            "투자타입":"일반",
            "전용면적(m2)":"61.44",
            "전용면적(평)":"18평",
            "법정동주소":"충청북도 청주시 흥덕구 비하동 300",
            "도로명주소":"충청북도 청주시 흥덕구 2순환로1050번길 13-14",
            "세대수":80,
            "입주년차":0,
            "용적률점수":"--",
            "건폐율점수":"--",
            "세대당주차수":0,
            "난방방식":30,
            "공급면적":"--",
            "전용률":"--",
            "욕실수":50,
            "현관타입":10,
            "주거총점":37.0,
            "지역구공급총점":0.0,
            "역세권":"NA",
            "30분내 이동가능 거점":"NA",
            "1시간내 이동가능 거점":"NA",
            "교통총점":"NA",
            "백화점":100,
            "아울렛몰":80,
            "대형마트":80,
            "은행":0,
            "병원":10,
            "종합병원":100,
            "공원":100,
            "혐오시설":0,
            "인프라총점":74.0,
            "초등학군":93.88,
            "중학군":57.46,
            "학군총점":64.744,
            "인구수":30.77,
            "인구증감":4.59,
            "인구총점":22.916,
            "일자리":9.7,
            "소득수준":60.34,
            "일자리총점":24.892,
            "가치 총점":58.736,
            "매매실거래년":20211231.0,
            "매매실거래가":9400.0,
            "전세실거래년":20220107.0,
            "전세실거래가":10500.0,
            "전세가율":111.7,
            "장기전세가율평균":74.66,
            "전세가율거품지수":-37.04,
            "검색코드":7478,
            "세대수":894.0,
            "준공년월":"1995-09-12",
            "준공년차":28.0,
            "가까운역이름":"NA",
            "가까운역거리":"NA",
            "역세권여부":"NA",
            "30분이내주요거점역":"NA",
            "1시간이내주요거점역":"NA",
            "3km이내백화점수":1,
            "5km이내아울렛몰수":1,
            "1km이내대형먀트수":1,
            "500m이내은행수":0,
            "500m이내병원수":3,
            "5km이내대형병원수":3,
            "500m이내공원수":2,
            "3km이내혐오시설수":0,
            "초등학교학업성취도":93.88,
            "중학교학업성취도":92.7,
            "용적률":249,
            "건폐율":22,
            "Y":36.640325,
            "X":127.420798,
            "rank":44.0,
            "area_info":"18평(61.44), 24평(81.21)",
            "last_sales":"2021-12-31,9400.0,18평(61.44)"
        },
        {
            "index":127,
            "아파트명":"강서베리굿2차(도시형)",
            "투자타입":"일반",
            "전용면적(m2)":"32.76",
            "전용면적(평)":"9평",
            "법정동주소":"충청북도 청주시 흥덕구 강서동 482",
            "도로명주소":"충청북도 청주시 흥덕구 강서로 111",
            "세대수":0,
            "입주년차":80,
            "용적률점수":"--",
            "건폐율점수":"--",
            "세대당주차수":0,
            "난방방식":30,
            "공급면적":"--",
            "전용률":"--",
            "욕실수":50,
            "현관타입":10,
            "주거총점":25.0,
            "지역구공급총점":0.0,
            "역세권":"NA",
            "30분내 이동가능 거점":"NA",
            "1시간내 이동가능 거점":"NA",
            "교통총점":"NA",
            "백화점":100,
            "아울렛몰":80,
            "대형마트":80,
            "은행":70,
            "병원":80,
            "종합병원":100,
            "공원":80,
            "혐오시설":0,
            "인프라총점":87.4,
            "초등학군":90.35,
            "중학군":51.98,
            "학군총점":59.654,
            "인구수":30.77,
            "인구증감":4.59,
            "인구총점":22.916,
            "일자리":9.7,
            "소득수준":60.34,
            "일자리총점":24.892,
            "가치 총점":58.6235,
            "매매실거래년":20190612.0,
            "매매실거래가":9540.0,
            "전세실거래년":20211106.0,
            "전세실거래가":6000.0,
            "전세가율":75.95,
            "장기전세가율평균":74.66,
            "전세가율거품지수":-1.29,
            "검색코드":112981,
            "세대수":285.0,
            "준공년월":"2016-08-29",
            "준공년차":7.0,
            "가까운역이름":"NA",
            "가까운역거리":"NA",
            "역세권여부":"NA",
            "30분이내주요거점역":"NA",
            "1시간이내주요거점역":"NA",
            "3km이내백화점수":1,
            "5km이내아울렛몰수":1,
            "1km이내대형먀트수":1,
            "500m이내은행수":3,
            "500m이내병원수":59,
            "5km이내대형병원수":3,
            "500m이내공원수":1,
            "3km이내혐오시설수":0,
            "초등학교학업성취도":90.35,
            "중학교학업성취도":83.7,
            "용적률":873,
            "건폐율":69,
            "Y":36.625001,
            "X":127.428616,
            "rank":45.0,
            "area_info":"9평(32.76), 11평(37.0), 11평(38.05), 11평(38.71), 12평(41.2), 12평(42.0)",
            "last_sales":"2019-06-12,9540.0,12평(42.0)"
        },
        {
            "index":51,
            "아파트명":"벽산",
            "투자타입":"재건축",
            "전용면적(m2)":"114.24",
            "전용면적(평)":"34평",
            "법정동주소":"충청북도 청주시 흥덕구 가경동 762",
            "도로명주소":"충청북도 청주시 흥덕구 가경로189번길 52",
            "세대수":30,
            "입주년차":"--",
            "용적률점수":20,
            "건폐율점수":80,
            "세대당주차수":"--",
            "난방방식":"--",
            "공급면적":90,
            "전용률":80,
            "욕실수":"--",
            "현관타입":"--",
            "주거총점":41.5,
            "지역구공급총점":0.0,
            "역세권":"NA",
            "30분내 이동가능 거점":"NA",
            "1시간내 이동가능 거점":"NA",
            "교통총점":"NA",
            "백화점":100,
            "아울렛몰":80,
            "대형마트":80,
            "은행":0,
            "병원":30,
            "종합병원":100,
            "공원":100,
            "혐오시설":0,
            "인프라총점":76.0,
            "초등학군":86.54,
            "중학군":43.96,
            "학군총점":52.476,
            "인구수":30.77,
            "인구증감":4.59,
            "인구총점":22.916,
            "일자리":9.7,
            "소득수준":60.34,
            "일자리총점":24.892,
            "가치 총점":58.044,
            "매매실거래년":20211106.0,
            "매매실거래가":22000.0,
            "전세실거래년":20210427.0,
            "전세실거래가":14500.0,
            "전세가율":65.91,
            "장기전세가율평균":74.66,
            "전세가율거품지수":8.75,
            "검색코드":7208,
            "세대수":380.0,
            "준공년월":"1992-12-08",
            "준공년차":31.0,
            "가까운역이름":"NA",
            "가까운역거리":"NA",
            "역세권여부":"NA",
            "30분이내주요거점역":"NA",
            "1시간이내주요거점역":"NA",
            "3km이내백화점수":1,
            "5km이내아울렛몰수":1,
            "1km이내대형먀트수":1,
            "500m이내은행수":1,
            "500m이내병원수":5,
            "5km이내대형병원수":3,
            "500m이내공원수":2,
            "3km이내혐오시설수":0,
            "초등학교학업성취도":86.54,
            "중학교학업성취도":71.8,
            "용적률":219,
            "건폐율":20,
            "Y":36.632138,
            "X":127.433126,
            "rank":46.0,
            "area_info":"34평(114.24), 44평(145.49)",
            "last_sales":"2021-11-06,22000.0,34평(114.24)"
        },
        {
            "index":432,
            "아파트명":"대주피오레2차",
            "투자타입":"일반",
            "전용면적(m2)":"112.61",
            "전용면적(평)":"34평",
            "법정동주소":"충청북도 청주시 흥덕구 비하동 367",
            "도로명주소":"충청북도 청주시 흥덕구 2순환로1050번길 58",
            "세대수":0,
            "입주년차":40,
            "용적률점수":"--",
            "건폐율점수":"--",
            "세대당주차수":30,
            "난방방식":30,
            "공급면적":"--",
            "전용률":"--",
            "욕실수":100,
            "현관타입":100,
            "주거총점":35.5,
            "지역구공급총점":0.0,
            "역세권":"NA",
            "30분내 이동가능 거점":"NA",
            "1시간내 이동가능 거점":"NA",
            "교통총점":"NA",
            "백화점":100,
            "아울렛몰":80,
            "대형마트":80,
            "은행":0,
            "병원":10,
            "종합병원":100,
            "공원":80,
            "혐오시설":0,
            "인프라총점":73.4,
            "초등학군":93.88,
            "중학군":57.46,
            "학군총점":64.744,
            "인구수":30.77,
            "인구증감":4.59,
            "인구총점":22.916,
            "일자리":9.7,
            "소득수준":60.34,
            "일자리총점":24.892,
            "가치 총점":57.971,
            "매매실거래년":20211106.0,
            "매매실거래가":26700.0,
            "전세실거래년":20210820.0,
            "전세실거래가":20000.0,
            "전세가율":74.91,
            "장기전세가율평균":74.66,
            "전세가율거품지수":-0.25,
            "검색코드":26494,
            "세대수":189.0,
            "준공년월":"2008-09-12",
            "준공년차":15.0,
            "가까운역이름":"NA",
            "가까운역거리":"NA",
            "역세권여부":"NA",
            "30분이내주요거점역":"NA",
            "1시간이내주요거점역":"NA",
            "3km이내백화점수":1,
            "5km이내아울렛몰수":1,
            "1km이내대형먀트수":1,
            "500m이내은행수":0,
            "500m이내병원수":2,
            "5km이내대형병원수":3,
            "500m이내공원수":1,
            "3km이내혐오시설수":0,
            "초등학교학업성취도":93.88,
            "중학교학업성취도":92.7,
            "용적률":213,
            "건폐율":23,
            "Y":36.640893,
            "X":127.41905,
            "rank":47.0,
            "area_info":"34평(112.61), 34평(112.91)",
            "last_sales":"2021-11-06,26700.0,34평(112.61)"
        },
        {
            "index":14,
            "아파트명":"가경자이",
            "투자타입":"일반",
            "전용면적(m2)":"99.86",
            "전용면적(평)":"30평",
            "법정동주소":"충청북도 청주시 흥덕구 가경동 2258",
            "도로명주소":"충청북도 청주시 흥덕구 서현로 30",
            "세대수":90,
            "입주년차":100,
            "용적률점수":"--",
            "건폐율점수":"--",
            "세대당주차수":30,
            "난방방식":100,
            "공급면적":"--",
            "전용률":"--",
            "욕실수":100,
            "현관타입":100,
            "주거총점":86.0,
            "지역구공급총점":0.0,
            "역세권":"NA",
            "30분내 이동가능 거점":"NA",
            "1시간내 이동가능 거점":"NA",
            "교통총점":"NA",
            "백화점":0,
            "아울렛몰":80,
            "대형마트":0,
            "은행":0,
            "병원":0,
            "종합병원":100,
            "공원":100,
            "혐오시설":0,
            "인프라총점":31.0,
            "초등학군":95.53,
            "중학군":51.98,
            "학군총점":60.69,
            "인구수":30.77,
            "인구증감":4.59,
            "인구총점":22.916,
            "일자리":9.7,
            "소득수준":60.34,
            "일자리총점":24.892,
            "가치 총점":57.6725,
            "매매실거래년":20201205.0,
            "매매실거래가":56440.0,
            "전세실거래년":null,
            "전세실거래가":null,
            "전세가율":null,
            "장기전세가율평균":74.66,
            "전세가율거품지수":null,
            "검색코드":122589,
            "세대수":992.0,
            "준공년월":"2020-11-01",
            "준공년차":3.0,
            "가까운역이름":"NA",
            "가까운역거리":"NA",
            "역세권여부":"NA",
            "30분이내주요거점역":"NA",
            "1시간이내주요거점역":"NA",
            "3km이내백화점수":0,
            "5km이내아울렛몰수":1,
            "1km이내대형먀트수":0,
            "500m이내은행수":0,
            "500m이내병원수":1,
            "5km이내대형병원수":3,
            "500m이내공원수":2,
            "3km이내혐오시설수":0,
            "초등학교학업성취도":95.53,
            "중학교학업성취도":83.7,
            "용적률":220,
            "건폐율":15,
            "Y":36.615739,
            "X":127.426748,
            "rank":48.0,
            "area_info":"30평(99.86), 33평(110.81), 33평(111.2)",
            "last_sales":"2020-12-05,56440.0,33평(111.2)"
        },
        {
            "index":207,
            "아파트명":"주산휴네스트",
            "투자타입":"일반",
            "전용면적(m2)":"50.84",
            "전용면적(평)":"15평",
            "법정동주소":"충청북도 청주시 흥덕구 강서동 467",
            "도로명주소":"충청북도 청주시 흥덕구 강서로 101",
            "세대수":0,
            "입주년차":60,
            "용적률점수":"--",
            "건폐율점수":"--",
            "세대당주차수":0,
            "난방방식":30,
            "공급면적":"--",
            "전용률":"--",
            "욕실수":50,
            "현관타입":50,
            "주거총점":25.0,
            "지역구공급총점":0.0,
            "역세권":"NA",
            "30분내 이동가능 거점":"NA",
            "1시간내 이동가능 거점":"NA",
            "교통총점":"NA",
            "백화점":100,
            "아울렛몰":80,
            "대형마트":80,
            "은행":70,
            "병원":80,
            "종합병원":100,
            "공원":0,
            "혐오시설":0,
            "인프라총점":85.0,
            "초등학군":90.35,
            "중학군":51.98,
            "학군총점":59.654,
            "인구수":30.77,
            "인구증감":4.59,
            "인구총점":22.916,
            "일자리":9.7,
            "소득수준":60.34,
            "일자리총점":24.892,
            "가치 총점":57.6635,
            "매매실거래년":20211229.0,
            "매매실거래가":6500.0,
            "전세실거래년":20191223.0,
            "전세실거래가":7000.0,
            "전세가율":107.69,
            "장기전세가율평균":74.66,
            "전세가율거품지수":-33.03,
            "검색코드":107198,
            "세대수":120.0,
            "준공년월":"2013-05-20",
            "준공년차":10.0,
            "가까운역이름":"NA",
            "가까운역거리":"NA",
            "역세권여부":"NA",
            "30분이내주요거점역":"NA",
            "1시간이내주요거점역":"NA",
            "3km이내백화점수":1,
            "5km이내아울렛몰수":1,
            "1km이내대형먀트수":1,
            "500m이내은행수":3,
            "500m이내병원수":46,
            "5km이내대형병원수":3,
            "500m이내공원수":0,
            "3km이내혐오시설수":0,
            "초등학교학업성취도":90.35,
            "중학교학업성취도":83.7,
            "용적률":584,
            "건폐율":69,
            "Y":36.624695,
            "X":127.427545,
            "rank":49.0,
            "area_info":"15평(50.84), 15평(51.62), 16평(53.25), 17평(56.55), 17평(57.71), 17평(58.37), 17평(58.23), 19평(65.84)",
            "last_sales":"2021-12-29,6500.0,15평(50.84)"
        },
        {
            "index":69,
            "아파트명":"청주가경아이파크2단지",
            "투자타입":"일반",
            "전용면적(m2)":"97.61",
            "전용면적(평)":"29평",
            "법정동주소":"충청북도 청주시 흥덕구 가경동 2236",
            "도로명주소":"충청북도 청주시 흥덕구 서현로 68",
            "세대수":50,
            "입주년차":100,
            "용적률점수":"--",
            "건폐율점수":"--",
            "세대당주차수":30,
            "난방방식":100,
            "공급면적":"--",
            "전용률":"--",
            "욕실수":100,
            "현관타입":100,
            "주거총점":72.0,
            "지역구공급총점":0.0,
            "역세권":"NA",
            "30분내 이동가능 거점":"NA",
            "1시간내 이동가능 거점":"NA",
            "교통총점":"NA",
            "백화점":0,
            "아울렛몰":80,
            "대형마트":80,
            "은행":0,
            "병원":0,
            "종합병원":100,
            "공원":100,
            "혐오시설":0,
            "인프라총점":43.0,
            "초등학군":95.53,
            "중학군":51.98,
            "학군총점":60.69,
            "인구수":30.77,
            "인구증감":4.59,
            "인구총점":22.916,
            "일자리":9.7,
            "소득수준":60.34,
            "일자리총점":24.892,
            "가치 총점":57.5725,
            "매매실거래년":20200508.0,
            "매매실거래가":53793.0,
            "전세실거래년":null,
            "전세실거래가":null,
            "전세가율":null,
            "장기전세가율평균":74.66,
            "전세가율거품지수":null,
            "검색코드":119848,
            "세대수":664.0,
            "준공년월":"2020-02-01",
            "준공년차":3.0,
            "가까운역이름":"NA",
            "가까운역거리":"NA",
            "역세권여부":"NA",
            "30분이내주요거점역":"NA",
            "1시간이내주요거점역":"NA",
            "3km이내백화점수":0,
            "5km이내아울렛몰수":1,
            "1km이내대형먀트수":1,
            "500m이내은행수":0,
            "500m이내병원수":1,
            "5km이내대형병원수":3,
            "500m이내공원수":2,
            "3km이내혐오시설수":0,
            "초등학교학업성취도":95.53,
            "중학교학업성취도":83.7,
            "용적률":0,
            "건폐율":0,
            "Y":36.615835,
            "X":127.432012,
            "rank":50.0,
            "area_info":"29평(97.61), 32평(107.97), 32평(108.59), 40평(133.95), 40평(134.27), 46평(154.08)",
            "last_sales":"2020-05-08,53793.0,40평(133.95)"
        },
        {
            "index":200,
            "아파트명":"이랜드타운힐스싱글스위트청주(도시형)",
            "투자타입":"일반",
            "전용면적(m2)":"30.1",
            "전용면적(평)":"9평",
            "법정동주소":"충청북도 청주시 흥덕구 강서동 460",
            "도로명주소":"충청북도 청주시 흥덕구 2순환로 1228",
            "세대수":0,
            "입주년차":100,
            "용적률점수":"--",
            "건폐율점수":"--",
            "세대당주차수":0,
            "난방방식":30,
            "공급면적":"--",
            "전용률":"--",
            "욕실수":50,
            "현관타입":10,
            "주거총점":29.0,
            "지역구공급총점":0.0,
            "역세권":"NA",
            "30분내 이동가능 거점":"NA",
            "1시간내 이동가능 거점":"NA",
            "교통총점":"NA",
            "백화점":100,
            "아울렛몰":80,
            "대형마트":80,
            "은행":70,
            "병원":80,
            "종합병원":100,
            "공원":0,
            "혐오시설":0,
            "인프라총점":85.0,
            "초등학군":90.35,
            "중학군":43.96,
            "학군총점":53.238,
            "인구수":30.77,
            "인구증감":4.59,
            "인구총점":22.916,
            "일자리":9.7,
            "소득수준":60.34,
            "일자리총점":24.892,
            "가치 총점":57.4595,
            "매매실거래년":20200212.0,
            "매매실거래가":6790.0,
            "전세실거래년":null,
            "전세실거래가":null,
            "전세가율":null,
            "장기전세가율평균":74.66,
            "전세가율거품지수":null,
            "검색코드":116600,
            "세대수":288.0,
            "준공년월":"2019-09-27",
            "준공년차":4.0,
            "가까운역이름":"NA",
            "가까운역거리":"NA",
            "역세권여부":"NA",
            "30분이내주요거점역":"NA",
            "1시간이내주요거점역":"NA",
            "3km이내백화점수":1,
            "5km이내아울렛몰수":1,
            "1km이내대형먀트수":1,
            "500m이내은행수":4,
            "500m이내병원수":59,
            "5km이내대형병원수":3,
            "500m이내공원수":0,
            "3km이내혐오시설수":0,
            "초등학교학업성취도":90.35,
            "중학교학업성취도":71.8,
            "용적률":898,
            "건폐율":69,
            "Y":36.626413,
            "X":127.429326,
            "rank":51.0,
            "area_info":"9평(30.1), 9평(30.55), 9평(30.57), 9평(30.59), 9평(30.24), 9평(30.57), 9평(30.55)",
            "last_sales":"2020-02-12,6790.0,9평(30.24)"
        },
        {
            "index":253,
            "아파트명":"복대대원",
            "투자타입":"일반",
            "전용면적(m2)":"76.17",
            "전용면적(평)":"23평",
            "법정동주소":"충청북도 청주시 흥덕구 복대동 221-7",
            "도로명주소":"충청북도 청주시 흥덕구 죽천로118번길 23",
            "세대수":80,
            "입주년차":20,
            "용적률점수":"--",
            "건폐율점수":"--",
            "세대당주차수":0,
            "난방방식":30,
            "공급면적":"--",
            "전용률":"--",
            "욕실수":100,
            "현관타입":100,
            "주거총점":55.0,
            "지역구공급총점":0.0,
            "역세권":"NA",
            "30분내 이동가능 거점":"NA",
            "1시간내 이동가능 거점":"NA",
            "교통총점":"NA",
            "백화점":100,
            "아울렛몰":80,
            "대형마트":0,
            "은행":0,
            "병원":10,
            "종합병원":100,
            "공원":100,
            "혐오시설":0,
            "인프라총점":62.0,
            "초등학군":91.02,
            "중학군":43.96,
            "학군총점":53.372,
            "인구수":30.77,
            "인구증감":4.59,
            "인구총점":22.916,
            "일자리":9.7,
            "소득수준":60.34,
            "일자리총점":24.892,
            "가치 총점":57.393,
            "매매실거래년":20211227.0,
            "매매실거래가":19000.0,
            "전세실거래년":20220104.0,
            "전세실거래가":15000.0,
            "전세가율":78.95,
            "장기전세가율평균":74.66,
            "전세가율거품지수":-4.29,
            "검색코드":7318,
            "세대수":812.0,
            "준공년월":"1999-10-07",
            "준공년차":24.0,
            "가까운역이름":"NA",
            "가까운역거리":"NA",
            "역세권여부":"NA",
            "30분이내주요거점역":"NA",
            "1시간이내주요거점역":"NA",
            "3km이내백화점수":1,
            "5km이내아울렛몰수":1,
            "1km이내대형먀트수":0,
            "500m이내은행수":0,
            "500m이내병원수":2,
            "5km이내대형병원수":3,
            "500m이내공원수":4,
            "3km이내혐오시설수":0,
            "초등학교학업성취도":91.02,
            "중학교학업성취도":71.8,
            "용적률":246,
            "건폐율":26,
            "Y":36.637464,
            "X":127.438667,
            "rank":52.0,
            "area_info":"23평(76.17), 23평(76.77), 25평(83.05), 29평(97.94), 32평(107.56)",
            "last_sales":"2021-12-27,19000.0,23평(76.17)"
        },
        {
            "index":123,
            "아파트명":"강서베리굿(도시형)",
            "투자타입":"일반",
            "전용면적(m2)":"72.76",
            "전용면적(평)":"22평",
            "법정동주소":"충청북도 청주시 흥덕구 강서동 503",
            "도로명주소":"충청북도 청주시 흥덕구 서현중로 63",
            "세대수":0,
            "입주년차":80,
            "용적률점수":"--",
            "건폐율점수":"--",
            "세대당주차수":0,
            "난방방식":30,
            "공급면적":"--",
            "전용률":"--",
            "욕실수":50,
            "현관타입":10,
            "주거총점":25.0,
            "지역구공급총점":0.0,
            "역세권":"NA",
            "30분내 이동가능 거점":"NA",
            "1시간내 이동가능 거점":"NA",
            "교통총점":"NA",
            "백화점":100,
            "아울렛몰":80,
            "대형마트":80,
            "은행":20,
            "병원":80,
            "종합병원":100,
            "공원":100,
            "혐오시설":0,
            "인프라총점":83.0,
            "초등학군":95.53,
            "중학군":51.98,
            "학군총점":60.69,
            "인구수":30.77,
            "인구증감":4.59,
            "인구총점":22.916,
            "일자리":9.7,
            "소득수준":60.34,
            "일자리총점":24.892,
            "가치 총점":57.1225,
            "매매실거래년":20211220.0,
            "매매실거래가":12500.0,
            "전세실거래년":20220108.0,
            "전세실거래가":13500.0,
            "전세가율":94.41,
            "장기전세가율평균":74.66,
            "전세가율거품지수":-19.75,
            "검색코드":111247,
            "세대수":154.0,
            "준공년월":"2015-11-13",
            "준공년차":8.0,
            "가까운역이름":"NA",
            "가까운역거리":"NA",
            "역세권여부":"NA",
            "30분이내주요거점역":"NA",
            "1시간이내주요거점역":"NA",
            "3km이내백화점수":1,
            "5km이내아울렛몰수":1,
            "1km이내대형먀트수":1,
            "500m이내은행수":2,
            "500m이내병원수":36,
            "5km이내대형병원수":3,
            "500m이내공원수":2,
            "3km이내혐오시설수":0,
            "초등학교학업성취도":95.53,
            "중학교학업성취도":83.7,
            "용적률":883,
            "건폐율":69,
            "Y":36.623515,
            "X":127.427588,
            "rank":53.0,
            "area_info":"22평(72.76), 22평(73.75), 22평(73.47), 22평(73.59)",
            "last_sales":"2021-12-20,12500.0,22평(73.59)"
        },
        {
            "index":194,
            "아파트명":"우양센트럴(도시형)",
            "투자타입":"일반",
            "전용면적(m2)":"30.96",
            "전용면적(평)":"9평",
            "법정동주소":"충청북도 청주시 흥덕구 강서동 472",
            "도로명주소":"충청북도 청주시 흥덕구 가로수로1164번길 41-44",
            "세대수":0,
            "입주년차":80,
            "용적률점수":"--",
            "건폐율점수":"--",
            "세대당주차수":0,
            "난방방식":30,
            "공급면적":"--",
            "전용률":"--",
            "욕실수":50,
            "현관타입":10,
            "주거총점":25.0,
            "지역구공급총점":0.0,
            "역세권":"NA",
            "30분내 이동가능 거점":"NA",
            "1시간내 이동가능 거점":"NA",
            "교통총점":"NA",
            "백화점":100,
            "아울렛몰":80,
            "대형마트":80,
            "은행":70,
            "병원":100,
            "종합병원":100,
            "공원":0,
            "혐오시설":0,
            "인프라총점":87.0,
            "초등학군":90.35,
            "중학군":43.96,
            "학군총점":53.238,
            "인구수":30.77,
            "인구증감":4.59,
            "인구총점":22.916,
            "일자리":9.7,
            "소득수준":60.34,
            "일자리총점":24.892,
            "가치 총점":56.8595,
            "매매실거래년":20220102.0,
            "매매실거래가":6500.0,
            "전세실거래년":20210607.0,
            "전세실거래가":6500.0,
            "전세가율":108.33,
            "장기전세가율평균":74.66,
            "전세가율거품지수":-33.67,
            "검색코드":113953,
            "세대수":216.0,
            "준공년월":"2016-10-25",
            "준공년차":7.0,
            "가까운역이름":"NA",
            "가까운역거리":"NA",
            "역세권여부":"NA",
            "30분이내주요거점역":"NA",
            "1시간이내주요거점역":"NA",
            "3km이내백화점수":1,
            "5km이내아울렛몰수":1,
            "1km이내대형먀트수":1,
            "500m이내은행수":3,
            "500m이내병원수":61,
            "5km이내대형병원수":3,
            "500m이내공원수":0,
            "3km이내혐오시설수":0,
            "초등학교학업성취도":90.35,
            "중학교학업성취도":71.8,
            "용적률":862,
            "건폐율":59,
            "Y":36.625865,
            "X":127.429102,
            "rank":54.0,
            "area_info":"9평(30.96), 9평(31.4), 10평(34.44), 12평(40.36), 12평(41.88)",
            "last_sales":"2022-01-02,6500.0,10평(34.44)"
        },
        {
            "index":429,
            "아파트명":"대주피오레1차",
            "투자타입":"일반",
            "전용면적(m2)":"112.75",
            "전용면적(평)":"34평",
            "법정동주소":"충청북도 청주시 흥덕구 비하동 295-40",
            "도로명주소":"충청북도 청주시 흥덕구 부모산로 22",
            "세대수":0,
            "입주년차":40,
            "용적률점수":"--",
            "건폐율점수":"--",
            "세대당주차수":30,
            "난방방식":30,
            "공급면적":"--",
            "전용률":"--",
            "욕실수":100,
            "현관타입":100,
            "주거총점":35.5,
            "지역구공급총점":0.0,
            "역세권":"NA",
            "30분내 이동가능 거점":"NA",
            "1시간내 이동가능 거점":"NA",
            "교통총점":"NA",
            "백화점":100,
            "아울렛몰":80,
            "대형마트":80,
            "은행":0,
            "병원":10,
            "종합병원":100,
            "공원":100,
            "혐오시설":0,
            "인프라총점":74.0,
            "초등학군":93.88,
            "중학군":50.0,
            "학군총점":58.776,
            "인구수":30.77,
            "인구증감":4.59,
            "인구총점":22.916,
            "일자리":9.7,
            "소득수준":60.34,
            "일자리총점":24.892,
            "가치 총점":56.719,
            "매매실거래년":20211217.0,
            "매매실거래가":28800.0,
            "전세실거래년":20210519.0,
            "전세실거래가":16200.0,
            "전세가율":56.25,
            "장기전세가율평균":74.66,
            "전세가율거품지수":18.41,
            "검색코드":25027,
            "세대수":149.0,
            "준공년월":"2008-02-18",
            "준공년차":15.0,
            "가까운역이름":"NA",
            "가까운역거리":"NA",
            "역세권여부":"NA",
            "30분이내주요거점역":"NA",
            "1시간이내주요거점역":"NA",
            "3km이내백화점수":1,
            "5km이내아울렛몰수":1,
            "1km이내대형먀트수":1,
            "500m이내은행수":0,
            "500m이내병원수":3,
            "5km이내대형병원수":3,
            "500m이내공원수":2,
            "3km이내혐오시설수":0,
            "초등학교학업성취도":93.88,
            "중학교학업성취도":81.8,
            "용적률":216,
            "건폐율":19,
            "Y":36.639364,
            "X":127.41962,
            "rank":55.0,
            "area_info":"34평(112.75), 34평(113.89), 34평(115.66)",
            "last_sales":"2021-12-17,28800.0,34평(112.75)"
        },
        {
            "index":22,
            "아파트명":"가경푸르지오",
            "투자타입":"일반",
            "전용면적(m2)":"130.78",
            "전용면적(평)":"39평",
            "법정동주소":"충청북도 청주시 흥덕구 가경동 1695",
            "도로명주소":"충청북도 청주시 흥덕구 2순환로1375번길 20",
            "세대수":50,
            "입주년차":40,
            "용적률점수":"--",
            "건폐율점수":"--",
            "세대당주차수":60,
            "난방방식":100,
            "공급면적":"--",
            "전용률":"--",
            "욕실수":100,
            "현관타입":100,
            "주거총점":64.5,
            "지역구공급총점":0.0,
            "역세권":"NA",
            "30분내 이동가능 거점":"NA",
            "1시간내 이동가능 거점":"NA",
            "교통총점":"NA",
            "백화점":0,
            "아울렛몰":80,
            "대형마트":80,
            "은행":0,
            "병원":60,
            "종합병원":100,
            "공원":100,
            "혐오시설":0,
            "인프라총점":49.0,
            "초등학군":79.25,
            "중학군":52.28,
            "학군총점":57.674,
            "인구수":30.77,
            "인구증감":4.59,
            "인구총점":22.916,
            "일자리":9.7,
            "소득수준":60.34,
            "일자리총점":24.892,
            "가치 총점":56.5935,
            "매매실거래년":20210610.0,
            "매매실거래가":50000.0,
            "전세실거래년":null,
            "전세실거래가":null,
            "전세가율":null,
            "장기전세가율평균":74.66,
            "전세가율거품지수":null,
            "검색코드":17430,
            "세대수":575.0,
            "준공년월":"2006-01-11",
            "준공년차":17.0,
            "가까운역이름":"NA",
            "가까운역거리":"NA",
            "역세권여부":"NA",
            "30분이내주요거점역":"NA",
            "1시간이내주요거점역":"NA",
            "3km이내백화점수":0,
            "5km이내아울렛몰수":1,
            "1km이내대형먀트수":1,
            "500m이내은행수":0,
            "500m이내병원수":21,
            "5km이내대형병원수":4,
            "500m이내공원수":5,
            "3km이내혐오시설수":0,
            "초등학교학업성취도":79.25,
            "중학교학업성취도":84.6,
            "용적률":232,
            "건폐율":16,
            "Y":36.614979,
            "X":127.440596,
            "rank":56.0,
            "area_info":"39평(130.78), 39평(131.1), 47평(156.62), 48평(159.95), 52평(175.06)",
            "last_sales":"2021-06-10,50000.0,52평(175.06)"
        },
        {
            "index":438,
            "아파트명":"비하효성2차",
            "투자타입":"일반",
            "전용면적(m2)":"61.52",
            "전용면적(평)":"18평",
            "법정동주소":"충청북도 청주시 흥덕구 비하동 362",
            "도로명주소":"충청북도 청주시 흥덕구 2순환로1050번길 24",
            "세대수":50,
            "입주년차":0,
            "용적률점수":"--",
            "건폐율점수":"--",
            "세대당주차수":30,
            "난방방식":30,
            "공급면적":"--",
            "전용률":"--",
            "욕실수":50,
            "현관타입":10,
            "주거총점":31.0,
            "지역구공급총점":0.0,
            "역세권":"NA",
            "30분내 이동가능 거점":"NA",
            "1시간내 이동가능 거점":"NA",
            "교통총점":"NA",
            "백화점":100,
            "아울렛몰":80,
            "대형마트":80,
            "은행":0,
            "병원":10,
            "종합병원":100,
            "공원":80,
            "혐오시설":0,
            "인프라총점":73.4,
            "초등학군":93.88,
            "중학군":57.46,
            "학군총점":64.744,
            "인구수":30.77,
            "인구증감":4.59,
            "인구총점":22.916,
            "일자리":9.7,
            "소득수준":60.34,
            "일자리총점":24.892,
            "가치 총점":56.396,
            "매매실거래년":20211215.0,
            "매매실거래가":12500.0,
            "전세실거래년":20211117.0,
            "전세실거래가":10000.0,
            "전세가율":80.0,
            "장기전세가율평균":74.66,
            "전세가율거품지수":-5.34,
            "검색코드":7482,
            "세대수":478.0,
            "준공년월":"1997-07-28",
            "준공년차":26.0,
            "가까운역이름":"NA",
            "가까운역거리":"NA",
            "역세권여부":"NA",
            "30분이내주요거점역":"NA",
            "1시간이내주요거점역":"NA",
            "3km이내백화점수":1,
            "5km이내아울렛몰수":1,
            "1km이내대형먀트수":1,
            "500m이내은행수":0,
            "500m이내병원수":3,
            "5km이내대형병원수":3,
            "500m이내공원수":1,
            "3km이내혐오시설수":0,
            "초등학교학업성취도":93.88,
            "중학교학업성취도":92.7,
            "용적률":183,
            "건폐율":19,
            "Y":36.641277,
            "X":127.420187,
            "rank":57.0,
            "area_info":"18평(61.52), 24평(80.32)",
            "last_sales":"2021-12-15,12500.0,18평(61.52)"
        },
        {
            "index":249,
            "아파트명":"벽산",
            "투자타입":"일반",
            "전용면적(m2)":"124.51",
            "전용면적(평)":"37평",
            "법정동주소":"충청북도 청주시 흥덕구 복대동 2606",
            "도로명주소":"충청북도 청주시 흥덕구 짐대로 6",
            "세대수":0,
            "입주년차":20,
            "용적률점수":"--",
            "건폐율점수":"--",
            "세대당주차수":60,
            "난방방식":100,
            "공급면적":"--",
            "전용률":"--",
            "욕실수":100,
            "현관타입":100,
            "주거총점":43.0,
            "지역구공급총점":0.0,
            "역세권":"NA",
            "30분내 이동가능 거점":"NA",
            "1시간내 이동가능 거점":"NA",
            "교통총점":"NA",
            "백화점":100,
            "아울렛몰":80,
            "대형마트":0,
            "은행":0,
            "병원":60,
            "종합병원":100,
            "공원":100,
            "혐오시설":0,
            "인프라총점":67.0,
            "초등학군":88.48,
            "중학군":50.0,
            "학군총점":57.696,
            "인구수":30.77,
            "인구증감":4.59,
            "인구총점":22.916,
            "일자리":9.7,
            "소득수준":60.34,
            "일자리총점":24.892,
            "가치 총점":56.274,
            "매매실거래년":20220108.0,
            "매매실거래가":42900.0,
            "전세실거래년":20210810.0,
            "전세실거래가":19950.0,
            "전세가율":76.73,
            "장기전세가율평균":74.66,
            "전세가율거품지수":-2.07,
            "검색코드":11555,
            "세대수":274.0,
            "준공년월":"1999-06-18",
            "준공년차":24.0,
            "가까운역이름":"NA",
            "가까운역거리":"NA",
            "역세권여부":"NA",
            "30분이내주요거점역":"NA",
            "1시간이내주요거점역":"NA",
            "3km이내백화점수":1,
            "5km이내아울렛몰수":1,
            "1km이내대형먀트수":0,
            "500m이내은행수":1,
            "500m이내병원수":12,
            "5km이내대형병원수":3,
            "500m이내공원수":3,
            "3km이내혐오시설수":0,
            "초등학교학업성취도":88.48,
            "중학교학업성취도":81.8,
            "용적률":217,
            "건폐율":22,
            "Y":36.635713,
            "X":127.424914,
            "rank":58.0,
            "area_info":"37평(124.51), 38평(126.32), 48평(159.11), 62평(206.82)",
            "last_sales":"2022-01-08,42900.0,62평(206.82)"
        },
        {
            "index":27,
            "아파트명":"가경형석2차",
            "투자타입":"일반",
            "전용면적(m2)":"77.47",
            "전용면적(평)":"23평",
            "법정동주소":"충청북도 청주시 흥덕구 가경동 766",
            "도로명주소":"충청북도 청주시 흥덕구 가경로 188",
            "세대수":30,
            "입주년차":0,
            "용적률점수":"--",
            "건폐율점수":"--",
            "세대당주차수":30,
            "난방방식":30,
            "공급면적":"--",
            "전용률":"--",
            "욕실수":50,
            "현관타입":100,
            "주거총점":33.0,
            "지역구공급총점":0.0,
            "역세권":"NA",
            "30분내 이동가능 거점":"NA",
            "1시간내 이동가능 거점":"NA",
            "교통총점":"NA",
            "백화점":100,
            "아울렛몰":80,
            "대형마트":80,
            "은행":0,
            "병원":60,
            "종합병원":100,
            "공원":100,
            "혐오시설":0,
            "인프라총점":79.0,
            "초등학군":86.54,
            "중학군":43.96,
            "학군총점":52.476,
            "인구수":30.77,
            "인구증감":4.59,
            "인구총점":22.916,
            "일자리":9.7,
            "소득수준":60.34,
            "일자리총점":24.892,
            "가치 총점":56.269,
            "매매실거래년":20211201.0,
            "매매실거래가":20000.0,
            "전세실거래년":20211221.0,
            "전세실거래가":16500.0,
            "전세가율":92.18,
            "장기전세가율평균":74.66,
            "전세가율거품지수":-17.52,
            "검색코드":7234,
            "세대수":370.0,
            "준공년월":"1993-11-30",
            "준공년차":30.0,
            "가까운역이름":"NA",
            "가까운역거리":"NA",
            "역세권여부":"NA",
            "30분이내주요거점역":"NA",
            "1시간이내주요거점역":"NA",
            "3km이내백화점수":1,
            "5km이내아울렛몰수":1,
            "1km이내대형먀트수":1,
            "500m이내은행수":0,
            "500m이내병원수":26,
            "5km이내대형병원수":3,
            "500m이내공원수":2,
            "3km이내혐오시설수":0,
            "초등학교학업성취도":86.54,
            "중학교학업성취도":71.8,
            "용적률":211,
            "건폐율":22,
            "Y":36.632059,
            "X":127.437241,
            "rank":59.0,
            "area_info":"23평(77.47), 30평(102.24)",
            "last_sales":"2021-12-01,20000.0,30평(102.24)"
        },
        {
            "index":53,
            "아파트명":"삼일원앙",
            "투자타입":"일반",
            "전용면적(m2)":"74.8",
            "전용면적(평)":"22평",
            "법정동주소":"충청북도 청주시 흥덕구 가경동 1514",
            "도로명주소":"충청북도 청주시 흥덕구 가경로 100-20",
            "세대수":50,
            "입주년차":0,
            "용적률점수":"--",
            "건폐율점수":"--",
            "세대당주차수":0,
            "난방방식":30,
            "공급면적":"--",
            "전용률":"--",
            "욕실수":50,
            "현관타입":100,
            "주거총점":35.5,
            "지역구공급총점":0.0,
            "역세권":"NA",
            "30분내 이동가능 거점":"NA",
            "1시간내 이동가능 거점":"NA",
            "교통총점":"NA",
            "백화점":100,
            "아울렛몰":80,
            "대형마트":100,
            "은행":0,
            "병원":10,
            "종합병원":100,
            "공원":100,
            "혐오시설":0,
            "인프라총점":77.0,
            "초등학군":85.13,
            "중학군":43.78,
            "학군총점":52.05,
            "인구수":30.77,
            "인구증감":4.59,
            "인구총점":22.916,
            "일자리":9.7,
            "소득수준":60.34,
            "일자리총점":24.892,
            "가치 총점":56.2375,
            "매매실거래년":20220109.0,
            "매매실거래가":18800.0,
            "전세실거래년":20220113.0,
            "전세실거래가":17000.0,
            "전세가율":90.43,
            "장기전세가율평균":74.66,
            "전세가율거품지수":-15.77,
            "검색코드":7212,
            "세대수":520.0,
            "준공년월":"1997-06-17",
            "준공년차":26.0,
            "가까운역이름":"NA",
            "가까운역거리":"NA",
            "역세권여부":"NA",
            "30분이내주요거점역":"NA",
            "1시간이내주요거점역":"NA",
            "3km이내백화점수":1,
            "5km이내아울렛몰수":1,
            "1km이내대형먀트수":2,
            "500m이내은행수":0,
            "500m이내병원수":4,
            "5km이내대형병원수":5,
            "500m이내공원수":4,
            "3km이내혐오시설수":0,
            "초등학교학업성취도":85.13,
            "중학교학업성취도":70.9,
            "용적률":217,
            "건폐율":25,
            "Y":36.624163,
            "X":127.440877,
            "rank":60.0,
            "area_info":"22평(74.8), 22평(74.94)",
            "last_sales":"2022-01-09,18800.0,22평(74.8)"
        },
        {
            "index":19,
            "아파트명":"가경태암수정",
            "투자타입":"일반",
            "전용면적(m2)":"91.17",
            "전용면적(평)":"27평",
            "법정동주소":"충청북도 청주시 흥덕구 가경동 1516",
            "도로명주소":"충청북도 청주시 흥덕구 가경로 72",
            "세대수":50,
            "입주년차":0,
            "용적률점수":"--",
            "건폐율점수":"--",
            "세대당주차수":0,
            "난방방식":30,
            "공급면적":"--",
            "전용률":"--",
            "욕실수":50,
            "현관타입":100,
            "주거총점":35.5,
            "지역구공급총점":0.0,
            "역세권":"NA",
            "30분내 이동가능 거점":"NA",
            "1시간내 이동가능 거점":"NA",
            "교통총점":"NA",
            "백화점":100,
            "아울렛몰":80,
            "대형마트":80,
            "은행":0,
            "병원":30,
            "종합병원":100,
            "공원":100,
            "혐오시설":0,
            "인프라총점":76.0,
            "초등학군":86.34,
            "중학군":43.78,
            "학군총점":52.292,
            "인구수":30.77,
            "인구증감":4.59,
            "인구총점":22.916,
            "일자리":9.7,
            "소득수준":60.34,
            "일자리총점":24.892,
            "가치 총점":55.898,
            "매매실거래년":20211221.0,
            "매매실거래가":21400.0,
            "전세실거래년":20211120.0,
            "전세실거래가":16000.0,
            "전세가율":85.11,
            "장기전세가율평균":74.66,
            "전세가율거품지수":-10.45,
            "검색코드":7225,
            "세대수":450.0,
            "준공년월":"1997-07-04",
            "준공년차":26.0,
            "가까운역이름":"NA",
            "가까운역거리":"NA",
            "역세권여부":"NA",
            "30분이내주요거점역":"NA",
            "1시간이내주요거점역":"NA",
            "3km이내백화점수":1,
            "5km이내아울렛몰수":1,
            "1km이내대형먀트수":1,
            "500m이내은행수":0,
            "500m이내병원수":9,
            "5km이내대형병원수":5,
            "500m이내공원수":4,
            "3km이내혐오시설수":0,
            "초등학교학업성취도":86.34,
            "중학교학업성취도":70.9,
            "용적률":260,
            "건폐율":21,
            "Y":36.62229,
            "X":127.44157,
            "rank":61.0,
            "area_info":"27평(91.17), 31평(103.2), 31평(103.22)",
            "last_sales":"2021-12-21,21400.0,31평(103.2)"
        },
        {
            "index":17,
            "아파트명":"가경주공2단지",
            "투자타입":"일반",
            "전용면적(m2)":"67.88",
            "전용면적(평)":"20평",
            "법정동주소":"충청북도 청주시 흥덕구 가경동 1550",
            "도로명주소":"충청북도 청주시 흥덕구 가경로 26",
            "세대수":80,
            "입주년차":20,
            "용적률점수":"--",
            "건폐율점수":"--",
            "세대당주차수":0,
            "난방방식":100,
            "공급면적":"--",
            "전용률":"--",
            "욕실수":50,
            "현관타입":100,
            "주거총점":57.0,
            "지역구공급총점":0.0,
            "역세권":"NA",
            "30분내 이동가능 거점":"NA",
            "1시간내 이동가능 거점":"NA",
            "교통총점":"NA",
            "백화점":0,
            "아울렛몰":80,
            "대형마트":80,
            "은행":0,
            "병원":80,
            "종합병원":100,
            "공원":100,
            "혐오시설":0,
            "인프라총점":51.0,
            "초등학군":94.51,
            "중학군":52.28,
            "학군총점":60.726,
            "인구수":30.77,
            "인구증감":4.59,
            "인구총점":22.916,
            "일자리":9.7,
            "소득수준":60.34,
            "일자리총점":24.892,
            "가치 총점":55.5315,
            "매매실거래년":20220108.0,
            "매매실거래가":22000.0,
            "전세실거래년":20220108.0,
            "전세실거래가":16000.0,
            "전세가율":92.49,
            "장기전세가율평균":74.66,
            "전세가율거품지수":-17.83,
            "검색코드":26052,
            "세대수":704.0,
            "준공년월":"2002-12-17",
            "준공년차":21.0,
            "가까운역이름":"NA",
            "가까운역거리":"NA",
            "역세권여부":"NA",
            "30분이내주요거점역":"NA",
            "1시간이내주요거점역":"NA",
            "3km이내백화점수":0,
            "5km이내아울렛몰수":1,
            "1km이내대형먀트수":1,
            "500m이내은행수":0,
            "500m이내병원수":40,
            "5km이내대형병원수":5,
            "500m이내공원수":7,
            "3km이내혐오시설수":0,
            "초등학교학업성취도":94.51,
            "중학교학업성취도":84.6,
            "용적률":216,
            "건폐율":17,
            "Y":36.619129,
            "X":127.443618,
            "rank":62.0,
            "area_info":"20평(67.88), 24평(81.68)",
            "last_sales":"2022-01-08,22000.0,24평(81.68)"
        },
        {
            "index":8,
            "아파트명":"가경세원2차",
            "투자타입":"재건축",
            "전용면적(m2)":"78.48",
            "전용면적(평)":"23평",
            "법정동주소":"충청북도 청주시 흥덕구 가경동 1190",
            "도로명주소":"충청북도 청주시 흥덕구 풍산로89번길 31",
            "세대수":50,
            "입주년차":"--",
            "용적률점수":0,
            "건폐율점수":0,
            "세대당주차수":"--",
            "난방방식":"--",
            "공급면적":50,
            "전용률":60,
            "욕실수":"--",
            "현관타입":"--",
            "주거총점":20.5,
            "지역구공급총점":0.0,
            "역세권":"NA",
            "30분내 이동가능 거점":"NA",
            "1시간내 이동가능 거점":"NA",
            "교통총점":"NA",
            "백화점":100,
            "아울렛몰":80,
            "대형마트":80,
            "은행":70,
            "병원":80,
            "종합병원":100,
            "공원":100,
            "혐오시설":0,
            "인프라총점":88.0,
            "초등학군":86.54,
            "중학군":43.96,
            "학군총점":52.476,
            "인구수":30.77,
            "인구증감":4.59,
            "인구총점":22.916,
            "일자리":9.7,
            "소득수준":60.34,
            "일자리총점":24.892,
            "가치 총점":55.494,
            "매매실거래년":20211205.0,
            "매매실거래가":14900.0,
            "전세실거래년":20211129.0,
            "전세실거래가":10000.0,
            "전세가율":67.11,
            "장기전세가율평균":74.66,
            "전세가율거품지수":7.55,
            "검색코드":7216,
            "세대수":620.0,
            "준공년월":"1992-11-13",
            "준공년차":31.0,
            "가까운역이름":"NA",
            "가까운역거리":"NA",
            "역세권여부":"NA",
            "30분이내주요거점역":"NA",
            "1시간이내주요거점역":"NA",
            "3km이내백화점수":1,
            "5km이내아울렛몰수":1,
            "1km이내대형먀트수":1,
            "500m이내은행수":3,
            "500m이내병원수":34,
            "5km이내대형병원수":3,
            "500m이내공원수":4,
            "3km이내혐오시설수":0,
            "초등학교학업성취도":86.54,
            "중학교학업성취도":71.8,
            "용적률":0,
            "건폐율":0,
            "Y":36.629415,
            "X":127.438356,
            "rank":63.0,
            "area_info":"23평(78.48), 31평(105.52)",
            "last_sales":"2021-12-05,14900.0,23평(78.48)"
        },
        {
            "index":146,
            "아파트명":"경성하늘샵(도시형)",
            "투자타입":"일반",
            "전용면적(m2)":"27.03",
            "전용면적(평)":"8평",
            "법정동주소":"충청북도 청주시 흥덕구 강서동 473",
            "도로명주소":"충청북도 청주시 흥덕구 가로수로1164번길 41-48",
            "세대수":0,
            "입주년차":60,
            "용적률점수":"--",
            "건폐율점수":"--",
            "세대당주차수":0,
            "난방방식":30,
            "공급면적":"--",
            "전용률":"--",
            "욕실수":50,
            "현관타입":10,
            "주거총점":21.0,
            "지역구공급총점":0.0,
            "역세권":"NA",
            "30분내 이동가능 거점":"NA",
            "1시간내 이동가능 거점":"NA",
            "교통총점":"NA",
            "백화점":100,
            "아울렛몰":80,
            "대형마트":80,
            "은행":70,
            "병원":100,
            "종합병원":100,
            "공원":0,
            "혐오시설":0,
            "인프라총점":87.0,
            "초등학군":90.35,
            "중학군":43.96,
            "학군총점":53.238,
            "인구수":30.77,
            "인구증감":4.59,
            "인구총점":22.916,
            "일자리":9.7,
            "소득수준":60.34,
            "일자리총점":24.892,
            "가치 총점":55.4595,
            "매매실거래년":20210928.0,
            "매매실거래가":6800.0,
            "전세실거래년":null,
            "전세실거래가":null,
            "전세가율":null,
            "장기전세가율평균":74.66,
            "전세가율거품지수":null,
            "검색코드":106997,
            "세대수":160.0,
            "준공년월":"2013-06-21",
            "준공년차":10.0,
            "가까운역이름":"NA",
            "가까운역거리":"NA",
            "역세권여부":"NA",
            "30분이내주요거점역":"NA",
            "1시간이내주요거점역":"NA",
            "3km이내백화점수":1,
            "5km이내아울렛몰수":1,
            "1km이내대형먀트수":1,
            "500m이내은행수":3,
            "500m이내병원수":61,
            "5km이내대형병원수":3,
            "500m이내공원수":0,
            "3km이내혐오시설수":0,
            "초등학교학업성취도":90.35,
            "중학교학업성취도":71.8,
            "용적률":679,
            "건폐율":68,
            "Y":36.625649,
            "X":127.429182,
            "rank":64.0,
            "area_info":"8평(27.03), 8평(28.61), 8평(28.35), 8평(29.55), 9평(30.19), 9평(30.98), 10평(33.61), 10평(35.97), 11평(36.5), 11평(39.39), 12평(40.15), 12평(41.65), 14평(47.13), 14평(48.71), 15평(52.54), 16평(54.62)",
            "last_sales":"2021-09-28,6800.0,15평(52.54)"
        },
        {
            "index":449,
            "아파트명":"송곡그린",
            "투자타입":"일반",
            "전용면적(m2)":"75.02",
            "전용면적(평)":"22평",
            "법정동주소":"충청북도 청주시 흥덕구 비하동 311-4",
            "도로명주소":"충청북도 청주시 흥덕구 2순환로 1036",
            "세대수":0,
            "입주년차":20,
            "용적률점수":"--",
            "건폐율점수":"--",
            "세대당주차수":0,
            "난방방식":30,
            "공급면적":"--",
            "전용률":"--",
            "욕실수":50,
            "현관타입":100,
            "주거총점":22.0,
            "지역구공급총점":0.0,
            "역세권":"NA",
            "30분내 이동가능 거점":"NA",
            "1시간내 이동가능 거점":"NA",
            "교통총점":"NA",
            "백화점":100,
            "아울렛몰":80,
            "대형마트":80,
            "은행":0,
            "병원":60,
            "종합병원":100,
            "공원":80,
            "혐오시설":0,
            "인프라총점":78.4,
            "초등학군":93.88,
            "중학군":57.46,
            "학군총점":64.744,
            "인구수":30.77,
            "인구증감":4.59,
            "인구총점":22.916,
            "일자리":9.7,
            "소득수준":60.34,
            "일자리총점":24.892,
            "가치 총점":55.246,
            "매매실거래년":20211127.0,
            "매매실거래가":11900.0,
            "전세실거래년":20211221.0,
            "전세실거래가":13000.0,
            "전세가율":109.24,
            "장기전세가율평균":74.66,
            "전세가율거품지수":-34.58,
            "검색코드":11745,
            "세대수":162.0,
            "준공년월":"2000-06-28",
            "준공년차":23.0,
            "가까운역이름":"NA",
            "가까운역거리":"NA",
            "역세권여부":"NA",
            "30분이내주요거점역":"NA",
            "1시간이내주요거점역":"NA",
            "3km이내백화점수":1,
            "5km이내아울렛몰수":1,
            "1km이내대형먀트수":1,
            "500m이내은행수":0,
            "500m이내병원수":21,
            "5km이내대형병원수":3,
            "500m이내공원수":1,
            "3km이내혐오시설수":0,
            "초등학교학업성취도":93.88,
            "중학교학업성취도":92.7,
            "용적률":185,
            "건폐율":25,
            "Y":36.642042,
            "X":127.42168,
            "rank":65.0,
            "area_info":"22평(75.02), 29평(99.03)",
            "last_sales":"2021-11-27,11900.0,22평(75.02)"
        },
        {
            "index":61,
            "아파트명":"청주가경뜨란채8단지",
            "투자타입":"일반",
            "전용면적(m2)":"109.8",
            "전용면적(평)":"33평",
            "법정동주소":"충청북도 청주시 흥덕구 가경동 1579",
            "도로명주소":"충청북도 청주시 흥덕구 풍년로 56",
            "세대수":30,
            "입주년차":40,
            "용적률점수":"--",
            "건폐율점수":"--",
            "세대당주차수":60,
            "난방방식":100,
            "공급면적":"--",
            "전용률":"--",
            "욕실수":100,
            "현관타입":100,
            "주거총점":57.5,
            "지역구공급총점":0.0,
            "역세권":"NA",
            "30분내 이동가능 거점":"NA",
            "1시간내 이동가능 거점":"NA",
            "교통총점":"NA",
            "백화점":0,
            "아울렛몰":80,
            "대형마트":80,
            "은행":0,
            "병원":60,
            "종합병원":100,
            "공원":100,
            "혐오시설":0,
            "인프라총점":49.0,
            "초등학군":94.51,
            "중학군":52.28,
            "학군총점":60.726,
            "인구수":30.77,
            "인구증감":4.59,
            "인구총점":22.916,
            "일자리":9.7,
            "소득수준":60.34,
            "일자리총점":24.892,
            "가치 총점":54.9065,
            "매매실거래년":20220104.0,
            "매매실거래가":28000.0,
            "전세실거래년":20211123.0,
            "전세실거래가":28500.0,
            "전세가율":101.79,
            "장기전세가율평균":74.66,
            "전세가율거품지수":-27.13,
            "검색코드":18756,
            "세대수":321.0,
            "준공년월":"2005-10-14",
            "준공년차":18.0,
            "가까운역이름":"NA",
            "가까운역거리":"NA",
            "역세권여부":"NA",
            "30분이내주요거점역":"NA",
            "1시간이내주요거점역":"NA",
            "3km이내백화점수":0,
            "5km이내아울렛몰수":1,
            "1km이내대형먀트수":1,
            "500m이내은행수":0,
            "500m이내병원수":21,
            "5km이내대형병원수":3,
            "500m이내공원수":5,
            "3km이내혐오시설수":0,
            "초등학교학업성취도":94.51,
            "중학교학업성취도":84.6,
            "용적률":155,
            "건폐율":14,
            "Y":36.619228,
            "X":127.439649,
            "rank":66.0,
            "area_info":"33평(109.8)",
            "last_sales":"2022-01-04,28000.0,33평(109.8)"
        },
        {
            "index":44,
            "아파트명":"대림가경",
            "투자타입":"일반",
            "전용면적(m2)":"80.53",
            "전용면적(평)":"24평",
            "법정동주소":"충청북도 청주시 흥덕구 가경동 764",
            "도로명주소":"충청북도 청주시 흥덕구 가경로 193",
            "세대수":30,
            "입주년차":0,
            "용적률점수":"--",
            "건폐율점수":"--",
            "세대당주차수":0,
            "난방방식":30,
            "공급면적":"--",
            "전용률":"--",
            "욕실수":50,
            "현관타입":100,
            "주거총점":28.5,
            "지역구공급총점":0.0,
            "역세권":"NA",
            "30분내 이동가능 거점":"NA",
            "1시간내 이동가능 거점":"NA",
            "교통총점":"NA",
            "백화점":100,
            "아울렛몰":80,
            "대형마트":80,
            "은행":0,
            "병원":60,
            "종합병원":100,
            "공원":100,
            "혐오시설":0,
            "인프라총점":79.0,
            "초등학군":86.54,
            "중학군":43.96,
            "학군총점":52.476,
            "인구수":30.77,
            "인구증감":4.59,
            "인구총점":22.916,
            "일자리":9.7,
            "소득수준":60.34,
            "일자리총점":24.892,
            "가치 총점":54.694,
            "매매실거래년":20210905.0,
            "매매실거래가":20000.0,
            "전세실거래년":20210910.0,
            "전세실거래가":14500.0,
            "전세가율":88.41,
            "장기전세가율평균":74.66,
            "전세가율거품지수":-13.75,
            "검색코드":7200,
            "세대수":386.0,
            "준공년월":"1993-01-19",
            "준공년차":30.0,
            "가까운역이름":"NA",
            "가까운역거리":"NA",
            "역세권여부":"NA",
            "30분이내주요거점역":"NA",
            "1시간이내주요거점역":"NA",
            "3km이내백화점수":1,
            "5km이내아울렛몰수":1,
            "1km이내대형먀트수":1,
            "500m이내은행수":0,
            "500m이내병원수":13,
            "5km이내대형병원수":3,
            "500m이내공원수":2,
            "3km이내혐오시설수":0,
            "초등학교학업성취도":86.54,
            "중학교학업성취도":71.8,
            "용적률":217,
            "건폐율":19,
            "Y":36.632517,
            "X":127.435046,
            "rank":67.0,
            "area_info":"24평(80.53), 32평(106.23), 36평(122.0)",
            "last_sales":"2021-09-05,20000.0,36평(122.0)"
        },
        {
            "index":476,
            "아파트명":"청주테크노폴리스푸르지오",
            "투자타입":"일반",
            "전용면적(m2)":"98.5",
            "전용면적(평)":"29평",
            "법정동주소":"충청북도 청주시 흥덕구 송절동 851",
            "도로명주소":"충청북도 청주시 흥덕구 송화로214번길 7",
            "세대수":90,
            "입주년차":80,
            "용적률점수":"--",
            "건폐율점수":"--",
            "세대당주차수":60,
            "난방방식":30,
            "공급면적":"--",
            "전용률":"--",
            "욕실수":100,
            "현관타입":100,
            "주거총점":79.5,
            "지역구공급총점":0.0,
            "역세권":"NA",
            "30분내 이동가능 거점":"NA",
            "1시간내 이동가능 거점":"NA",
            "교통총점":"NA",
            "백화점":0,
            "아울렛몰":80,
            "대형마트":0,
            "은행":0,
            "병원":0,
            "종합병원":100,
            "공원":80,
            "혐오시설":0,
            "인프라총점":30.4,
            "초등학군":94.27,
            "중학군":49.52,
            "학군총점":58.47,
            "인구수":30.77,
            "인구증감":4.59,
            "인구총점":22.916,
            "일자리":9.7,
            "소득수준":60.34,
            "일자리총점":24.892,
            "가치 총점":54.6025,
            "매매실거래년":20211204.0,
            "매매실거래가":58500.0,
            "전세실거래년":20210216.0,
            "전세실거래가":17800.0,
            "전세가율":35.6,
            "장기전세가율평균":74.66,
            "전세가율거품지수":39.06,
            "검색코드":115428,
            "세대수":1034.0,
            "준공년월":"2018-11-26",
            "준공년차":5.0,
            "가까운역이름":"NA",
            "가까운역거리":"NA",
            "역세권여부":"NA",
            "30분이내주요거점역":"NA",
            "1시간이내주요거점역":"NA",
            "3km이내백화점수":0,
            "5km이내아울렛몰수":1,
            "1km이내대형먀트수":0,
            "500m이내은행수":0,
            "500m이내병원수":1,
            "5km이내대형병원수":2,
            "500m이내공원수":1,
            "3km이내혐오시설수":0,
            "초등학교학업성취도":94.27,
            "중학교학업성취도":82.2,
            "용적률":197,
            "건폐율":16,
            "Y":36.669533,
            "X":127.457756,
            "rank":68.0,
            "area_info":"29평(98.5), 34평(112.53), 34평(112.67), 34평(112.61)",
            "last_sales":"2021-12-04,58500.0,34평(112.53)"
        },
        {
            "index":306,
            "아파트명":"포빌(도시형)",
            "투자타입":"일반",
            "전용면적(m2)":"31.59",
            "전용면적(평)":"9평",
            "법정동주소":"충청북도 청주시 흥덕구 복대동 853-5",
            "도로명주소":"충청북도 청주시 흥덕구 사직대로 38",
            "세대수":0,
            "입주년차":80,
            "용적률점수":"--",
            "건폐율점수":"--",
            "세대당주차수":0,
            "난방방식":100,
            "공급면적":"--",
            "전용률":"--",
            "욕실수":50,
            "현관타입":100,
            "주거총점":41.0,
            "지역구공급총점":0.0,
            "역세권":"NA",
            "30분내 이동가능 거점":"NA",
            "1시간내 이동가능 거점":"NA",
            "교통총점":"NA",
            "백화점":100,
            "아울렛몰":80,
            "대형마트":0,
            "은행":0,
            "병원":60,
            "종합병원":100,
            "공원":100,
            "혐오시설":0,
            "인프라총점":67.0,
            "초등학군":80.17,
            "중학군":44.86,
            "학군총점":51.922,
            "인구수":30.77,
            "인구증감":4.59,
            "인구총점":22.916,
            "일자리":9.7,
            "소득수준":60.34,
            "일자리총점":24.892,
            "가치 총점":54.1305,
            "매매실거래년":20220112.0,
            "매매실거래가":9200.0,
            "전세실거래년":20210102.0,
            "전세실거래가":7000.0,
            "전세가율":76.09,
            "장기전세가율평균":74.66,
            "전세가율거품지수":-1.43,
            "검색코드":114466,
            "세대수":299.0,
            "준공년월":"2017-02-26",
            "준공년차":6.0,
            "가까운역이름":"NA",
            "가까운역거리":"NA",
            "역세권여부":"NA",
            "30분이내주요거점역":"NA",
            "1시간이내주요거점역":"NA",
            "3km이내백화점수":1,
            "5km이내아울렛몰수":1,
            "1km이내대형먀트수":0,
            "500m이내은행수":0,
            "500m이내병원수":25,
            "5km이내대형병원수":5,
            "500m이내공원수":3,
            "3km이내혐오시설수":0,
            "초등학교학업성취도":80.17,
            "중학교학업성취도":73.5,
            "용적률":980,
            "건폐율":79,
            "Y":36.634102,
            "X":127.451535,
            "rank":69.0,
            "area_info":"9평(31.59), 9평(31.46), 9평(31.59), 12평(39.97), 12평(40.05), 19평(63.44), 19평(64.97), 19평(64.97), 19평(65.1), 19평(65.1)",
            "last_sales":"2022-01-12,9200.0,9평(31.59)"
        },
        {
            "index":480,
            "아파트명":"테크노폴리스우미린",
            "투자타입":"일반",
            "전용면적(m2)":"111.99",
            "전용면적(평)":"33평",
            "법정동주소":"충청북도 청주시 흥덕구 송절동 850",
            "도로명주소":"충청북도 청주시 흥덕구 송화로214번길 29",
            "세대수":90,
            "입주년차":80,
            "용적률점수":"--",
            "건폐율점수":"--",
            "세대당주차수":60,
            "난방방식":30,
            "공급면적":"--",
            "전용률":"--",
            "욕실수":100,
            "현관타입":100,
            "주거총점":79.5,
            "지역구공급총점":0.0,
            "역세권":"NA",
            "30분내 이동가능 거점":"NA",
            "1시간내 이동가능 거점":"NA",
            "교통총점":"NA",
            "백화점":0,
            "아울렛몰":80,
            "대형마트":0,
            "은행":0,
            "병원":0,
            "종합병원":100,
            "공원":0,
            "혐오시설":0,
            "인프라총점":28.0,
            "초등학군":94.27,
            "중학군":49.52,
            "학군총점":58.47,
            "인구수":30.77,
            "인구증감":4.59,
            "인구총점":22.916,
            "일자리":9.7,
            "소득수준":60.34,
            "일자리총점":24.892,
            "가치 총점":53.6425,
            "매매실거래년":20211216.0,
            "매매실거래가":53000.0,
            "전세실거래년":null,
            "전세실거래가":null,
            "전세가율":null,
            "장기전세가율평균":74.66,
            "전세가율거품지수":null,
            "검색코드":112540,
            "세대수":1020.0,
            "준공년월":"2018-07-26",
            "준공년차":5.0,
            "가까운역이름":"NA",
            "가까운역거리":"NA",
            "역세권여부":"NA",
            "30분이내주요거점역":"NA",
            "1시간이내주요거점역":"NA",
            "3km이내백화점수":0,
            "5km이내아울렛몰수":1,
            "1km이내대형먀트수":0,
            "500m이내은행수":0,
            "500m이내병원수":0,
            "5km이내대형병원수":3,
            "500m이내공원수":0,
            "3km이내혐오시설수":0,
            "초등학교학업성취도":94.27,
            "중학교학업성취도":82.2,
            "용적률":199,
            "건폐율":14,
            "Y":36.668136,
            "X":127.458905,
            "rank":70.0,
            "area_info":"33평(111.99), 33평(112.27), 33평(112.15), 33평(112.37), 33평(112.13), 33평(112.39)",
            "last_sales":"2021-12-16,53000.0,33평(112.39)"
        },
        {
            "index":59,
            "아파트명":"청주가경뜨란채7단지",
            "투자타입":"일반",
            "전용면적(m2)":"97.97",
            "전용면적(평)":"29평",
            "법정동주소":"충청북도 청주시 흥덕구 가경동 1581",
            "도로명주소":"충청북도 청주시 흥덕구 풍년로 40",
            "세대수":30,
            "입주년차":40,
            "용적률점수":"--",
            "건폐율점수":"--",
            "세대당주차수":30,
            "난방방식":100,
            "공급면적":"--",
            "전용률":"--",
            "욕실수":100,
            "현관타입":100,
            "주거총점":53.0,
            "지역구공급총점":0.0,
            "역세권":"NA",
            "30분내 이동가능 거점":"NA",
            "1시간내 이동가능 거점":"NA",
            "교통총점":"NA",
            "백화점":0,
            "아울렛몰":80,
            "대형마트":80,
            "은행":0,
            "병원":60,
            "종합병원":100,
            "공원":100,
            "혐오시설":0,
            "인프라총점":49.0,
            "초등학군":94.51,
            "중학군":52.28,
            "학군총점":60.726,
            "인구수":30.77,
            "인구증감":4.59,
            "인구총점":22.916,
            "일자리":9.7,
            "소득수준":60.34,
            "일자리총점":24.892,
            "가치 총점":53.3315,
            "매매실거래년":20211106.0,
            "매매실거래가":32500.0,
            "전세실거래년":20210930.0,
            "전세실거래가":24000.0,
            "전세가율":80.0,
            "장기전세가율평균":74.66,
            "전세가율거품지수":-5.34,
            "검색코드":18757,
            "세대수":370.0,
            "준공년월":"2005-09-27",
            "준공년차":18.0,
            "가까운역이름":"NA",
            "가까운역거리":"NA",
            "역세권여부":"NA",
            "30분이내주요거점역":"NA",
            "1시간이내주요거점역":"NA",
            "3km이내백화점수":0,
            "5km이내아울렛몰수":1,
            "1km이내대형먀트수":1,
            "500m이내은행수":0,
            "500m이내병원수":22,
            "5km이내대형병원수":4,
            "500m이내공원수":5,
            "3km이내혐오시설수":0,
            "초등학교학업성취도":94.51,
            "중학교학업성취도":84.6,
            "용적률":164,
            "건폐율":15,
            "Y":36.618149,
            "X":127.440249,
            "rank":71.0,
            "area_info":"29평(97.97), 33평(110.59)",
            "last_sales":"2021-11-06,32500.0,33평(110.59)"
        },
        {
            "index":392,
            "아파트명":"봉명아이파크",
            "투자타입":"일반",
            "전용면적(m2)":"97.53",
            "전용면적(평)":"29평",
            "법정동주소":"충청북도 청주시 흥덕구 봉명동 2752",
            "도로명주소":"충청북도 청주시 흥덕구 덕암로108번길 44",
            "세대수":90,
            "입주년차":40,
            "용적률점수":"--",
            "건폐율점수":"--",
            "세대당주차수":60,
            "난방방식":30,
            "공급면적":"--",
            "전용률":"--",
            "욕실수":100,
            "현관타입":100,
            "주거총점":71.5,
            "지역구공급총점":0.0,
            "역세권":"NA",
            "30분내 이동가능 거점":"NA",
            "1시간내 이동가능 거점":"NA",
            "교통총점":"NA",
            "백화점":0,
            "아울렛몰":80,
            "대형마트":0,
            "은행":0,
            "병원":30,
            "종합병원":100,
            "공원":100,
            "혐오시설":0,
            "인프라총점":34.0,
            "초등학군":87.94,
            "중학군":43.04,
            "학군총점":52.02,
            "인구수":30.77,
            "인구증감":4.59,
            "인구총점":22.916,
            "일자리":9.7,
            "소득수준":60.34,
            "일자리총점":24.892,
            "가치 총점":51.63,
            "매매실거래년":20211120.0,
            "매매실거래가":60000.0,
            "전세실거래년":20190909.0,
            "전세실거래가":19000.0,
            "전세가율":73.93,
            "장기전세가율평균":74.66,
            "전세가율거품지수":0.73,
            "검색코드":12020,
            "세대수":1222.0,
            "준공년월":"2005-03-30",
            "준공년차":18.0,
            "가까운역이름":"NA",
            "가까운역거리":"NA",
            "역세권여부":"NA",
            "30분이내주요거점역":"NA",
            "1시간이내주요거점역":"NA",
            "3km이내백화점수":0,
            "5km이내아울렛몰수":1,
            "1km이내대형먀트수":0,
            "500m이내은행수":1,
            "500m이내병원수":5,
            "5km이내대형병원수":6,
            "500m이내공원수":4,
            "3km이내혐오시설수":0,
            "초등학교학업성취도":87.94,
            "중학교학업성취도":70.6,
            "용적률":206,
            "건폐율":18,
            "Y":36.65208,
            "X":127.459868,
            "rank":72.0,
            "area_info":"29평(97.53), 34평(113.65), 34평(114.79), 34평(114.61), 39평(129.28), 40평(134.32), 45평(150.99), 54평(180.09), 78평(259.77), 86평(285.53)",
            "last_sales":"2021-11-20,60000.0,78평(259.77)"
        },
        {
            "index":440,
            "아파트명":"삼일",
            "투자타입":"재건축",
            "전용면적(m2)":"82.48",
            "전용면적(평)":"24평",
            "법정동주소":"충청북도 청주시 흥덕구 비하동 238-1",
            "도로명주소":"충청북도 청주시 흥덕구 비하로63번길 24",
            "세대수":30,
            "입주년차":"--",
            "용적률점수":0,
            "건폐율점수":80,
            "세대당주차수":"--",
            "난방방식":"--",
            "공급면적":70,
            "전용률":60,
            "욕실수":"--",
            "현관타입":"--",
            "주거총점":31.5,
            "지역구공급총점":0.0,
            "역세권":"NA",
            "30분내 이동가능 거점":"NA",
            "1시간내 이동가능 거점":"NA",
            "교통총점":"NA",
            "백화점":100,
            "아울렛몰":80,
            "대형마트":0,
            "은행":0,
            "병원":30,
            "종합병원":100,
            "공원":100,
            "혐오시설":0,
            "인프라총점":64.0,
            "초등학군":88.48,
            "중학군":50.0,
            "학군총점":57.696,
            "인구수":30.77,
            "인구증감":4.59,
            "인구총점":22.916,
            "일자리":9.7,
            "소득수준":60.34,
            "일자리총점":24.892,
            "가치 총점":51.049,
            "매매실거래년":20211116.0,
            "매매실거래가":18700.0,
            "전세실거래년":20210811.0,
            "전세실거래가":10000.0,
            "전세가율":90.09,
            "장기전세가율평균":74.66,
            "전세가율거품지수":-15.43,
            "검색코드":7473,
            "세대수":365.0,
            "준공년월":"1990-06-01",
            "준공년차":33.0,
            "가까운역이름":"NA",
            "가까운역거리":"NA",
            "역세권여부":"NA",
            "30분이내주요거점역":"NA",
            "1시간이내주요거점역":"NA",
            "3km이내백화점수":1,
            "5km이내아울렛몰수":1,
            "1km이내대형먀트수":0,
            "500m이내은행수":0,
            "500m이내병원수":6,
            "5km이내대형병원수":3,
            "500m이내공원수":2,
            "3km이내혐오시설수":0,
            "초등학교학업성취도":88.48,
            "중학교학업성취도":81.8,
            "용적률":231,
            "건폐율":21,
            "Y":36.633505,
            "X":127.422952,
            "rank":73.0,
            "area_info":"24평(82.48), 28평(93.3), 29평(96.0), 31평(105.61)",
            "last_sales":"2021-11-16,18700.0,31평(105.61)"
        },
        {
            "index":238,
            "아파트명":"덕일",
            "투자타입":"재건축",
            "전용면적(m2)":"58.7",
            "전용면적(평)":"17평",
            "법정동주소":"충청북도 청주시 흥덕구 복대동 993",
            "도로명주소":"충청북도 청주시 흥덕구 복대로 149",
            "세대수":30,
            "입주년차":"--",
            "용적률점수":0,
            "건폐율점수":0,
            "세대당주차수":"--",
            "난방방식":"--",
            "공급면적":50,
            "전용률":80,
            "욕실수":"--",
            "현관타입":"--",
            "주거총점":15.5,
            "지역구공급총점":0.0,
            "역세권":"NA",
            "30분내 이동가능 거점":"NA",
            "1시간내 이동가능 거점":"NA",
            "교통총점":"NA",
            "백화점":100,
            "아울렛몰":80,
            "대형마트":80,
            "은행":0,
            "병원":60,
            "종합병원":100,
            "공원":100,
            "혐오시설":0,
            "인프라총점":79.0,
            "초등학군":92.87,
            "중학군":43.96,
            "학군총점":53.742,
            "인구수":30.77,
            "인구증감":4.59,
            "인구총점":22.916,
            "일자리":9.7,
            "소득수준":60.34,
            "일자리총점":24.892,
            "가치 총점":50.4605,
            "매매실거래년":20211213.0,
            "매매실거래가":10500.0,
            "전세실거래년":20211228.0,
            "전세실거래가":9000.0,
            "전세가율":85.71,
            "장기전세가율평균":74.66,
            "전세가율거품지수":-11.05,
            "검색코드":13149,
            "세대수":350.0,
            "준공년월":"1989-12-20",
            "준공년차":34.0,
            "가까운역이름":"NA",
            "가까운역거리":"NA",
            "역세권여부":"NA",
            "30분이내주요거점역":"NA",
            "1시간이내주요거점역":"NA",
            "3km이내백화점수":1,
            "5km이내아울렛몰수":1,
            "1km이내대형먀트수":1,
            "500m이내은행수":0,
            "500m이내병원수":25,
            "5km이내대형병원수":4,
            "500m이내공원수":3,
            "3km이내혐오시설수":0,
            "초등학교학업성취도":92.87,
            "중학교학업성취도":71.8,
            "용적률":0,
            "건폐율":0,
            "Y":36.62983,
            "X":127.440377,
            "rank":74.0,
            "area_info":"17평(58.7), 19평(64.94), 20평(68.7), 20평(68.72), 20평(69.0)",
            "last_sales":"2021-12-13,10500.0,17평(58.7)"
        },
        {
            "index":470,
            "아파트명":"청주테크노폴리스우방아이유쉘2단지",
            "투자타입":"일반",
            "전용면적(m2)":"96.54",
            "전용면적(평)":"29평",
            "법정동주소":"충청북도 청주시 흥덕구 송절동 846",
            "도로명주소":"충청북도 청주시 흥덕구 송화로108번길 111",
            "세대수":50,
            "입주년차":80,
            "용적률점수":"--",
            "건폐율점수":"--",
            "세대당주차수":60,
            "난방방식":30,
            "공급면적":"--",
            "전용률":"--",
            "욕실수":100,
            "현관타입":100,
            "주거총점":65.5,
            "지역구공급총점":0.0,
            "역세권":"NA",
            "30분내 이동가능 거점":"NA",
            "1시간내 이동가능 거점":"NA",
            "교통총점":"NA",
            "백화점":0,
            "아울렛몰":80,
            "대형마트":0,
            "은행":0,
            "병원":30,
            "종합병원":100,
            "공원":0,
            "혐오시설":0,
            "인프라총점":31.0,
            "초등학군":94.27,
            "중학군":49.52,
            "학군총점":58.47,
            "인구수":30.77,
            "인구증감":4.59,
            "인구총점":22.916,
            "일자리":9.7,
            "소득수준":60.34,
            "일자리총점":24.892,
            "가치 총점":49.9425,
            "매매실거래년":20211111.0,
            "매매실거래가":55000.0,
            "전세실거래년":20220114.0,
            "전세실거래가":24000.0,
            "전세가율":86.33,
            "장기전세가율평균":74.66,
            "전세가율거품지수":-11.67,
            "검색코드":115389,
            "세대수":424.0,
            "준공년월":"2018-11-23",
            "준공년차":5.0,
            "가까운역이름":"NA",
            "가까운역거리":"NA",
            "역세권여부":"NA",
            "30분이내주요거점역":"NA",
            "1시간이내주요거점역":"NA",
            "3km이내백화점수":0,
            "5km이내아울렛몰수":1,
            "1km이내대형먀트수":0,
            "500m이내은행수":0,
            "500m이내병원수":6,
            "5km이내대형병원수":3,
            "500m이내공원수":0,
            "3km이내혐오시설수":0,
            "초등학교학업성취도":94.27,
            "중학교학업성취도":82.2,
            "용적률":200,
            "건폐율":18,
            "Y":36.667285,
            "X":127.455219,
            "rank":75.0,
            "area_info":"29평(96.54), 33평(112.18), 34평(113.09)",
            "last_sales":"2021-11-11,55000.0,33평(112.18)"
        },
        {
            "index":467,
            "아파트명":"청주테크노폴리스우방아이유쉘1단지",
            "투자타입":"일반",
            "전용면적(m2)":"96.31",
            "전용면적(평)":"29평",
            "법정동주소":"충청북도 청주시 흥덕구 송절동 842",
            "도로명주소":"충청북도 청주시 흥덕구 송화로184번길 7",
            "세대수":50,
            "입주년차":80,
            "용적률점수":"--",
            "건폐율점수":"--",
            "세대당주차수":60,
            "난방방식":30,
            "공급면적":"--",
            "전용률":"--",
            "욕실수":100,
            "현관타입":100,
            "주거총점":65.5,
            "지역구공급총점":0.0,
            "역세권":"NA",
            "30분내 이동가능 거점":"NA",
            "1시간내 이동가능 거점":"NA",
            "교통총점":"NA",
            "백화점":0,
            "아울렛몰":80,
            "대형마트":0,
            "은행":0,
            "병원":30,
            "종합병원":100,
            "공원":0,
            "혐오시설":0,
            "인프라총점":31.0,
            "초등학군":94.27,
            "중학군":49.52,
            "학군총점":58.47,
            "인구수":30.77,
            "인구증감":4.59,
            "인구총점":22.916,
            "일자리":9.7,
            "소득수준":60.34,
            "일자리총점":24.892,
            "가치 총점":49.9425,
            "매매실거래년":20211030.0,
            "매매실거래가":51000.0,
            "전세실거래년":20210531.0,
            "전세실거래가":32000.0,
            "전세가율":68.82,
            "장기전세가율평균":74.66,
            "전세가율거품지수":5.84,
            "검색코드":115388,
            "세대수":427.0,
            "준공년월":"2018-11-23",
            "준공년차":5.0,
            "가까운역이름":"NA",
            "가까운역거리":"NA",
            "역세권여부":"NA",
            "30분이내주요거점역":"NA",
            "1시간이내주요거점역":"NA",
            "3km이내백화점수":0,
            "5km이내아울렛몰수":1,
            "1km이내대형먀트수":0,
            "500m이내은행수":0,
            "500m이내병원수":6,
            "5km이내대형병원수":3,
            "500m이내공원수":0,
            "3km이내혐오시설수":0,
            "초등학교학업성취도":94.27,
            "중학교학업성취도":82.2,
            "용적률":200,
            "건폐율":15,
            "Y":36.668053,
            "X":127.454754,
            "rank":75.0,
            "area_info":"29평(96.31), 33평(111.92), 34평(112.82)",
            "last_sales":"2021-10-30,51000.0,33평(111.92)"
        },
        {
            "index":326,
            "아파트명":"형석(992)",
            "투자타입":"재건축",
            "전용면적(m2)":"35.37",
            "전용면적(평)":"10평",
            "법정동주소":"충청북도 청주시 흥덕구 복대동 992",
            "도로명주소":"충청북도 청주시 흥덕구 복대로 159",
            "세대수":30,
            "입주년차":"--",
            "용적률점수":0,
            "건폐율점수":0,
            "세대당주차수":"--",
            "난방방식":"--",
            "공급면적":50,
            "전용률":40,
            "욕실수":"--",
            "현관타입":"--",
            "주거총점":13.5,
            "지역구공급총점":0.0,
            "역세권":"NA",
            "30분내 이동가능 거점":"NA",
            "1시간내 이동가능 거점":"NA",
            "교통총점":"NA",
            "백화점":100,
            "아울렛몰":80,
            "대형마트":80,
            "은행":0,
            "병원":60,
            "종합병원":100,
            "공원":100,
            "혐오시설":0,
            "인프라총점":79.0,
            "초등학군":92.87,
            "중학군":43.96,
            "학군총점":53.742,
            "인구수":30.77,
            "인구증감":4.59,
            "인구총점":22.916,
            "일자리":9.7,
            "소득수준":60.34,
            "일자리총점":24.892,
            "가치 총점":49.7605,
            "매매실거래년":20211210.0,
            "매매실거래가":10500.0,
            "전세실거래년":20210918.0,
            "전세실거래가":4500.0,
            "전세가율":83.33,
            "장기전세가율평균":74.66,
            "전세가율거품지수":-8.67,
            "검색코드":7350,
            "세대수":355.0,
            "준공년월":"1990-01-18",
            "준공년차":33.0,
            "가까운역이름":"NA",
            "가까운역거리":"NA",
            "역세권여부":"NA",
            "30분이내주요거점역":"NA",
            "1시간이내주요거점역":"NA",
            "3km이내백화점수":1,
            "5km이내아울렛몰수":1,
            "1km이내대형먀트수":1,
            "500m이내은행수":0,
            "500m이내병원수":26,
            "5km이내대형병원수":3,
            "500m이내공원수":3,
            "3km이내혐오시설수":0,
            "초등학교학업성취도":92.87,
            "중학교학업성취도":71.8,
            "용적률":0,
            "건폐율":0,
            "Y":36.630701,
            "X":127.439834,
            "rank":76.0,
            "area_info":"10평(35.37), 15평(50.91), 22평(73.11), 30평(99.37)",
            "last_sales":"2021-12-10,10500.0,15평(50.91)"
        },
        {
            "index":383,
            "아파트명":"두진하트리움",
            "투자타입":"일반",
            "전용면적(m2)":"104.64",
            "전용면적(평)":"31평",
            "법정동주소":"충청북도 청주시 흥덕구 봉명동 2758",
            "도로명주소":"충청북도 청주시 흥덕구 덕암로30번길 19",
            "세대수":0,
            "입주년차":20,
            "용적률점수":"--",
            "건폐율점수":"--",
            "세대당주차수":30,
            "난방방식":30,
            "공급면적":"--",
            "전용률":"--",
            "욕실수":100,
            "현관타입":100,
            "주거총점":31.5,
            "지역구공급총점":0.0,
            "역세권":"NA",
            "30분내 이동가능 거점":"NA",
            "1시간내 이동가능 거점":"NA",
            "교통총점":"NA",
            "백화점":100,
            "아울렛몰":80,
            "대형마트":0,
            "은행":0,
            "병원":30,
            "종합병원":100,
            "공원":100,
            "혐오시설":0,
            "인프라총점":64.0,
            "초등학군":87.94,
            "중학군":43.04,
            "학군총점":52.02,
            "인구수":30.77,
            "인구증감":4.59,
            "인구총점":22.916,
            "일자리":9.7,
            "소득수준":60.34,
            "일자리총점":24.892,
            "가치 총점":49.63,
            "매매실거래년":20211103.0,
            "매매실거래가":23400.0,
            "전세실거래년":20201117.0,
            "전세실거래가":16000.0,
            "전세가율":68.38,
            "장기전세가율평균":74.66,
            "전세가율거품지수":6.28,
            "검색코드":12057,
            "세대수":204.0,
            "준공년월":"2003-05-06",
            "준공년차":20.0,
            "가까운역이름":"NA",
            "가까운역거리":"NA",
            "역세권여부":"NA",
            "30분이내주요거점역":"NA",
            "1시간이내주요거점역":"NA",
            "3km이내백화점수":1,
            "5km이내아울렛몰수":1,
            "1km이내대형먀트수":0,
            "500m이내은행수":1,
            "500m이내병원수":5,
            "5km이내대형병원수":5,
            "500m이내공원수":3,
            "3km이내혐오시설수":0,
            "초등학교학업성취도":87.94,
            "중학교학업성취도":70.6,
            "용적률":193,
            "건폐율":20,
            "Y":36.65212,
            "X":127.45781,
            "rank":77.0,
            "area_info":"31평(104.64), 51평(168.87)",
            "last_sales":"2021-11-03,23400.0,31평(104.64)"
        },
        {
            "index":533,
            "아파트명":"오송역동아라이크텐(민간임대)",
            "투자타입":"일반",
            "전용면적(m2)":"100.49",
            "전용면적(평)":"30평",
            "법정동주소":"충청북도 청주시 흥덕구 오송읍 봉산리 1527",
            "도로명주소":"충청북도 청주시 흥덕구 오송생명14로 215",
            "세대수":90,
            "입주년차":100,
            "용적률점수":"--",
            "건폐율점수":"--",
            "세대당주차수":30,
            "난방방식":30,
            "공급면적":"--",
            "전용률":"--",
            "욕실수":100,
            "현관타입":100,
            "주거총점":79.0,
            "지역구공급총점":0.0,
            "역세권":"NA",
            "30분내 이동가능 거점":"NA",
            "1시간내 이동가능 거점":"NA",
            "교통총점":"NA",
            "백화점":0,
            "아울렛몰":0,
            "대형마트":0,
            "은행":0,
            "병원":0,
            "종합병원":80,
            "공원":80,
            "혐오시설":0,
            "인프라총점":18.4,
            "초등학군":100.0,
            "중학군":45.42,
            "학군총점":56.336,
            "인구수":30.77,
            "인구증감":4.59,
            "인구총점":22.916,
            "일자리":9.7,
            "소득수준":60.34,
            "일자리총점":24.892,
            "가치 총점":49.094,
            "매매실거래년":"18000101",
            "매매실거래가":null,
            "전세실거래년":20211020.0,
            "전세실거래가":17800.0,
            "전세가율":null,
            "장기전세가율평균":74.66,
            "전세가율거품지수":null,
            "검색코드":117313,
            "세대수":970.0,
            "준공년월":"2020-05-01",
            "준공년차":3.0,
            "가까운역이름":"NA",
            "가까운역거리":"NA",
            "역세권여부":"NA",
            "30분이내주요거점역":"NA",
            "1시간이내주요거점역":"NA",
            "3km이내백화점수":0,
            "5km이내아울렛몰수":0,
            "1km이내대형먀트수":0,
            "500m이내은행수":0,
            "500m이내병원수":0,
            "5km이내대형병원수":1,
            "500m이내공원수":1,
            "3km이내혐오시설수":0,
            "초등학교학업성취도":100.0,
            "중학교학업성취도":75.3,
            "용적률":0,
            "건폐율":0,
            "Y":36.615317,
            "X":127.309494,
            "rank":78.0,
            "area_info":"30평(100.49), 30평(101.44), 33평(110.35)",
            "last_sales":"1800-01-01,nan,30평(100.49)"
        },
        {
            "index":192,
            "아파트명":"우림",
            "투자타입":"일반",
            "전용면적(m2)":"58.14",
            "전용면적(평)":"17평",
            "법정동주소":"충청북도 청주시 흥덕구 강서동 45-1",
            "도로명주소":"충청북도 청주시 흥덕구 가로수로1144번길 50",
            "세대수":0,
            "입주년차":20,
            "용적률점수":"--",
            "건폐율점수":"--",
            "세대당주차수":0,
            "난방방식":30,
            "공급면적":"--",
            "전용률":"--",
            "욕실수":50,
            "현관타입":10,
            "주거총점":13.0,
            "지역구공급총점":0.0,
            "역세권":"NA",
            "30분내 이동가능 거점":"NA",
            "1시간내 이동가능 거점":"NA",
            "교통총점":"NA",
            "백화점":100,
            "아울렛몰":80,
            "대형마트":80,
            "은행":0,
            "병원":30,
            "종합병원":100,
            "공원":0,
            "혐오시설":0,
            "인프라총점":73.0,
            "초등학군":90.35,
            "중학군":51.98,
            "학군총점":59.654,
            "인구수":30.77,
            "인구증감":4.59,
            "인구총점":22.916,
            "일자리":9.7,
            "소득수준":60.34,
            "일자리총점":24.892,
            "가치 총점":48.6635,
            "매매실거래년":20211120.0,
            "매매실거래가":8500.0,
            "전세실거래년":20210514.0,
            "전세실거래가":7000.0,
            "전세가율":82.35,
            "장기전세가율평균":74.66,
            "전세가율거품지수":-7.69,
            "검색코드":13426,
            "세대수":132.0,
            "준공년월":"2001-05-21",
            "준공년차":22.0,
            "가까운역이름":"NA",
            "가까운역거리":"NA",
            "역세권여부":"NA",
            "30분이내주요거점역":"NA",
            "1시간이내주요거점역":"NA",
            "3km이내백화점수":1,
            "5km이내아울렛몰수":1,
            "1km이내대형먀트수":1,
            "500m이내은행수":0,
            "500m이내병원수":5,
            "5km이내대형병원수":3,
            "500m이내공원수":0,
            "3km이내혐오시설수":0,
            "초등학교학업성취도":90.35,
            "중학교학업성취도":83.7,
            "용적률":0,
            "건폐율":0,
            "Y":36.62409,
            "X":127.4235,
            "rank":79.0,
            "area_info":"17평(58.14), 35평(116.28)",
            "last_sales":"2021-11-20,8500.0,17평(58.14)"
        },
        {
            "index":294,
            "아파트명":"주은",
            "투자타입":"일반",
            "전용면적(m2)":"78.04",
            "전용면적(평)":"23평",
            "법정동주소":"충청북도 청주시 흥덕구 복대동 221-12",
            "도로명주소":"충청북도 청주시 흥덕구 죽천로143번길 19",
            "세대수":0,
            "입주년차":20,
            "용적률점수":"--",
            "건폐율점수":"--",
            "세대당주차수":0,
            "난방방식":30,
            "공급면적":"--",
            "전용률":"--",
            "욕실수":50,
            "현관타입":100,
            "주거총점":22.0,
            "지역구공급총점":0.0,
            "역세권":"NA",
            "30분내 이동가능 거점":"NA",
            "1시간내 이동가능 거점":"NA",
            "교통총점":"NA",
            "백화점":100,
            "아울렛몰":80,
            "대형마트":0,
            "은행":0,
            "병원":10,
            "종합병원":100,
            "공원":100,
            "혐오시설":0,
            "인프라총점":62.0,
            "초등학군":91.02,
            "중학군":57.46,
            "학군총점":64.172,
            "인구수":30.77,
            "인구증감":4.59,
            "인구총점":22.916,
            "일자리":9.7,
            "소득수준":60.34,
            "일자리총점":24.892,
            "가치 총점":48.543,
            "매매실거래년":20211216.0,
            "매매실거래가":13000.0,
            "전세실거래년":20211217.0,
            "전세실거래가":15500.0,
            "전세가율":119.23,
            "장기전세가율평균":74.66,
            "전세가율거품지수":-44.57,
            "검색코드":23706,
            "세대수":220.0,
            "준공년월":"2002-12-06",
            "준공년차":21.0,
            "가까운역이름":"NA",
            "가까운역거리":"NA",
            "역세권여부":"NA",
            "30분이내주요거점역":"NA",
            "1시간이내주요거점역":"NA",
            "3km이내백화점수":1,
            "5km이내아울렛몰수":1,
            "1km이내대형먀트수":0,
            "500m이내은행수":0,
            "500m이내병원수":2,
            "5km이내대형병원수":3,
            "500m이내공원수":3,
            "3km이내혐오시설수":0,
            "초등학교학업성취도":91.02,
            "중학교학업성취도":92.7,
            "용적률":0,
            "건폐율":0,
            "Y":36.638831,
            "X":127.438064,
            "rank":80.0,
            "area_info":"23평(78.04)",
            "last_sales":"2021-12-16,13000.0,23평(78.04)"
        },
        {
            "index":215,
            "아파트명":"청도",
            "투자타입":"일반",
            "전용면적(m2)":"71.13",
            "전용면적(평)":"21평",
            "법정동주소":"충청북도 청주시 흥덕구 강서동 45-4",
            "도로명주소":"충청북도 청주시 흥덕구 가로수로1144번길 72-2",
            "세대수":0,
            "입주년차":20,
            "용적률점수":"--",
            "건폐율점수":"--",
            "세대당주차수":0,
            "난방방식":30,
            "공급면적":"--",
            "전용률":"--",
            "욕실수":50,
            "현관타입":10,
            "주거총점":13.0,
            "지역구공급총점":0.0,
            "역세권":"NA",
            "30분내 이동가능 거점":"NA",
            "1시간내 이동가능 거점":"NA",
            "교통총점":"NA",
            "백화점":100,
            "아울렛몰":80,
            "대형마트":80,
            "은행":0,
            "병원":10,
            "종합병원":100,
            "공원":0,
            "혐오시설":0,
            "인프라총점":71.0,
            "초등학군":90.35,
            "중학군":51.98,
            "학군총점":59.654,
            "인구수":30.77,
            "인구증감":4.59,
            "인구총점":22.916,
            "일자리":9.7,
            "소득수준":60.34,
            "일자리총점":24.892,
            "가치 총점":47.8635,
            "매매실거래년":20211103.0,
            "매매실거래가":12500.0,
            "전세실거래년":20211028.0,
            "전세실거래가":11500.0,
            "전세가율":92.0,
            "장기전세가율평균":74.66,
            "전세가율거품지수":-17.34,
            "검색코드":15426,
            "세대수":207.0,
            "준공년월":"2000-10-23",
            "준공년차":23.0,
            "가까운역이름":"NA",
            "가까운역거리":"NA",
            "역세권여부":"NA",
            "30분이내주요거점역":"NA",
            "1시간이내주요거점역":"NA",
            "3km이내백화점수":1,
            "5km이내아울렛몰수":1,
            "1km이내대형먀트수":1,
            "500m이내은행수":0,
            "500m이내병원수":4,
            "5km이내대형병원수":3,
            "500m이내공원수":0,
            "3km이내혐오시설수":0,
            "초등학교학업성취도":90.35,
            "중학교학업성취도":83.7,
            "용적률":190,
            "건폐율":25,
            "Y":36.62354,
            "X":127.423496,
            "rank":81.0,
            "area_info":"21평(71.13)",
            "last_sales":"2021-11-03,12500.0,21평(71.13)"
        },
        {
            "index":112,
            "아파트명":"청원신성미소지움",
            "투자타입":"일반",
            "전용면적(m2)":"110.97",
            "전용면적(평)":"33평",
            "법정동주소":"충청북도 청주시 흥덕구 강내면 탑연리 388",
            "도로명주소":"충청북도 청주시 흥덕구 탑연1길 8",
            "세대수":30,
            "입주년차":40,
            "용적률점수":"--",
            "건폐율점수":"--",
            "세대당주차수":60,
            "난방방식":30,
            "공급면적":"--",
            "전용률":"--",
            "욕실수":100,
            "현관타입":100,
            "주거총점":50.5,
            "지역구공급총점":0.0,
            "역세권":"NA",
            "30분내 이동가능 거점":"NA",
            "1시간내 이동가능 거점":"NA",
            "교통총점":"NA",
            "백화점":0,
            "아울렛몰":0,
            "대형마트":100,
            "은행":0,
            "병원":30,
            "종합병원":80,
            "공원":100,
            "혐오시설":0,
            "인프라총점":37.0,
            "초등학군":86.83,
            "중학군":53.74,
            "학군총점":60.358,
            "인구수":30.77,
            "인구증감":4.59,
            "인구총점":22.916,
            "일자리":9.7,
            "소득수준":60.34,
            "일자리총점":24.892,
            "가치 총점":47.5645,
            "매매실거래년":20211114.0,
            "매매실거래가":30500.0,
            "전세실거래년":20211231.0,
            "전세실거래가":15750.0,
            "전세가율":51.64,
            "장기전세가율평균":74.66,
            "전세가율거품지수":23.02,
            "검색코드":27058,
            "세대수":372.0,
            "준공년월":"2008-09-09",
            "준공년차":15.0,
            "가까운역이름":"NA",
            "가까운역거리":"NA",
            "역세권여부":"NA",
            "30분이내주요거점역":"NA",
            "1시간이내주요거점역":"NA",
            "3km이내백화점수":0,
            "5km이내아울렛몰수":0,
            "1km이내대형먀트수":2,
            "500m이내은행수":0,
            "500m이내병원수":5,
            "5km이내대형병원수":1,
            "500m이내공원수":2,
            "3km이내혐오시설수":0,
            "초등학교학업성취도":86.83,
            "중학교학업성취도":87.3,
            "용적률":224,
            "건폐율":22,
            "Y":36.622333,
            "X":127.361336,
            "rank":82.0,
            "area_info":"33평(110.97), 33평(110.97), 39평(131.18), 45평(149.92)",
            "last_sales":"2021-11-14,30500.0,33평(110.97)"
        },
        {
            "index":236,
            "아파트명":"덕성",
            "투자타입":"재건축",
            "전용면적(m2)":"35.05",
            "전용면적(평)":"10평",
            "법정동주소":"충청북도 청주시 흥덕구 복대동 95-1",
            "도로명주소":"충청북도 청주시 흥덕구",
            "세대수":50,
            "입주년차":"--",
            "용적률점수":0,
            "건폐율점수":0,
            "세대당주차수":"--",
            "난방방식":"--",
            "공급면적":50,
            "전용률":40,
            "욕실수":"--",
            "현관타입":"--",
            "주거총점":19.5,
            "지역구공급총점":0.0,
            "역세권":"NA",
            "30분내 이동가능 거점":"NA",
            "1시간내 이동가능 거점":"NA",
            "교통총점":"NA",
            "백화점":100,
            "아울렛몰":80,
            "대형마트":0,
            "은행":0,
            "병원":60,
            "종합병원":100,
            "공원":100,
            "혐오시설":0,
            "인프라총점":67.0,
            "초등학군":92.87,
            "중학군":43.96,
            "학군총점":53.742,
            "인구수":30.77,
            "인구증감":4.59,
            "인구총점":22.916,
            "일자리":9.7,
            "소득수준":60.34,
            "일자리총점":24.892,
            "가치 총점":47.0605,
            "매매실거래년":20220112.0,
            "매매실거래가":2100.0,
            "전세실거래년":20211224.0,
            "전세실거래가":2300.0,
            "전세가율":109.52,
            "장기전세가율평균":74.66,
            "전세가율거품지수":-34.86,
            "검색코드":105262,
            "세대수":498.0,
            "준공년월":"1991-12-11",
            "준공년차":32.0,
            "가까운역이름":"NA",
            "가까운역거리":"NA",
            "역세권여부":"NA",
            "30분이내주요거점역":"NA",
            "1시간이내주요거점역":"NA",
            "3km이내백화점수":1,
            "5km이내아울렛몰수":1,
            "1km이내대형먀트수":0,
            "500m이내은행수":0,
            "500m이내병원수":14,
            "5km이내대형병원수":4,
            "500m이내공원수":6,
            "3km이내혐오시설수":0,
            "초등학교학업성취도":92.87,
            "중학교학업성취도":71.8,
            "용적률":0,
            "건폐율":0,
            "Y":36.63633,
            "X":127.442801,
            "rank":83.0,
            "area_info":"10평(35.05), 24평(80.53)",
            "last_sales":"2022-01-12,2100.0,10평(35.05)"
        },
        {
            "index":509,
            "아파트명":"청주신봉우림필유",
            "투자타입":"일반",
            "전용면적(m2)":"109.17",
            "전용면적(평)":"33평",
            "법정동주소":"충청북도 청주시 흥덕구 신봉동 177",
            "도로명주소":"충청북도 청주시 흥덕구 사운로359번길 13",
            "세대수":50,
            "입주년차":40,
            "용적률점수":"--",
            "건폐율점수":"--",
            "세대당주차수":60,
            "난방방식":30,
            "공급면적":"--",
            "전용률":"--",
            "욕실수":100,
            "현관타입":100,
            "주거총점":57.5,
            "지역구공급총점":0.0,
            "역세권":"NA",
            "30분내 이동가능 거점":"NA",
            "1시간내 이동가능 거점":"NA",
            "교통총점":"NA",
            "백화점":0,
            "아울렛몰":80,
            "대형마트":0,
            "은행":0,
            "병원":10,
            "종합병원":100,
            "공원":80,
            "혐오시설":0,
            "인프라총점":31.4,
            "초등학군":87.94,
            "중학군":49.52,
            "학군총점":57.204,
            "인구수":30.77,
            "인구증감":4.59,
            "인구총점":22.916,
            "일자리":9.7,
            "소득수준":60.34,
            "일자리총점":24.892,
            "가치 총점":46.986,
            "매매실거래년":20211205.0,
            "매매실거래가":33500.0,
            "전세실거래년":20210410.0,
            "전세실거래가":22000.0,
            "전세가율":84.62,
            "장기전세가율평균":74.66,
            "전세가율거품지수":-9.96,
            "검색코드":26213,
            "세대수":427.0,
            "준공년월":"2007-10-29",
            "준공년차":16.0,
            "가까운역이름":"NA",
            "가까운역거리":"NA",
            "역세권여부":"NA",
            "30분이내주요거점역":"NA",
            "1시간이내주요거점역":"NA",
            "3km이내백화점수":0,
            "5km이내아울렛몰수":1,
            "1km이내대형먀트수":0,
            "500m이내은행수":0,
            "500m이내병원수":2,
            "5km이내대형병원수":6,
            "500m이내공원수":1,
            "3km이내혐오시설수":0,
            "초등학교학업성취도":87.94,
            "중학교학업성취도":82.2,
            "용적률":204,
            "건폐율":18,
            "Y":36.657158,
            "X":127.466812,
            "rank":84.0,
            "area_info":"33평(109.17), 39평(131.83), 49평(162.18)",
            "last_sales":"2021-12-05,33500.0,49평(162.18)"
        },
        {
            "index":425,
            "아파트명":"푸른",
            "투자타입":"일반",
            "전용면적(m2)":"63.72",
            "전용면적(평)":"19평",
            "법정동주소":"충청북도 청주시 흥덕구 봉명동 1855",
            "도로명주소":"충청북도 청주시 흥덕구 월명로 124",
            "세대수":50,
            "입주년차":0,
            "용적률점수":"--",
            "건폐율점수":"--",
            "세대당주차수":0,
            "난방방식":30,
            "공급면적":"--",
            "전용률":"--",
            "욕실수":50,
            "현관타입":10,
            "주거총점":26.5,
            "지역구공급총점":0.0,
            "역세권":"NA",
            "30분내 이동가능 거점":"NA",
            "1시간내 이동가능 거점":"NA",
            "교통총점":"NA",
            "백화점":100,
            "아울렛몰":80,
            "대형마트":0,
            "은행":0,
            "병원":10,
            "종합병원":100,
            "공원":100,
            "혐오시설":0,
            "인프라총점":62.0,
            "초등학군":84.68,
            "중학군":43.04,
            "학군총점":51.368,
            "인구수":30.77,
            "인구증감":4.59,
            "인구총점":22.916,
            "일자리":9.7,
            "소득수준":60.34,
            "일자리총점":24.892,
            "가치 총점":46.917,
            "매매실거래년":20211203.0,
            "매매실거래가":9000.0,
            "전세실거래년":20211115.0,
            "전세실거래가":6500.0,
            "전세가율":72.22,
            "장기전세가율평균":74.66,
            "전세가율거품지수":2.44,
            "검색코드":11628,
            "세대수":603.0,
            "준공년월":"1994-12-01",
            "준공년차":29.0,
            "가까운역이름":"NA",
            "가까운역거리":"NA",
            "역세권여부":"NA",
            "30분이내주요거점역":"NA",
            "1시간이내주요거점역":"NA",
            "3km이내백화점수":1,
            "5km이내아울렛몰수":1,
            "1km이내대형먀트수":0,
            "500m이내은행수":0,
            "500m이내병원수":4,
            "5km이내대형병원수":6,
            "500m이내공원수":2,
            "3km이내혐오시설수":0,
            "초등학교학업성취도":84.68,
            "중학교학업성취도":70.6,
            "용적률":0,
            "건폐율":0,
            "Y":36.64554,
            "X":127.454411,
            "rank":85.0,
            "area_info":"19평(63.72)",
            "last_sales":"2021-12-03,9000.0,19평(63.72)"
        },
        {
            "index":162,
            "아파트명":"대림",
            "투자타입":"재건축",
            "전용면적(m2)":"85.02",
            "전용면적(평)":"25평",
            "법정동주소":"충청북도 청주시 흥덕구 강서동 37-1",
            "도로명주소":"충청북도 청주시 흥덕구 가로수로1154번길 22-2",
            "세대수":0,
            "입주년차":"--",
            "용적률점수":0,
            "건폐율점수":0,
            "세대당주차수":"--",
            "난방방식":"--",
            "공급면적":70,
            "전용률":40,
            "욕실수":"--",
            "현관타입":"--",
            "주거총점":5.5,
            "지역구공급총점":0.0,
            "역세권":"NA",
            "30분내 이동가능 거점":"NA",
            "1시간내 이동가능 거점":"NA",
            "교통총점":"NA",
            "백화점":100,
            "아울렛몰":80,
            "대형마트":80,
            "은행":0,
            "병원":60,
            "종합병원":100,
            "공원":0,
            "혐오시설":0,
            "인프라총점":76.0,
            "초등학군":90.35,
            "중학군":50.0,
            "학군총점":58.07,
            "인구수":30.77,
            "인구증감":4.59,
            "인구총점":22.916,
            "일자리":9.7,
            "소득수준":60.34,
            "일자리총점":24.892,
            "가치 총점":46.8425,
            "매매실거래년":20220103.0,
            "매매실거래가":12000.0,
            "전세실거래년":20211213.0,
            "전세실거래가":11500.0,
            "전세가율":95.83,
            "장기전세가율평균":74.66,
            "전세가율거품지수":-21.17,
            "검색코드":10437,
            "세대수":284.0,
            "준공년월":"1990-11-22",
            "준공년차":33.0,
            "가까운역이름":"NA",
            "가까운역거리":"NA",
            "역세권여부":"NA",
            "30분이내주요거점역":"NA",
            "1시간이내주요거점역":"NA",
            "3km이내백화점수":1,
            "5km이내아울렛몰수":1,
            "1km이내대형먀트수":1,
            "500m이내은행수":0,
            "500m이내병원수":12,
            "5km이내대형병원수":3,
            "500m이내공원수":0,
            "3km이내혐오시설수":0,
            "초등학교학업성취도":90.35,
            "중학교학업성취도":81.8,
            "용적률":0,
            "건폐율":0,
            "Y":36.625644,
            "X":127.42443,
            "rank":86.0,
            "area_info":"25평(85.02), 31평(105.36)",
            "last_sales":"2022-01-03,12000.0,25평(85.02)"
        },
        {
            "index":199,
            "아파트명":"우정",
            "투자타입":"재건축",
            "전용면적(m2)":"34.59",
            "전용면적(평)":"10평",
            "법정동주소":"충청북도 청주시 흥덕구 강서동 33-7",
            "도로명주소":"충청북도 청주시 흥덕구 가로수로1154번길 21-5",
            "세대수":0,
            "입주년차":"--",
            "용적률점수":0,
            "건폐율점수":0,
            "세대당주차수":"--",
            "난방방식":"--",
            "공급면적":50,
            "전용률":40,
            "욕실수":"--",
            "현관타입":"--",
            "주거총점":4.5,
            "지역구공급총점":0.0,
            "역세권":"NA",
            "30분내 이동가능 거점":"NA",
            "1시간내 이동가능 거점":"NA",
            "교통총점":"NA",
            "백화점":100,
            "아울렛몰":80,
            "대형마트":80,
            "은행":0,
            "병원":60,
            "종합병원":100,
            "공원":0,
            "혐오시설":0,
            "인프라총점":76.0,
            "초등학군":90.35,
            "중학군":50.0,
            "학군총점":58.07,
            "인구수":30.77,
            "인구증감":4.59,
            "인구총점":22.916,
            "일자리":9.7,
            "소득수준":60.34,
            "일자리총점":24.892,
            "가치 총점":46.4925,
            "매매실거래년":20211223.0,
            "매매실거래가":2950.0,
            "전세실거래년":20211212.0,
            "전세실거래가":4100.0,
            "전세가율":138.98,
            "장기전세가율평균":74.66,
            "전세가율거품지수":-64.32,
            "검색코드":13344,
            "세대수":233.0,
            "준공년월":"1992-03-28",
            "준공년차":31.0,
            "가까운역이름":"NA",
            "가까운역거리":"NA",
            "역세권여부":"NA",
            "30분이내주요거점역":"NA",
            "1시간이내주요거점역":"NA",
            "3km이내백화점수":1,
            "5km이내아울렛몰수":1,
            "1km이내대형먀트수":1,
            "500m이내은행수":0,
            "500m이내병원수":28,
            "5km이내대형병원수":3,
            "500m이내공원수":0,
            "3km이내혐오시설수":0,
            "초등학교학업성취도":90.35,
            "중학교학업성취도":81.8,
            "용적률":0,
            "건폐율":0,
            "Y":36.626073,
            "X":127.425467,
            "rank":87.0,
            "area_info":"10평(34.59)",
            "last_sales":"2021-12-23,2950.0,10평(34.59)"
        },
        {
            "index":273,
            "아파트명":"세원",
            "투자타입":"재건축",
            "전용면적(m2)":"60.68",
            "전용면적(평)":"18평",
            "법정동주소":"충청북도 청주시 흥덕구 복대동 2009",
            "도로명주소":"충청북도 청주시 흥덕구 장구봉로101번길 45",
            "세대수":0,
            "입주년차":"--",
            "용적률점수":0,
            "건폐율점수":0,
            "세대당주차수":"--",
            "난방방식":"--",
            "공급면적":50,
            "전용률":80,
            "욕실수":"--",
            "현관타입":"--",
            "주거총점":6.5,
            "지역구공급총점":0.0,
            "역세권":"NA",
            "30분내 이동가능 거점":"NA",
            "1시간내 이동가능 거점":"NA",
            "교통총점":"NA",
            "백화점":100,
            "아울렛몰":80,
            "대형마트":80,
            "은행":0,
            "병원":30,
            "종합병원":100,
            "공원":100,
            "혐오시설":0,
            "인프라총점":76.0,
            "초등학군":86.34,
            "중학군":44.86,
            "학군총점":53.156,
            "인구수":30.77,
            "인구증감":4.59,
            "인구총점":22.916,
            "일자리":9.7,
            "소득수준":60.34,
            "일자리총점":24.892,
            "가치 총점":45.964,
            "매매실거래년":20211122.0,
            "매매실거래가":19500.0,
            "전세실거래년":20210530.0,
            "전세실거래가":8000.0,
            "전세가율":64.0,
            "장기전세가율평균":74.66,
            "전세가율거품지수":10.66,
            "검색코드":7330,
            "세대수":200.0,
            "준공년월":"1990-08-14",
            "준공년차":33.0,
            "가까운역이름":"NA",
            "가까운역거리":"NA",
            "역세권여부":"NA",
            "30분이내주요거점역":"NA",
            "1시간이내주요거점역":"NA",
            "3km이내백화점수":1,
            "5km이내아울렛몰수":1,
            "1km이내대형먀트수":1,
            "500m이내은행수":0,
            "500m이내병원수":8,
            "5km이내대형병원수":5,
            "500m이내공원수":4,
            "3km이내혐오시설수":0,
            "초등학교학업성취도":86.34,
            "중학교학업성취도":73.5,
            "용적률":0,
            "건폐율":0,
            "Y":36.626037,
            "X":127.44263,
            "rank":88.0,
            "area_info":"18평(60.68), 22평(72.91), 30평(101.91)",
            "last_sales":"2021-11-22,19500.0,30평(101.91)"
        },
        {
            "index":262,
            "아파트명":"삼일(2008)",
            "투자타입":"재건축",
            "전용면적(m2)":"91.42",
            "전용면적(평)":"27평",
            "법정동주소":"충청북도 청주시 흥덕구 복대동 2008",
            "도로명주소":"충청북도 청주시 흥덕구 복대로118번길 16",
            "세대수":0,
            "입주년차":"--",
            "용적률점수":0,
            "건폐율점수":0,
            "세대당주차수":"--",
            "난방방식":"--",
            "공급면적":70,
            "전용률":60,
            "욕실수":"--",
            "현관타입":"--",
            "주거총점":6.5,
            "지역구공급총점":0.0,
            "역세권":"NA",
            "30분내 이동가능 거점":"NA",
            "1시간내 이동가능 거점":"NA",
            "교통총점":"NA",
            "백화점":100,
            "아울렛몰":80,
            "대형마트":80,
            "은행":0,
            "병원":30,
            "종합병원":100,
            "공원":100,
            "혐오시설":0,
            "인프라총점":76.0,
            "초등학군":85.13,
            "중학군":44.86,
            "학군총점":52.914,
            "인구수":30.77,
            "인구증감":4.59,
            "인구총점":22.916,
            "일자리":9.7,
            "소득수준":60.34,
            "일자리총점":24.892,
            "가치 총점":45.9035,
            "매매실거래년":20211219.0,
            "매매실거래가":21000.0,
            "전세실거래년":20141216.0,
            "전세실거래가":9200.0,
            "전세가율":62.16,
            "장기전세가율평균":74.66,
            "전세가율거품지수":12.5,
            "검색코드":7324,
            "세대수":230.0,
            "준공년월":"1990-09-20",
            "준공년차":33.0,
            "가까운역이름":"NA",
            "가까운역거리":"NA",
            "역세권여부":"NA",
            "30분이내주요거점역":"NA",
            "1시간이내주요거점역":"NA",
            "3km이내백화점수":1,
            "5km이내아울렛몰수":1,
            "1km이내대형먀트수":1,
            "500m이내은행수":0,
            "500m이내병원수":8,
            "5km이내대형병원수":5,
            "500m이내공원수":4,
            "3km이내혐오시설수":0,
            "초등학교학업성취도":85.13,
            "중학교학업성취도":73.5,
            "용적률":0,
            "건폐율":0,
            "Y":36.626974,
            "X":127.442455,
            "rank":89.0,
            "area_info":"27평(91.42), 32평(105.93), 46평(153.96), 46평(153.09), 50평(165.52)",
            "last_sales":"2021-12-19,21000.0,32평(105.93)"
        },
        {
            "index":531,
            "아파트명":"오송상록롯데캐슬",
            "투자타입":"일반",
            "전용면적(m2)":"116.43",
            "전용면적(평)":"35평",
            "법정동주소":"충청북도 청주시 흥덕구 오송읍 731",
            "도로명주소":"충청북도 청주시 흥덕구 오송생명5로 202",
            "세대수":50,
            "입주년차":60,
            "용적률점수":"--",
            "건폐율점수":"--",
            "세대당주차수":60,
            "난방방식":30,
            "공급면적":"--",
            "전용률":"--",
            "욕실수":100,
            "현관타입":100,
            "주거총점":61.5,
            "지역구공급총점":0.0,
            "역세권":"NA",
            "30분내 이동가능 거점":"NA",
            "1시간내 이동가능 거점":"NA",
            "교통총점":"NA",
            "백화점":0,
            "아울렛몰":0,
            "대형마트":0,
            "은행":20,
            "병원":60,
            "종합병원":80,
            "공원":100,
            "혐오시설":0,
            "인프라총점":27.0,
            "초등학군":88.13,
            "중학군":45.42,
            "학군총점":53.962,
            "인구수":30.77,
            "인구증감":4.59,
            "인구총점":22.916,
            "일자리":9.7,
            "소득수준":60.34,
            "일자리총점":24.892,
            "가치 총점":45.8155,
            "매매실거래년":20220101.0,
            "매매실거래가":50200.0,
            "전세실거래년":20220111.0,
            "전세실거래가":21000.0,
            "전세가율":46.67,
            "장기전세가율평균":74.66,
            "전세가율거품지수":27.99,
            "검색코드":100700,
            "세대수":671.0,
            "준공년월":"2010-09-27",
            "준공년차":13.0,
            "가까운역이름":"NA",
            "가까운역거리":"NA",
            "역세권여부":"NA",
            "30분이내주요거점역":"NA",
            "1시간이내주요거점역":"NA",
            "3km이내백화점수":0,
            "5km이내아울렛몰수":0,
            "1km이내대형먀트수":0,
            "500m이내은행수":2,
            "500m이내병원수":10,
            "5km이내대형병원수":1,
            "500m이내공원수":2,
            "3km이내혐오시설수":0,
            "초등학교학업성취도":88.13,
            "중학교학업성취도":75.3,
            "용적률":179,
            "건폐율":13,
            "Y":36.629475,
            "X":127.328165,
            "rank":90.0,
            "area_info":"35평(116.43), 35평(117.41)",
            "last_sales":"2022-01-01,50200.0,35평(117.41)"
        },
        {
            "index":519,
            "아파트명":"모아미래도",
            "투자타입":"일반",
            "전용면적(m2)":"109.26",
            "전용면적(평)":"33평",
            "법정동주소":"충청북도 청주시 흥덕구 오송읍 연제리 726",
            "도로명주소":"충청북도 청주시 흥덕구 오송생명3로 87",
            "세대수":50,
            "입주년차":60,
            "용적률점수":"--",
            "건폐율점수":"--",
            "세대당주차수":60,
            "난방방식":30,
            "공급면적":"--",
            "전용률":"--",
            "욕실수":100,
            "현관타입":100,
            "주거총점":61.5,
            "지역구공급총점":0.0,
            "역세권":"NA",
            "30분내 이동가능 거점":"NA",
            "1시간내 이동가능 거점":"NA",
            "교통총점":"NA",
            "백화점":0,
            "아울렛몰":0,
            "대형마트":0,
            "은행":20,
            "병원":60,
            "종합병원":80,
            "공원":100,
            "혐오시설":0,
            "인프라총점":27.0,
            "초등학군":88.13,
            "중학군":45.42,
            "학군총점":53.962,
            "인구수":30.77,
            "인구증감":4.59,
            "인구총점":22.916,
            "일자리":9.7,
            "소득수준":60.34,
            "일자리총점":24.892,
            "가치 총점":45.8155,
            "매매실거래년":20211218.0,
            "매매실거래가":55000.0,
            "전세실거래년":20211113.0,
            "전세실거래가":35000.0,
            "전세가율":63.64,
            "장기전세가율평균":74.66,
            "전세가율거품지수":11.02,
            "검색코드":100391,
            "세대수":400.0,
            "준공년월":"2010-11-29",
            "준공년차":13.0,
            "가까운역이름":"NA",
            "가까운역거리":"NA",
            "역세권여부":"NA",
            "30분이내주요거점역":"NA",
            "1시간이내주요거점역":"NA",
            "3km이내백화점수":0,
            "5km이내아울렛몰수":0,
            "1km이내대형먀트수":0,
            "500m이내은행수":2,
            "500m이내병원수":10,
            "5km이내대형병원수":1,
            "500m이내공원수":3,
            "3km이내혐오시설수":0,
            "초등학교학업성취도":88.13,
            "중학교학업성취도":75.3,
            "용적률":179,
            "건폐율":14,
            "Y":36.63045,
            "X":127.326882,
            "rank":90.0,
            "area_info":"33평(109.26), 33평(109.54)",
            "last_sales":"2021-12-18,55000.0,33평(109.26)"
        },
        {
            "index":526,
            "아파트명":"오송마을휴먼시아2단지",
            "투자타입":"일반",
            "전용면적(m2)":"109.72",
            "전용면적(평)":"33평",
            "법정동주소":"충청북도 청주시 흥덕구 오송읍 만수리 549",
            "도로명주소":"충청북도 청주시 흥덕구 오송생명5로 201",
            "세대수":50,
            "입주년차":60,
            "용적률점수":"--",
            "건폐율점수":"--",
            "세대당주차수":60,
            "난방방식":30,
            "공급면적":"--",
            "전용률":"--",
            "욕실수":100,
            "현관타입":100,
            "주거총점":61.5,
            "지역구공급총점":0.0,
            "역세권":"NA",
            "30분내 이동가능 거점":"NA",
            "1시간내 이동가능 거점":"NA",
            "교통총점":"NA",
            "백화점":0,
            "아울렛몰":0,
            "대형마트":0,
            "은행":20,
            "병원":60,
            "종합병원":80,
            "공원":80,
            "혐오시설":0,
            "인프라총점":26.4,
            "초등학군":88.13,
            "중학군":45.42,
            "학군총점":53.962,
            "인구수":30.77,
            "인구증감":4.59,
            "인구총점":22.916,
            "일자리":9.7,
            "소득수준":60.34,
            "일자리총점":24.892,
            "가치 총점":45.5755,
            "매매실거래년":20211215.0,
            "매매실거래가":46700.0,
            "전세실거래년":20211130.0,
            "전세실거래가":17850.0,
            "전세가율":37.98,
            "장기전세가율평균":74.66,
            "전세가율거품지수":36.68,
            "검색코드":102183,
            "세대수":468.0,
            "준공년월":"2009-07-13",
            "준공년차":14.0,
            "가까운역이름":"NA",
            "가까운역거리":"NA",
            "역세권여부":"NA",
            "30분이내주요거점역":"NA",
            "1시간이내주요거점역":"NA",
            "3km이내백화점수":0,
            "5km이내아울렛몰수":0,
            "1km이내대형먀트수":0,
            "500m이내은행수":2,
            "500m이내병원수":10,
            "5km이내대형병원수":1,
            "500m이내공원수":1,
            "3km이내혐오시설수":0,
            "초등학교학업성취도":88.13,
            "중학교학업성취도":75.3,
            "용적률":170,
            "건폐율":17,
            "Y":36.628848,
            "X":127.330461,
            "rank":91.0,
            "area_info":"33평(109.72), 33평(109.8), 33평(109.78), 33평(109.76), 33평(109.75)",
            "last_sales":"2021-12-15,46700.0,33평(109.78)"
        },
        {
            "index":556,
            "아파트명":"청주리버파크자이",
            "투자타입":"일반",
            "전용면적(m2)":"92.22",
            "전용면적(평)":"27평",
            "법정동주소":"충청북도 청주시 흥덕구 옥산면 가락리 981",
            "도로명주소":"충청북도 청주시 흥덕구 오송가락로 1056",
            "세대수":100,
            "입주년차":100,
            "용적률점수":"--",
            "건폐율점수":"--",
            "세대당주차수":30,
            "난방방식":30,
            "공급면적":"--",
            "전용률":"--",
            "욕실수":100,
            "현관타입":100,
            "주거총점":82.5,
            "지역구공급총점":0.0,
            "역세권":"NA",
            "30분내 이동가능 거점":"NA",
            "1시간내 이동가능 거점":"NA",
            "교통총점":"NA",
            "백화점":0,
            "아울렛몰":80,
            "대형마트":0,
            "은행":0,
            "병원":10,
            "종합병원":0,
            "공원":80,
            "혐오시설":0,
            "인프라총점":11.4,
            "초등학군":98.38,
            "중학군":35.88,
            "학군총점":48.38,
            "인구수":30.77,
            "인구증감":4.59,
            "인구총점":22.916,
            "일자리":9.7,
            "소득수준":60.34,
            "일자리총점":24.892,
            "가치 총점":45.53,
            "매매실거래년":20220110.0,
            "매매실거래가":45500.0,
            "전세실거래년":20211108.0,
            "전세실거래가":17000.0,
            "전세가율":46.58,
            "장기전세가율평균":74.66,
            "전세가율거품지수":28.08,
            "검색코드":116749,
            "세대수":2529.0,
            "준공년월":"2019-07-30",
            "준공년차":4.0,
            "가까운역이름":"NA",
            "가까운역거리":"NA",
            "역세권여부":"NA",
            "30분이내주요거점역":"NA",
            "1시간이내주요거점역":"NA",
            "3km이내백화점수":0,
            "5km이내아울렛몰수":1,
            "1km이내대형먀트수":0,
            "500m이내은행수":0,
            "500m이내병원수":2,
            "5km이내대형병원수":0,
            "500m이내공원수":1,
            "3km이내혐오시설수":0,
            "초등학교학업성취도":98.38,
            "중학교학업성취도":59.2,
            "용적률":0,
            "건폐율":0,
            "Y":36.677924,
            "X":127.390218,
            "rank":92.0,
            "area_info":"27평(92.22), 31평(105.55), 35평(115.89), 35평(116.15), 35평(116.86)",
            "last_sales":"2022-01-10,45500.0,35평(116.15)"
        },
        {
            "index":414,
            "아파트명":"주공2단지",
            "투자타입":"재건축",
            "전용면적(m2)":"45.12",
            "전용면적(평)":"13평",
            "법정동주소":"충청북도 청주시 흥덕구 봉명동 1602",
            "도로명주소":"충청북도 청주시 흥덕구 직지대로581번길 33-12",
            "세대수":50,
            "입주년차":"--",
            "용적률점수":0,
            "건폐율점수":0,
            "세대당주차수":"--",
            "난방방식":"--",
            "공급면적":50,
            "전용률":80,
            "욕실수":"--",
            "현관타입":"--",
            "주거총점":21.5,
            "지역구공급총점":0.0,
            "역세권":"NA",
            "30분내 이동가능 거점":"NA",
            "1시간내 이동가능 거점":"NA",
            "교통총점":"NA",
            "백화점":100,
            "아울렛몰":80,
            "대형마트":0,
            "은행":0,
            "병원":10,
            "종합병원":100,
            "공원":100,
            "혐오시설":0,
            "인프라총점":62.0,
            "초등학군":84.68,
            "중학군":43.04,
            "학군총점":51.368,
            "인구수":30.77,
            "인구증감":4.59,
            "인구총점":22.916,
            "일자리":9.7,
            "소득수준":60.34,
            "일자리총점":24.892,
            "가치 총점":45.167,
            "매매실거래년":20211222.0,
            "매매실거래가":13000.0,
            "전세실거래년":20211101.0,
            "전세실거래가":3500.0,
            "전세가율":26.92,
            "장기전세가율평균":74.66,
            "전세가율거품지수":47.74,
            "검색코드":15445,
            "세대수":556.0,
            "준공년월":"1985-12-11",
            "준공년차":38.0,
            "가까운역이름":"NA",
            "가까운역거리":"NA",
            "역세권여부":"NA",
            "30분이내주요거점역":"NA",
            "1시간이내주요거점역":"NA",
            "3km이내백화점수":1,
            "5km이내아울렛몰수":1,
            "1km이내대형먀트수":0,
            "500m이내은행수":0,
            "500m이내병원수":4,
            "5km이내대형병원수":6,
            "500m이내공원수":4,
            "3km이내혐오시설수":0,
            "초등학교학업성취도":84.68,
            "중학교학업성취도":70.6,
            "용적률":0,
            "건폐율":0,
            "Y":36.645598,
            "X":127.456106,
            "rank":93.0,
            "area_info":"13평(45.12), 13평(45.6), 15평(52.25), 15평(52.26), 15평(52.52), 16평(53.1), 16평(53.55), 16평(53.84), 17평(58.88), 20평(67.54)",
            "last_sales":"2021-12-22,13000.0,13평(45.12)"
        },
        {
            "index":460,
            "아파트명":"평화",
            "투자타입":"재건축",
            "전용면적(m2)":"54.96",
            "전용면적(평)":"16평",
            "법정동주소":"충청북도 청주시 흥덕구 비하동 75-32",
            "도로명주소":"충청북도 청주시 흥덕구 가로수로1132번길 10",
            "세대수":0,
            "입주년차":"--",
            "용적률점수":0,
            "건폐율점수":0,
            "세대당주차수":"--",
            "난방방식":"--",
            "공급면적":50,
            "전용률":60,
            "욕실수":"--",
            "현관타입":"--",
            "주거총점":5.5,
            "지역구공급총점":0.0,
            "역세권":"NA",
            "30분내 이동가능 거점":"NA",
            "1시간내 이동가능 거점":"NA",
            "교통총점":"NA",
            "백화점":100,
            "아울렛몰":80,
            "대형마트":80,
            "은행":0,
            "병원":10,
            "종합병원":100,
            "공원":0,
            "혐오시설":0,
            "인프라총점":71.0,
            "초등학군":90.35,
            "중학군":50.0,
            "학군총점":58.07,
            "인구수":30.77,
            "인구증감":4.59,
            "인구총점":22.916,
            "일자리":9.7,
            "소득수준":60.34,
            "일자리총점":24.892,
            "가치 총점":44.8425,
            "매매실거래년":20211226.0,
            "매매실거래가":10000.0,
            "전세실거래년":20140311.0,
            "전세실거래가":4500.0,
            "전세가율":86.54,
            "장기전세가율평균":74.66,
            "전세가율거품지수":-11.88,
            "검색코드":15464,
            "세대수":175.0,
            "준공년월":"1988-09-12",
            "준공년차":35.0,
            "가까운역이름":"NA",
            "가까운역거리":"NA",
            "역세권여부":"NA",
            "30분이내주요거점역":"NA",
            "1시간이내주요거점역":"NA",
            "3km이내백화점수":1,
            "5km이내아울렛몰수":1,
            "1km이내대형먀트수":1,
            "500m이내은행수":0,
            "500m이내병원수":2,
            "5km이내대형병원수":3,
            "500m이내공원수":0,
            "3km이내혐오시설수":0,
            "초등학교학업성취도":90.35,
            "중학교학업성취도":81.8,
            "용적률":0,
            "건폐율":0,
            "Y":36.625661,
            "X":127.422295,
            "rank":94.0,
            "area_info":"16평(54.96), 19평(63.36), 25평(84.34), 25평(85.15), 41평(138.42)",
            "last_sales":"2021-12-26,10000.0,25평(85.15)"
        },
        {
            "index":108,
            "아파트명":"진흥2차",
            "투자타입":"재건축",
            "전용면적(m2)":"57.32",
            "전용면적(평)":"17평",
            "법정동주소":"충청북도 청주시 흥덕구 강내면 월곡리 150-7",
            "도로명주소":"충청북도 청주시 흥덕구 가로수로 654-10",
            "세대수":0,
            "입주년차":"--",
            "용적률점수":100,
            "건폐율점수":80,
            "세대당주차수":"--",
            "난방방식":"--",
            "공급면적":50,
            "전용률":80,
            "욕실수":"--",
            "현관타입":"--",
            "주거총점":62.5,
            "지역구공급총점":0.0,
            "역세권":"NA",
            "30분내 이동가능 거점":"NA",
            "1시간내 이동가능 거점":"NA",
            "교통총점":"NA",
            "백화점":0,
            "아울렛몰":0,
            "대형마트":0,
            "은행":0,
            "병원":0,
            "종합병원":80,
            "공원":100,
            "혐오시설":0,
            "인프라총점":19.0,
            "초등학군":86.83,
            "중학군":53.74,
            "학군총점":60.358,
            "인구수":30.77,
            "인구증감":4.59,
            "인구총점":22.916,
            "일자리":9.7,
            "소득수준":60.34,
            "일자리총점":24.892,
            "가치 총점":44.5645,
            "매매실거래년":20220112.0,
            "매매실거래가":8700.0,
            "전세실거래년":20210720.0,
            "전세실거래가":5000.0,
            "전세가율":111.11,
            "장기전세가율평균":74.66,
            "전세가율거품지수":-36.45,
            "검색코드":17222,
            "세대수":150.0,
            "준공년월":"1989-11-27",
            "준공년차":34.0,
            "가까운역이름":"NA",
            "가까운역거리":"NA",
            "역세권여부":"NA",
            "30분이내주요거점역":"NA",
            "1시간이내주요거점역":"NA",
            "3km이내백화점수":0,
            "5km이내아울렛몰수":0,
            "1km이내대형먀트수":0,
            "500m이내은행수":0,
            "500m이내병원수":0,
            "5km이내대형병원수":1,
            "500m이내공원수":4,
            "3km이내혐오시설수":0,
            "초등학교학업성취도":86.83,
            "중학교학업성취도":87.3,
            "용적률":137,
            "건폐율":28,
            "Y":36.623375,
            "X":127.37124,
            "rank":95.0,
            "area_info":"17평(57.32), 20평(66.72), 20평(66.79), 20평(66.72)",
            "last_sales":"2022-01-12,8700.0,20평(66.79)"
        },
        {
            "index":389,
            "아파트명":"봉명세원",
            "투자타입":"일반",
            "전용면적(m2)":"82.57",
            "전용면적(평)":"24평",
            "법정동주소":"충청북도 청주시 흥덕구 봉명동 2193",
            "도로명주소":"충청북도 청주시 흥덕구 월명로 136",
            "세대수":0,
            "입주년차":0,
            "용적률점수":"--",
            "건폐율점수":"--",
            "세대당주차수":0,
            "난방방식":30,
            "공급면적":"--",
            "전용률":"--",
            "욕실수":50,
            "현관타입":100,
            "주거총점":18.0,
            "지역구공급총점":0.0,
            "역세권":"NA",
            "30분내 이동가능 거점":"NA",
            "1시간내 이동가능 거점":"NA",
            "교통총점":"NA",
            "백화점":100,
            "아울렛몰":80,
            "대형마트":0,
            "은행":0,
            "병원":10,
            "종합병원":100,
            "공원":100,
            "혐오시설":0,
            "인프라총점":62.0,
            "초등학군":84.68,
            "중학군":43.04,
            "학군총점":51.368,
            "인구수":30.77,
            "인구증감":4.59,
            "인구총점":22.916,
            "일자리":9.7,
            "소득수준":60.34,
            "일자리총점":24.892,
            "가치 총점":43.942,
            "매매실거래년":20211223.0,
            "매매실거래가":21500.0,
            "전세실거래년":20200219.0,
            "전세실거래가":12000.0,
            "전세가율":82.76,
            "장기전세가율평균":74.66,
            "전세가율거품지수":-8.1,
            "검색코드":11517,
            "세대수":276.0,
            "준공년월":"1993-07-26",
            "준공년차":30.0,
            "가까운역이름":"NA",
            "가까운역거리":"NA",
            "역세권여부":"NA",
            "30분이내주요거점역":"NA",
            "1시간이내주요거점역":"NA",
            "3km이내백화점수":1,
            "5km이내아울렛몰수":1,
            "1km이내대형먀트수":0,
            "500m이내은행수":0,
            "500m이내병원수":4,
            "5km이내대형병원수":6,
            "500m이내공원수":3,
            "3km이내혐오시설수":0,
            "초등학교학업성취도":84.68,
            "중학교학업성취도":70.6,
            "용적률":0,
            "건폐율":0,
            "Y":36.646894,
            "X":127.454983,
            "rank":96.0,
            "area_info":"24평(82.57), 31평(104.91), 43평(144.67)",
            "last_sales":"2021-12-23,21500.0,43평(144.67)"
        },
        {
            "index":116,
            "아파트명":"청원쌍용예가1단지",
            "투자타입":"일반",
            "전용면적(m2)":"109.92",
            "전용면적(평)":"33평",
            "법정동주소":"충청북도 청주시 흥덕구 강내면 월곡리 428",
            "도로명주소":"충청북도 청주시 흥덕구 탑연월곡길 62-13",
            "세대수":0,
            "입주년차":40,
            "용적률점수":"--",
            "건폐율점수":"--",
            "세대당주차수":60,
            "난방방식":30,
            "공급면적":"--",
            "전용률":"--",
            "욕실수":100,
            "현관타입":100,
            "주거총점":40.0,
            "지역구공급총점":0.0,
            "역세권":"NA",
            "30분내 이동가능 거점":"NA",
            "1시간내 이동가능 거점":"NA",
            "교통총점":"NA",
            "백화점":0,
            "아울렛몰":0,
            "대형마트":100,
            "은행":0,
            "병원":10,
            "종합병원":80,
            "공원":100,
            "혐오시설":0,
            "인프라총점":35.0,
            "초등학군":86.83,
            "중학군":53.74,
            "학군총점":60.358,
            "인구수":30.77,
            "인구증감":4.59,
            "인구총점":22.916,
            "일자리":9.7,
            "소득수준":60.34,
            "일자리총점":24.892,
            "가치 총점":43.0895,
            "매매실거래년":20210122.0,
            "매매실거래가":26500.0,
            "전세실거래년":20210403.0,
            "전세실거래가":18000.0,
            "전세가율":95.74,
            "장기전세가율평균":74.66,
            "전세가율거품지수":-21.08,
            "검색코드":23596,
            "세대수":196.0,
            "준공년월":"2007-08-21",
            "준공년차":16.0,
            "가까운역이름":"NA",
            "가까운역거리":"NA",
            "역세권여부":"NA",
            "30분이내주요거점역":"NA",
            "1시간이내주요거점역":"NA",
            "3km이내백화점수":0,
            "5km이내아울렛몰수":0,
            "1km이내대형먀트수":2,
            "500m이내은행수":0,
            "500m이내병원수":2,
            "5km이내대형병원수":1,
            "500m이내공원수":5,
            "3km이내혐오시설수":0,
            "초등학교학업성취도":86.83,
            "중학교학업성취도":87.3,
            "용적률":223,
            "건폐율":21,
            "Y":36.622593,
            "X":127.364806,
            "rank":97.0,
            "area_info":"33평(109.92), 33평(110.15), 33평(111.99), 33평(111.17), 44평(146.67)",
            "last_sales":"2021-01-22,26500.0,44평(146.67)"
        },
        {
            "index":121,
            "아파트명":"청원쌍용예가2단지",
            "투자타입":"일반",
            "전용면적(m2)":"110.74",
            "전용면적(평)":"33평",
            "법정동주소":"충청북도 청주시 흥덕구 강내면 월곡리 429",
            "도로명주소":"충청북도 청주시 흥덕구 탑연월곡길 62-20",
            "세대수":0,
            "입주년차":40,
            "용적률점수":"--",
            "건폐율점수":"--",
            "세대당주차수":60,
            "난방방식":30,
            "공급면적":"--",
            "전용률":"--",
            "욕실수":100,
            "현관타입":100,
            "주거총점":40.0,
            "지역구공급총점":0.0,
            "역세권":"NA",
            "30분내 이동가능 거점":"NA",
            "1시간내 이동가능 거점":"NA",
            "교통총점":"NA",
            "백화점":0,
            "아울렛몰":0,
            "대형마트":100,
            "은행":0,
            "병원":10,
            "종합병원":80,
            "공원":100,
            "혐오시설":0,
            "인프라총점":35.0,
            "초등학군":86.83,
            "중학군":53.74,
            "학군총점":60.358,
            "인구수":30.77,
            "인구증감":4.59,
            "인구총점":22.916,
            "일자리":9.7,
            "소득수준":60.34,
            "일자리총점":24.892,
            "가치 총점":43.0895,
            "매매실거래년":20211030.0,
            "매매실거래가":38500.0,
            "전세실거래년":20210408.0,
            "전세실거래가":17000.0,
            "전세가율":58.62,
            "장기전세가율평균":74.66,
            "전세가율거품지수":16.04,
            "검색코드":23597,
            "세대수":231.0,
            "준공년월":"2007-08-21",
            "준공년차":16.0,
            "가까운역이름":"NA",
            "가까운역거리":"NA",
            "역세권여부":"NA",
            "30분이내주요거점역":"NA",
            "1시간이내주요거점역":"NA",
            "3km이내백화점수":0,
            "5km이내아울렛몰수":0,
            "1km이내대형먀트수":2,
            "500m이내은행수":0,
            "500m이내병원수":2,
            "5km이내대형병원수":1,
            "500m이내공원수":5,
            "3km이내혐오시설수":0,
            "초등학교학업성취도":86.83,
            "중학교학업성취도":87.3,
            "용적률":221,
            "건폐율":20,
            "Y":36.621556,
            "X":127.364781,
            "rank":97.0,
            "area_info":"33평(110.74), 44평(145.64)",
            "last_sales":"2021-10-30,38500.0,44평(145.64)"
        },
        {
            "index":539,
            "아파트명":"오송힐데스하임",
            "투자타입":"일반",
            "전용면적(m2)":"145.13",
            "전용면적(평)":"43평",
            "법정동주소":"충청북도 청주시 흥덕구 오송읍 연제리 700",
            "도로명주소":"충청북도 청주시 흥덕구 오송생명1로 152",
            "세대수":50,
            "입주년차":60,
            "용적률점수":"--",
            "건폐율점수":"--",
            "세대당주차수":60,
            "난방방식":30,
            "공급면적":"--",
            "전용률":"--",
            "욕실수":100,
            "현관타입":100,
            "주거총점":61.5,
            "지역구공급총점":0.0,
            "역세권":"NA",
            "30분내 이동가능 거점":"NA",
            "1시간내 이동가능 거점":"NA",
            "교통총점":"NA",
            "백화점":0,
            "아울렛몰":0,
            "대형마트":0,
            "은행":0,
            "병원":0,
            "종합병원":80,
            "공원":100,
            "혐오시설":0,
            "인프라총점":19.0,
            "초등학군":88.13,
            "중학군":45.42,
            "학군총점":53.962,
            "인구수":30.77,
            "인구증감":4.59,
            "인구총점":22.916,
            "일자리":9.7,
            "소득수준":60.34,
            "일자리총점":24.892,
            "가치 총점":42.6155,
            "매매실거래년":20211116.0,
            "매매실거래가":83000.0,
            "전세실거래년":20211215.0,
            "전세실거래가":12000.0,
            "전세가율":20.34,
            "장기전세가율평균":74.66,
            "전세가율거품지수":54.32,
            "검색코드":26632,
            "세대수":402.0,
            "준공년월":"2010-10-18",
            "준공년차":13.0,
            "가까운역이름":"NA",
            "가까운역거리":"NA",
            "역세권여부":"NA",
            "30분이내주요거점역":"NA",
            "1시간이내주요거점역":"NA",
            "3km이내백화점수":0,
            "5km이내아울렛몰수":0,
            "1km이내대형먀트수":0,
            "500m이내은행수":1,
            "500m이내병원수":0,
            "5km이내대형병원수":1,
            "500m이내공원수":3,
            "3km이내혐오시설수":0,
            "초등학교학업성취도":88.13,
            "중학교학업성취도":75.3,
            "용적률":159,
            "건폐율":8,
            "Y":36.632661,
            "X":127.322546,
            "rank":98.0,
            "area_info":"43평(145.13), 50평(166.43), 64평(212.56)",
            "last_sales":"2021-11-16,83000.0,64평(212.56)"
        },
        {
            "index":562,
            "아파트명":"흥덕코오롱하늘채",
            "투자타입":"일반",
            "전용면적(m2)":"84.95",
            "전용면적(평)":"25평",
            "법정동주소":"충청북도 청주시 흥덕구 옥산면 가락리 953",
            "도로명주소":"충청북도 청주시 흥덕구 가락길 60",
            "세대수":90,
            "입주년차":80,
            "용적률점수":"--",
            "건폐율점수":"--",
            "세대당주차수":30,
            "난방방식":30,
            "공급면적":"--",
            "전용률":"--",
            "욕실수":100,
            "현관타입":100,
            "주거총점":75.0,
            "지역구공급총점":0.0,
            "역세권":"NA",
            "30분내 이동가능 거점":"NA",
            "1시간내 이동가능 거점":"NA",
            "교통총점":"NA",
            "백화점":0,
            "아울렛몰":80,
            "대형마트":0,
            "은행":0,
            "병원":0,
            "종합병원":0,
            "공원":80,
            "혐오시설":0,
            "인프라총점":10.4,
            "초등학군":98.38,
            "중학군":35.88,
            "학군총점":48.38,
            "인구수":30.77,
            "인구증감":4.59,
            "인구총점":22.916,
            "일자리":9.7,
            "소득수준":60.34,
            "일자리총점":24.892,
            "가치 총점":42.505,
            "매매실거래년":20211224.0,
            "매매실거래가":26950.0,
            "전세실거래년":20220110.0,
            "전세실거래가":11000.0,
            "전세가율":40.82,
            "장기전세가율평균":74.66,
            "전세가율거품지수":33.84,
            "검색코드":109403,
            "세대수":1206.0,
            "준공년월":"2016-11-30",
            "준공년차":7.0,
            "가까운역이름":"NA",
            "가까운역거리":"NA",
            "역세권여부":"NA",
            "30분이내주요거점역":"NA",
            "1시간이내주요거점역":"NA",
            "3km이내백화점수":0,
            "5km이내아울렛몰수":1,
            "1km이내대형먀트수":0,
            "500m이내은행수":0,
            "500m이내병원수":0,
            "5km이내대형병원수":0,
            "500m이내공원수":1,
            "3km이내혐오시설수":0,
            "초등학교학업성취도":98.38,
            "중학교학업성취도":59.2,
            "용적률":148,
            "건폐율":16,
            "Y":36.672473,
            "X":127.381311,
            "rank":99.0,
            "area_info":"25평(84.95), 34평(113.68), 34평(113.07)",
            "last_sales":"2021-12-24,26950.0,25평(84.95)"
        },
        {
            "index":295,
            "아파트명":"청송",
            "투자타입":"재건축",
            "전용면적(m2)":"81.5",
            "전용면적(평)":"24평",
            "법정동주소":"충청북도 청주시 흥덕구 복대동 833-1",
            "도로명주소":"충청북도 청주시 흥덕구 사직대로29번길 14",
            "세대수":0,
            "입주년차":"--",
            "용적률점수":0,
            "건폐율점수":0,
            "세대당주차수":"--",
            "난방방식":"--",
            "공급면적":70,
            "전용률":80,
            "욕실수":"--",
            "현관타입":"--",
            "주거총점":7.5,
            "지역구공급총점":0.0,
            "역세권":"NA",
            "30분내 이동가능 거점":"NA",
            "1시간내 이동가능 거점":"NA",
            "교통총점":"NA",
            "백화점":100,
            "아울렛몰":80,
            "대형마트":0,
            "은행":0,
            "병원":60,
            "종합병원":100,
            "공원":100,
            "혐오시설":0,
            "인프라총점":67.0,
            "초등학군":81.58,
            "중학군":44.86,
            "학군총점":52.204,
            "인구수":30.77,
            "인구증감":4.59,
            "인구총점":22.916,
            "일자리":9.7,
            "소득수준":60.34,
            "일자리총점":24.892,
            "가치 총점":42.476,
            "매매실거래년":20210828.0,
            "매매실거래가":7150.0,
            "전세실거래년":20211011.0,
            "전세실거래가":8500.0,
            "전세가율":118.88,
            "장기전세가율평균":74.66,
            "전세가율거품지수":-44.22,
            "검색코드":7343,
            "세대수":100.0,
            "준공년월":"1981-05-18",
            "준공년차":42.0,
            "가까운역이름":"NA",
            "가까운역거리":"NA",
            "역세권여부":"NA",
            "30분이내주요거점역":"NA",
            "1시간이내주요거점역":"NA",
            "3km이내백화점수":1,
            "5km이내아울렛몰수":1,
            "1km이내대형먀트수":0,
            "500m이내은행수":0,
            "500m이내병원수":25,
            "5km이내대형병원수":5,
            "500m이내공원수":3,
            "3km이내혐오시설수":0,
            "초등학교학업성취도":81.58,
            "중학교학업성취도":73.5,
            "용적률":0,
            "건폐율":0,
            "Y":36.635198,
            "X":127.451431,
            "rank":100.0,
            "area_info":"24평(81.5)",
            "last_sales":"2021-08-28,7150.0,24평(81.5)"
        },
        {
            "index":536,
            "아파트명":"오송호반베르디움",
            "투자타입":"일반",
            "전용면적(m2)":"110.73",
            "전용면적(평)":"33평",
            "법정동주소":"충청북도 청주시 흥덕구 오송읍 연제리 736",
            "도로명주소":"충청북도 청주시 흥덕구 오송생명3로 111",
            "세대수":50,
            "입주년차":60,
            "용적률점수":"--",
            "건폐율점수":"--",
            "세대당주차수":30,
            "난방방식":30,
            "공급면적":"--",
            "전용률":"--",
            "욕실수":100,
            "현관타입":100,
            "주거총점":57.0,
            "지역구공급총점":0.0,
            "역세권":"NA",
            "30분내 이동가능 거점":"NA",
            "1시간내 이동가능 거점":"NA",
            "교통총점":"NA",
            "백화점":0,
            "아울렛몰":0,
            "대형마트":0,
            "은행":0,
            "병원":30,
            "종합병원":80,
            "공원":100,
            "혐오시설":0,
            "인프라총점":22.0,
            "초등학군":88.13,
            "중학군":45.42,
            "학군총점":53.962,
            "인구수":30.77,
            "인구증감":4.59,
            "인구총점":22.916,
            "일자리":9.7,
            "소득수준":60.34,
            "일자리총점":24.892,
            "가치 총점":42.2405,
            "매매실거래년":20211004.0,
            "매매실거래가":43000.0,
            "전세실거래년":null,
            "전세실거래가":null,
            "전세가율":null,
            "장기전세가율평균":74.66,
            "전세가율거품지수":null,
            "검색코드":26318,
            "세대수":634.0,
            "준공년월":"2010-08-27",
            "준공년차":13.0,
            "가까운역이름":"NA",
            "가까운역거리":"NA",
            "역세권여부":"NA",
            "30분이내주요거점역":"NA",
            "1시간이내주요거점역":"NA",
            "3km이내백화점수":0,
            "5km이내아울렛몰수":0,
            "1km이내대형먀트수":0,
            "500m이내은행수":1,
            "500m이내병원수":6,
            "5km이내대형병원수":1,
            "500m이내공원수":3,
            "3km이내혐오시설수":0,
            "초등학교학업성취도":88.13,
            "중학교학업성취도":75.3,
            "용적률":179,
            "건폐율":13,
            "Y":36.62812,
            "X":127.326052,
            "rank":101.0,
            "area_info":"33평(110.73), 33평(111.12), 33평(112.05)",
            "last_sales":"2021-10-04,43000.0,33평(112.05)"
        },
        {
            "index":248,
            "아파트명":"명성",
            "투자타입":"재건축",
            "전용면적(m2)":"50.43",
            "전용면적(평)":"15평",
            "법정동주소":"충청북도 청주시 흥덕구 복대동 168",
            "도로명주소":"충청북도 청주시 흥덕구 신율로180번길 22",
            "세대수":0,
            "입주년차":"--",
            "용적률점수":0,
            "건폐율점수":0,
            "세대당주차수":"--",
            "난방방식":"--",
            "공급면적":50,
            "전용률":80,
            "욕실수":"--",
            "현관타입":"--",
            "주거총점":6.5,
            "지역구공급총점":0.0,
            "역세권":"NA",
            "30분내 이동가능 거점":"NA",
            "1시간내 이동가능 거점":"NA",
            "교통총점":"NA",
            "백화점":100,
            "아울렛몰":80,
            "대형마트":0,
            "은행":0,
            "병원":60,
            "종합병원":100,
            "공원":100,
            "혐오시설":0,
            "인프라총점":67.0,
            "초등학군":80.17,
            "중학군":44.86,
            "학군총점":51.922,
            "인구수":30.77,
            "인구증감":4.59,
            "인구총점":22.916,
            "일자리":9.7,
            "소득수준":60.34,
            "일자리총점":24.892,
            "가치 총점":42.0555,
            "매매실거래년":20211222.0,
            "매매실거래가":4100.0,
            "전세실거래년":20211018.0,
            "전세실거래가":5000.0,
            "전세가율":121.95,
            "장기전세가율평균":74.66,
            "전세가율거품지수":-47.29,
            "검색코드":108584,
            "세대수":100.0,
            "준공년월":"1988",
            "준공년차":35.0,
            "가까운역이름":"NA",
            "가까운역거리":"NA",
            "역세권여부":"NA",
            "30분이내주요거점역":"NA",
            "1시간이내주요거점역":"NA",
            "3km이내백화점수":1,
            "5km이내아울렛몰수":1,
            "1km이내대형먀트수":0,
            "500m이내은행수":0,
            "500m이내병원수":14,
            "5km이내대형병원수":5,
            "500m이내공원수":3,
            "3km이내혐오시설수":0,
            "초등학교학업성취도":80.17,
            "중학교학업성취도":73.5,
            "용적률":0,
            "건폐율":0,
            "Y":36.633039,
            "X":127.448282,
            "rank":102.0,
            "area_info":"15평(50.43)",
            "last_sales":"2021-12-22,4100.0,15평(50.43)"
        },
        {
            "index":386,
            "아파트명":"봉명베리굿(도시형)",
            "투자타입":"일반",
            "전용면적(m2)":"65.4",
            "전용면적(평)":"19평",
            "법정동주소":"충청북도 청주시 흥덕구 봉명동 197-11",
            "도로명주소":"충청북도 청주시 흥덕구 1순환로 592",
            "세대수":0,
            "입주년차":100,
            "용적률점수":"--",
            "건폐율점수":"--",
            "세대당주차수":30,
            "난방방식":30,
            "공급면적":"--",
            "전용률":"--",
            "욕실수":50,
            "현관타입":100,
            "주거총점":42.5,
            "지역구공급총점":0.0,
            "역세권":"NA",
            "30분내 이동가능 거점":"NA",
            "1시간내 이동가능 거점":"NA",
            "교통총점":"NA",
            "백화점":0,
            "아울렛몰":80,
            "대형마트":0,
            "은행":20,
            "병원":30,
            "종합병원":100,
            "공원":100,
            "혐오시설":0,
            "인프라총점":36.0,
            "초등학군":81.58,
            "중학군":43.04,
            "학군총점":50.748,
            "인구수":30.77,
            "인구증감":4.59,
            "인구총점":22.916,
            "일자리":9.7,
            "소득수준":60.34,
            "일자리총점":24.892,
            "가치 총점":41.962,
            "매매실거래년":"18000101",
            "매매실거래가":null,
            "전세실거래년":null,
            "전세실거래가":null,
            "전세가율":null,
            "장기전세가율평균":74.66,
            "전세가율거품지수":null,
            "검색코드":132616,
            "세대수":151.0,
            "준공년월":"2020-09-21",
            "준공년차":3.0,
            "가까운역이름":"NA",
            "가까운역거리":"NA",
            "역세권여부":"NA",
            "30분이내주요거점역":"NA",
            "1시간이내주요거점역":"NA",
            "3km이내백화점수":0,
            "5km이내아울렛몰수":1,
            "1km이내대형먀트수":0,
            "500m이내은행수":2,
            "500m이내병원수":5,
            "5km이내대형병원수":6,
            "500m이내공원수":7,
            "3km이내혐오시설수":0,
            "초등학교학업성취도":81.58,
            "중학교학업성취도":70.6,
            "용적률":499,
            "건폐율":49,
            "Y":36.640754,
            "X":127.460523,
            "rank":103.0,
            "area_info":"19평(65.4), 20평(66.77), 20평(68.84)",
            "last_sales":"1800-01-01,nan,19평(65.4)"
        },
        {
            "index":85,
            "아파트명":"강내두진하트리움",
            "투자타입":"일반",
            "전용면적(m2)":"90.05",
            "전용면적(평)":"27평",
            "법정동주소":"충청북도 청주시 흥덕구 강내면 월곡리 432",
            "도로명주소":"충청북도 청주시 흥덕구 월곡길 23-13",
            "세대수":30,
            "입주년차":80,
            "용적률점수":"--",
            "건폐율점수":"--",
            "세대당주차수":30,
            "난방방식":30,
            "공급면적":"--",
            "전용률":"--",
            "욕실수":100,
            "현관타입":100,
            "주거총점":54.0,
            "지역구공급총점":0.0,
            "역세권":"NA",
            "30분내 이동가능 거점":"NA",
            "1시간내 이동가능 거점":"NA",
            "교통총점":"NA",
            "백화점":0,
            "아울렛몰":0,
            "대형마트":0,
            "은행":0,
            "병원":0,
            "종합병원":80,
            "공원":100,
            "혐오시설":0,
            "인프라총점":19.0,
            "초등학군":86.83,
            "중학군":53.74,
            "학군총점":60.358,
            "인구수":30.77,
            "인구증감":4.59,
            "인구총점":22.916,
            "일자리":9.7,
            "소득수준":60.34,
            "일자리총점":24.892,
            "가치 총점":41.5895,
            "매매실거래년":20211113.0,
            "매매실거래가":30500.0,
            "전세실거래년":20211218.0,
            "전세실거래가":27000.0,
            "전세가율":88.52,
            "장기전세가율평균":74.66,
            "전세가율거품지수":-13.86,
            "검색코드":118823,
            "세대수":359.0,
            "준공년월":"2018-08-17",
            "준공년차":5.0,
            "가까운역이름":"NA",
            "가까운역거리":"NA",
            "역세권여부":"NA",
            "30분이내주요거점역":"NA",
            "1시간이내주요거점역":"NA",
            "3km이내백화점수":0,
            "5km이내아울렛몰수":0,
            "1km이내대형먀트수":0,
            "500m이내은행수":0,
            "500m이내병원수":0,
            "5km이내대형병원수":1,
            "500m이내공원수":4,
            "3km이내혐오시설수":0,
            "초등학교학업성취도":86.83,
            "중학교학업성취도":87.3,
            "용적률":216,
            "건폐율":48,
            "Y":36.621771,
            "X":127.371175,
            "rank":104.0,
            "area_info":"27평(90.05)",
            "last_sales":"2021-11-13,30500.0,27평(90.05)"
        },
        {
            "index":324,
            "아파트명":"형석(2442)",
            "투자타입":"재건축",
            "전용면적(m2)":"61.46",
            "전용면적(평)":"18평",
            "법정동주소":"충청북도 청주시 흥덕구 복대동 2442",
            "도로명주소":"충청북도 청주시 흥덕구 장구봉로101번길 27",
            "세대수":0,
            "입주년차":"--",
            "용적률점수":0,
            "건폐율점수":0,
            "세대당주차수":"--",
            "난방방식":"--",
            "공급면적":50,
            "전용률":60,
            "욕실수":"--",
            "현관타입":"--",
            "주거총점":5.5,
            "지역구공급총점":0.0,
            "역세권":"NA",
            "30분내 이동가능 거점":"NA",
            "1시간내 이동가능 거점":"NA",
            "교통총점":"NA",
            "백화점":100,
            "아울렛몰":80,
            "대형마트":0,
            "은행":0,
            "병원":30,
            "종합병원":100,
            "공원":100,
            "혐오시설":0,
            "인프라총점":64.0,
            "초등학군":86.34,
            "중학군":44.86,
            "학군총점":53.156,
            "인구수":30.77,
            "인구증감":4.59,
            "인구총점":22.916,
            "일자리":9.7,
            "소득수준":60.34,
            "일자리총점":24.892,
            "가치 총점":40.814,
            "매매실거래년":20220111.0,
            "매매실거래가":9800.0,
            "전세실거래년":20220114.0,
            "전세실거래가":7500.0,
            "전세가율":76.53,
            "장기전세가율평균":74.66,
            "전세가율거품지수":-1.87,
            "검색코드":22481,
            "세대수":270.0,
            "준공년월":"1990-10-10",
            "준공년차":33.0,
            "가까운역이름":"NA",
            "가까운역거리":"NA",
            "역세권여부":"NA",
            "30분이내주요거점역":"NA",
            "1시간이내주요거점역":"NA",
            "3km이내백화점수":1,
            "5km이내아울렛몰수":1,
            "1km이내대형먀트수":0,
            "500m이내은행수":0,
            "500m이내병원수":6,
            "5km이내대형병원수":5,
            "500m이내공원수":5,
            "3km이내혐오시설수":0,
            "초등학교학업성취도":86.34,
            "중학교학업성취도":73.5,
            "용적률":0,
            "건폐율":0,
            "Y":36.625555,
            "X":127.443595,
            "rank":105.0,
            "area_info":"18평(61.46), 22평(72.99)",
            "last_sales":"2022-01-11,9800.0,18평(61.46)"
        },
        {
            "index":493,
            "아파트명":"삼정백조",
            "투자타입":"일반",
            "전용면적(m2)":"77.27",
            "전용면적(평)":"23평",
            "법정동주소":"충청북도 청주시 흥덕구 신봉동 310",
            "도로명주소":"충청북도 청주시 흥덕구 1순환로513번길 33",
            "세대수":50,
            "입주년차":0,
            "용적률점수":"--",
            "건폐율점수":"--",
            "세대당주차수":0,
            "난방방식":80,
            "공급면적":"--",
            "전용률":"--",
            "욕실수":50,
            "현관타입":100,
            "주거총점":40.5,
            "지역구공급총점":0.0,
            "역세권":"NA",
            "30분내 이동가능 거점":"NA",
            "1시간내 이동가능 거점":"NA",
            "교통총점":"NA",
            "백화점":0,
            "아울렛몰":80,
            "대형마트":0,
            "은행":0,
            "병원":30,
            "종합병원":100,
            "공원":100,
            "혐오시설":0,
            "인프라총점":34.0,
            "초등학군":83.18,
            "중학군":43.04,
            "학군총점":51.068,
            "인구수":30.77,
            "인구증감":4.59,
            "인구총점":22.916,
            "일자리":9.7,
            "소득수준":60.34,
            "일자리총점":24.892,
            "가치 총점":40.542,
            "매매실거래년":20211119.0,
            "매매실거래가":17800.0,
            "전세실거래년":20210527.0,
            "전세실거래가":10500.0,
            "전세가율":62.5,
            "장기전세가율평균":74.66,
            "전세가율거품지수":12.16,
            "검색코드":13906,
            "세대수":564.0,
            "준공년월":"1995-07-06",
            "준공년차":28.0,
            "가까운역이름":"NA",
            "가까운역거리":"NA",
            "역세권여부":"NA",
            "30분이내주요거점역":"NA",
            "1시간이내주요거점역":"NA",
            "3km이내백화점수":0,
            "5km이내아울렛몰수":1,
            "1km이내대형먀트수":0,
            "500m이내은행수":1,
            "500m이내병원수":7,
            "5km이내대형병원수":6,
            "500m이내공원수":2,
            "3km이내혐오시설수":0,
            "초등학교학업성취도":83.18,
            "중학교학업성취도":70.6,
            "용적률":202,
            "건폐율":27,
            "Y":36.64617,
            "X":127.468196,
            "rank":106.0,
            "area_info":"23평(77.27), 32평(107.87), 48평(159.46), 60평(199.21), 73평(243.73)",
            "last_sales":"2021-11-19,17800.0,32평(107.87)"
        },
        {
            "index":524,
            "아파트명":"오송대원칸타빌",
            "투자타입":"일반",
            "전용면적(m2)":"113.13",
            "전용면적(평)":"34평",
            "법정동주소":"충청북도 청주시 흥덕구 오송읍 연제리 740",
            "도로명주소":"충청북도 청주시 흥덕구 연제만수길 15",
            "세대수":30,
            "입주년차":60,
            "용적률점수":"--",
            "건폐율점수":"--",
            "세대당주차수":60,
            "난방방식":30,
            "공급면적":"--",
            "전용률":"--",
            "욕실수":100,
            "현관타입":100,
            "주거총점":54.5,
            "지역구공급총점":0.0,
            "역세권":"NA",
            "30분내 이동가능 거점":"NA",
            "1시간내 이동가능 거점":"NA",
            "교통총점":"NA",
            "백화점":0,
            "아울렛몰":0,
            "대형마트":0,
            "은행":0,
            "병원":0,
            "종합병원":80,
            "공원":100,
            "혐오시설":0,
            "인프라총점":19.0,
            "초등학군":88.13,
            "중학군":45.42,
            "학군총점":53.962,
            "인구수":30.77,
            "인구증감":4.59,
            "인구총점":22.916,
            "일자리":9.7,
            "소득수준":60.34,
            "일자리총점":24.892,
            "가치 총점":40.1655,
            "매매실거래년":20211209.0,
            "매매실거래가":42500.0,
            "전세실거래년":20211218.0,
            "전세실거래가":21000.0,
            "전세가율":49.41,
            "장기전세가율평균":74.66,
            "전세가율거품지수":25.25,
            "검색코드":101276,
            "세대수":304.0,
            "준공년월":"2011-03-21",
            "준공년차":12.0,
            "가까운역이름":"NA",
            "가까운역거리":"NA",
            "역세권여부":"NA",
            "30분이내주요거점역":"NA",
            "1시간이내주요거점역":"NA",
            "3km이내백화점수":0,
            "5km이내아울렛몰수":0,
            "1km이내대형먀트수":0,
            "500m이내은행수":0,
            "500m이내병원수":0,
            "5km이내대형병원수":1,
            "500m이내공원수":2,
            "3km이내혐오시설수":0,
            "초등학교학업성취도":88.13,
            "중학교학업성취도":75.3,
            "용적률":179,
            "건폐율":15,
            "Y":36.62678,
            "X":127.326511,
            "rank":107.0,
            "area_info":"34평(113.13), 34평(113.13)",
            "last_sales":"2021-12-09,42500.0,34평(113.13)"
        },
        {
            "index":406,
            "아파트명":"신라",
            "투자타입":"재건축",
            "전용면적(m2)":"45.39",
            "전용면적(평)":"13평",
            "법정동주소":"충청북도 청주시 흥덕구 봉명동 1603",
            "도로명주소":"충청북도 청주시 흥덕구 과상미로9번길 102-14",
            "세대수":0,
            "입주년차":"--",
            "용적률점수":0,
            "건폐율점수":0,
            "세대당주차수":"--",
            "난방방식":"--",
            "공급면적":50,
            "전용률":40,
            "욕실수":"--",
            "현관타입":"--",
            "주거총점":4.5,
            "지역구공급총점":0.0,
            "역세권":"NA",
            "30분내 이동가능 거점":"NA",
            "1시간내 이동가능 거점":"NA",
            "교통총점":"NA",
            "백화점":100,
            "아울렛몰":80,
            "대형마트":0,
            "은행":0,
            "병원":10,
            "종합병원":100,
            "공원":100,
            "혐오시설":0,
            "인프라총점":62.0,
            "초등학군":84.68,
            "중학군":43.04,
            "학군총점":51.368,
            "인구수":30.77,
            "인구증감":4.59,
            "인구총점":22.916,
            "일자리":9.7,
            "소득수준":60.34,
            "일자리총점":24.892,
            "가치 총점":39.217,
            "매매실거래년":20211224.0,
            "매매실거래가":3800.0,
            "전세실거래년":20211028.0,
            "전세실거래가":2500.0,
            "전세가율":65.79,
            "장기전세가율평균":74.66,
            "전세가율거품지수":8.87,
            "검색코드":101025,
            "세대수":277.0,
            "준공년월":"1985-11-15",
            "준공년차":38.0,
            "가까운역이름":"NA",
            "가까운역거리":"NA",
            "역세권여부":"NA",
            "30분이내주요거점역":"NA",
            "1시간이내주요거점역":"NA",
            "3km이내백화점수":1,
            "5km이내아울렛몰수":1,
            "1km이내대형먀트수":0,
            "500m이내은행수":1,
            "500m이내병원수":4,
            "5km이내대형병원수":6,
            "500m이내공원수":3,
            "3km이내혐오시설수":0,
            "초등학교학업성취도":84.68,
            "중학교학업성취도":70.6,
            "용적률":0,
            "건폐율":0,
            "Y":36.644441,
            "X":127.456577,
            "rank":108.0,
            "area_info":"13평(45.39), 16평(53.07), 24평(81.5), 25평(84.18)",
            "last_sales":"2021-12-24,3800.0,13평(45.39)"
        },
        {
            "index":330,
            "아파트명":"더라움(도시형)",
            "투자타입":"일반",
            "전용면적(m2)":"37.16",
            "전용면적(평)":"11평",
            "법정동주소":"충청북도 청주시 흥덕구 봉명동 2319",
            "도로명주소":"충청북도 청주시 흥덕구 송절로124번길 47",
            "세대수":0,
            "입주년차":80,
            "용적률점수":"--",
            "건폐율점수":"--",
            "세대당주차수":0,
            "난방방식":30,
            "공급면적":"--",
            "전용률":"--",
            "욕실수":50,
            "현관타입":100,
            "주거총점":34.0,
            "지역구공급총점":0.0,
            "역세권":"NA",
            "30분내 이동가능 거점":"NA",
            "1시간내 이동가능 거점":"NA",
            "교통총점":"NA",
            "백화점":0,
            "아울렛몰":80,
            "대형마트":0,
            "은행":0,
            "병원":0,
            "종합병원":100,
            "공원":100,
            "혐오시설":0,
            "인프라총점":31.0,
            "초등학군":87.94,
            "중학군":49.52,
            "학군총점":57.204,
            "인구수":30.77,
            "인구증감":4.59,
            "인구총점":22.916,
            "일자리":9.7,
            "소득수준":60.34,
            "일자리총점":24.892,
            "가치 총점":38.601,
            "매매실거래년":"18000101",
            "매매실거래가":null,
            "전세실거래년":null,
            "전세실거래가":null,
            "전세가율":null,
            "장기전세가율평균":74.66,
            "전세가율거품지수":null,
            "검색코드":118830,
            "세대수":167.0,
            "준공년월":"2014-06-11",
            "준공년차":9.0,
            "가까운역이름":"NA",
            "가까운역거리":"NA",
            "역세권여부":"NA",
            "30분이내주요거점역":"NA",
            "1시간이내주요거점역":"NA",
            "3km이내백화점수":0,
            "5km이내아울렛몰수":1,
            "1km이내대형먀트수":0,
            "500m이내은행수":1,
            "500m이내병원수":0,
            "5km이내대형병원수":5,
            "500m이내공원수":2,
            "3km이내혐오시설수":0,
            "초등학교학업성취도":87.94,
            "중학교학업성취도":82.2,
            "용적률":0,
            "건폐율":0,
            "Y":36.657825,
            "X":127.461192,
            "rank":109.0,
            "area_info":"11평(37.16), 11평(37.04), 13평(43.28), 13평(43.77), 13평(43.63), 13평(45.22), 13평(45.07), 15평(50.05), 15평(50.84), 15평(51.37), 15평(51.71), 15평(51.21), 15평(51.79), 15평(52.71), 16평(54.94), 16평(54.47), 16평(54.2), 16평(55.17), 18평(60.01), 19평(63.91), 19평(65.05), 19평(65.88), 20평(67.83), 20평(67.04), 20평(67.82), 20평(68.52), 20평(69.17), 21평(69.58), 21평(70.9), 21평(70.47), 21평(70.82), 21평(70.6), 21평(71.11), 22평(74.85), 22평(74.97), 22평(75.16), 22평(75.58), 23평(76.5), 23평(76.34), 24평(80.31), 24평(81.92), 25평(83.51), 25평(83.23), 26평(86.55), 26평(86.85), 27평(90.65), 27평(90.96), 27평(91.64), 28평(92.67), 27평(92.36), 27평(92.14), 28평(94.99), 28평(94.83)",
            "last_sales":"1800-01-01,nan,11평(37.16)"
        },
        {
            "index":107,
            "아파트명":"주은반석",
            "투자타입":"일반",
            "전용면적(m2)":"115.77",
            "전용면적(평)":"35평",
            "법정동주소":"충청북도 청주시 흥덕구 강내면 탑연리 301-1",
            "도로명주소":"충청북도 청주시 흥덕구 태성탑연로 391-28",
            "세대수":0,
            "입주년차":20,
            "용적률점수":"--",
            "건폐율점수":"--",
            "세대당주차수":30,
            "난방방식":30,
            "공급면적":"--",
            "전용률":"--",
            "욕실수":100,
            "현관타입":100,
            "주거총점":31.5,
            "지역구공급총점":0.0,
            "역세권":"NA",
            "30분내 이동가능 거점":"NA",
            "1시간내 이동가능 거점":"NA",
            "교통총점":"NA",
            "백화점":0,
            "아울렛몰":0,
            "대형마트":100,
            "은행":0,
            "병원":0,
            "종합병원":80,
            "공원":0,
            "혐오시설":0,
            "인프라총점":31.0,
            "초등학군":86.83,
            "중학군":53.74,
            "학군총점":60.358,
            "인구수":30.77,
            "인구증감":4.59,
            "인구총점":22.916,
            "일자리":9.7,
            "소득수준":60.34,
            "일자리총점":24.892,
            "가치 총점":38.5145,
            "매매실거래년":20211016.0,
            "매매실거래가":15100.0,
            "전세실거래년":20211212.0,
            "전세실거래가":12000.0,
            "전세가율":79.47,
            "장기전세가율평균":74.66,
            "전세가율거품지수":-4.81,
            "검색코드":23212,
            "세대수":146.0,
            "준공년월":"2000-11-13",
            "준공년차":23.0,
            "가까운역이름":"NA",
            "가까운역거리":"NA",
            "역세권여부":"NA",
            "30분이내주요거점역":"NA",
            "1시간이내주요거점역":"NA",
            "3km이내백화점수":0,
            "5km이내아울렛몰수":0,
            "1km이내대형먀트수":2,
            "500m이내은행수":0,
            "500m이내병원수":0,
            "5km이내대형병원수":1,
            "500m이내공원수":0,
            "3km이내혐오시설수":0,
            "초등학교학업성취도":86.83,
            "중학교학업성취도":87.3,
            "용적률":99,
            "건폐율":13,
            "Y":36.619993,
            "X":127.353983,
            "rank":110.0,
            "area_info":"35평(115.77)",
            "last_sales":"2021-10-16,15100.0,35평(115.77)"
        },
        {
            "index":498,
            "아파트명":"주공",
            "투자타입":"재건축",
            "전용면적(m2)":"44.47",
            "전용면적(평)":"13평",
            "법정동주소":"충청북도 청주시 흥덕구 신봉동 528",
            "도로명주소":"충청북도 청주시 흥덕구 1순환로501번길 15",
            "세대수":90,
            "입주년차":"--",
            "용적률점수":0,
            "건폐율점수":0,
            "세대당주차수":"--",
            "난방방식":"--",
            "공급면적":50,
            "전용률":80,
            "욕실수":"--",
            "현관타입":"--",
            "주거총점":33.5,
            "지역구공급총점":0.0,
            "역세권":"NA",
            "30분내 이동가능 거점":"NA",
            "1시간내 이동가능 거점":"NA",
            "교통총점":"NA",
            "백화점":0,
            "아울렛몰":80,
            "대형마트":0,
            "은행":0,
            "병원":30,
            "종합병원":100,
            "공원":0,
            "혐오시설":0,
            "인프라총점":31.0,
            "초등학군":83.18,
            "중학군":43.04,
            "학군총점":51.068,
            "인구수":30.77,
            "인구증감":4.59,
            "인구총점":22.916,
            "일자리":9.7,
            "소득수준":60.34,
            "일자리총점":24.892,
            "가치 총점":36.892,
            "매매실거래년":20211123.0,
            "매매실거래가":16200.0,
            "전세실거래년":20211103.0,
            "전세실거래가":3000.0,
            "전세가율":33.71,
            "장기전세가율평균":74.66,
            "전세가율거품지수":40.95,
            "검색코드":7438,
            "세대수":1200.0,
            "준공년월":"1986-11-13",
            "준공년차":37.0,
            "가까운역이름":"NA",
            "가까운역거리":"NA",
            "역세권여부":"NA",
            "30분이내주요거점역":"NA",
            "1시간이내주요거점역":"NA",
            "3km이내백화점수":0,
            "5km이내아울렛몰수":1,
            "1km이내대형먀트수":0,
            "500m이내은행수":1,
            "500m이내병원수":6,
            "5km이내대형병원수":6,
            "500m이내공원수":0,
            "3km이내혐오시설수":0,
            "초등학교학업성취도":83.18,
            "중학교학업성취도":70.6,
            "용적률":0,
            "건폐율":0,
            "Y":36.64854,
            "X":127.468135,
            "rank":111.0,
            "area_info":"13평(44.47), 13평(44.65), 13평(45.12), 15평(52.5), 15평(52.14), 15평(52.79), 17평(58.88), 17평(59.35), 17평(59.41), 20평(67.54), 20평(67.88)",
            "last_sales":"2021-11-23,16200.0,20평(67.54)"
        },
        {
            "index":426,
            "아파트명":"하이젠시티(도시형)",
            "투자타입":"일반",
            "전용면적(m2)":"26.88",
            "전용면적(평)":"8평",
            "법정동주소":"충청북도 청주시 흥덕구 봉명동 757",
            "도로명주소":"충청북도 청주시 흥덕구 직지대로 636",
            "세대수":0,
            "입주년차":80,
            "용적률점수":"--",
            "건폐율점수":"--",
            "세대당주차수":0,
            "난방방식":30,
            "공급면적":"--",
            "전용률":"--",
            "욕실수":50,
            "현관타입":10,
            "주거총점":25.0,
            "지역구공급총점":0.0,
            "역세권":"NA",
            "30분내 이동가능 거점":"NA",
            "1시간내 이동가능 거점":"NA",
            "교통총점":"NA",
            "백화점":0,
            "아울렛몰":80,
            "대형마트":0,
            "은행":20,
            "병원":30,
            "종합병원":100,
            "공원":100,
            "혐오시설":0,
            "인프라총점":36.0,
            "초등학군":81.58,
            "중학군":43.04,
            "학군총점":50.748,
            "인구수":30.77,
            "인구증감":4.59,
            "인구총점":22.916,
            "일자리":9.7,
            "소득수준":60.34,
            "일자리총점":24.892,
            "가치 총점":35.837,
            "매매실거래년":20211207.0,
            "매매실거래가":9900.0,
            "전세실거래년":20210311.0,
            "전세실거래가":5000.0,
            "전세가율":98.04,
            "장기전세가율평균":74.66,
            "전세가율거품지수":-23.38,
            "검색코드":112598,
            "세대수":298.0,
            "준공년월":"2015-08-26",
            "준공년차":8.0,
            "가까운역이름":"NA",
            "가까운역거리":"NA",
            "역세권여부":"NA",
            "30분이내주요거점역":"NA",
            "1시간이내주요거점역":"NA",
            "3km이내백화점수":0,
            "5km이내아울렛몰수":1,
            "1km이내대형먀트수":0,
            "500m이내은행수":2,
            "500m이내병원수":7,
            "5km이내대형병원수":6,
            "500m이내공원수":6,
            "3km이내혐오시설수":0,
            "초등학교학업성취도":81.58,
            "중학교학업성취도":70.6,
            "용적률":822,
            "건폐율":63,
            "Y":36.642679,
            "X":127.463501,
            "rank":112.0,
            "area_info":"8평(26.88), 13평(45.83), 17평(58.98)",
            "last_sales":"2021-12-07,9900.0,17평(58.98)"
        },
        {
            "index":410,
            "아파트명":"아이제이포커스(도시형)",
            "투자타입":"일반",
            "전용면적(m2)":"34.11",
            "전용면적(평)":"10평",
            "법정동주소":"충청북도 청주시 흥덕구 봉명동 795",
            "도로명주소":"충청북도 청주시 흥덕구 1순환로 571",
            "세대수":0,
            "입주년차":80,
            "용적률점수":"--",
            "건폐율점수":"--",
            "세대당주차수":0,
            "난방방식":30,
            "공급면적":"--",
            "전용률":"--",
            "욕실수":50,
            "현관타입":10,
            "주거총점":25.0,
            "지역구공급총점":0.0,
            "역세권":"NA",
            "30분내 이동가능 거점":"NA",
            "1시간내 이동가능 거점":"NA",
            "교통총점":"NA",
            "백화점":0,
            "아울렛몰":80,
            "대형마트":0,
            "은행":20,
            "병원":30,
            "종합병원":100,
            "공원":100,
            "혐오시설":0,
            "인프라총점":36.0,
            "초등학군":81.58,
            "중학군":43.04,
            "학군총점":50.748,
            "인구수":30.77,
            "인구증감":4.59,
            "인구총점":22.916,
            "일자리":9.7,
            "소득수준":60.34,
            "일자리총점":24.892,
            "가치 총점":35.837,
            "매매실거래년":20191218.0,
            "매매실거래가":12000.0,
            "전세실거래년":20191207.0,
            "전세실거래가":6000.0,
            "전세가율":85.71,
            "장기전세가율평균":74.66,
            "전세가율거품지수":-11.05,
            "검색코드":116286,
            "세대수":270.0,
            "준공년월":"2017-04-07",
            "준공년차":6.0,
            "가까운역이름":"NA",
            "가까운역거리":"NA",
            "역세권여부":"NA",
            "30분이내주요거점역":"NA",
            "1시간이내주요거점역":"NA",
            "3km이내백화점수":0,
            "5km이내아울렛몰수":1,
            "1km이내대형먀트수":0,
            "500m이내은행수":2,
            "500m이내병원수":5,
            "5km이내대형병원수":6,
            "500m이내공원수":8,
            "3km이내혐오시설수":0,
            "초등학교학업성취도":81.58,
            "중학교학업성취도":70.6,
            "용적률":984,
            "건폐율":73,
            "Y":36.642063,
            "X":127.462059,
            "rank":112.0,
            "area_info":"10평(34.11), 13평(45.98), 20평(67.85), 20평(68.76)",
            "last_sales":"2019-12-18,12000.0,20평(68.76)"
        },
        {
            "index":98,
            "아파트명":"선광한빛",
            "투자타입":"일반",
            "전용면적(m2)":"40.77",
            "전용면적(평)":"12평",
            "법정동주소":"충청북도 청주시 흥덕구 강내면 탑연리 322-1",
            "도로명주소":"충청북도 청주시 흥덕구 태성탑연로 391-34",
            "세대수":30,
            "입주년차":0,
            "용적률점수":"--",
            "건폐율점수":"--",
            "세대당주차수":0,
            "난방방식":30,
            "공급면적":"--",
            "전용률":"--",
            "욕실수":50,
            "현관타입":10,
            "주거총점":19.5,
            "지역구공급총점":0.0,
            "역세권":"NA",
            "30분내 이동가능 거점":"NA",
            "1시간내 이동가능 거점":"NA",
            "교통총점":"NA",
            "백화점":0,
            "아울렛몰":0,
            "대형마트":100,
            "은행":0,
            "병원":0,
            "종합병원":80,
            "공원":80,
            "혐오시설":0,
            "인프라총점":33.4,
            "초등학군":86.83,
            "중학군":53.74,
            "학군총점":60.358,
            "인구수":30.77,
            "인구증감":4.59,
            "인구총점":22.916,
            "일자리":9.7,
            "소득수준":60.34,
            "일자리총점":24.892,
            "가치 총점":35.2745,
            "매매실거래년":20180317.0,
            "매매실거래가":16000.0,
            "전세실거래년":20210524.0,
            "전세실거래가":2500.0,
            "전세가율":null,
            "장기전세가율평균":74.66,
            "전세가율거품지수":null,
            "검색코드":15368,
            "세대수":350.0,
            "준공년월":"1996-12-23",
            "준공년차":27.0,
            "가까운역이름":"NA",
            "가까운역거리":"NA",
            "역세권여부":"NA",
            "30분이내주요거점역":"NA",
            "1시간이내주요거점역":"NA",
            "3km이내백화점수":0,
            "5km이내아울렛몰수":0,
            "1km이내대형먀트수":2,
            "500m이내은행수":0,
            "500m이내병원수":0,
            "5km이내대형병원수":1,
            "500m이내공원수":1,
            "3km이내혐오시설수":0,
            "초등학교학업성취도":86.83,
            "중학교학업성취도":87.3,
            "용적률":187,
            "건폐율":17,
            "Y":36.618864,
            "X":127.353568,
            "rank":113.0,
            "area_info":"12평(40.77), 21평(71.58), 29평(97.82), 29평(97.73), 46평(154.79)",
            "last_sales":"2018-03-17,16000.0,46평(154.79)"
        },
        {
            "index":489,
            "아파트명":"삼성(159)",
            "투자타입":"재건축",
            "전용면적(m2)":"92.02",
            "전용면적(평)":"27평",
            "법정동주소":"충청북도 청주시 흥덕구 신봉동 159",
            "도로명주소":"충청북도 청주시 흥덕구 사운로 335",
            "세대수":50,
            "입주년차":"--",
            "용적률점수":0,
            "건폐율점수":0,
            "세대당주차수":"--",
            "난방방식":"--",
            "공급면적":70,
            "전용률":80,
            "욕실수":"--",
            "현관타입":"--",
            "주거총점":22.5,
            "지역구공급총점":0.0,
            "역세권":"NA",
            "30분내 이동가능 거점":"NA",
            "1시간내 이동가능 거점":"NA",
            "교통총점":"NA",
            "백화점":0,
            "아울렛몰":80,
            "대형마트":0,
            "은행":0,
            "병원":30,
            "종합병원":100,
            "공원":0,
            "혐오시설":0,
            "인프라총점":31.0,
            "초등학군":86.77,
            "중학군":49.52,
            "학군총점":56.97,
            "인구수":30.77,
            "인구증감":4.59,
            "인구총점":22.916,
            "일자리":9.7,
            "소득수준":60.34,
            "일자리총점":24.892,
            "가치 총점":34.5175,
            "매매실거래년":20211109.0,
            "매매실거래가":16000.0,
            "전세실거래년":20180905.0,
            "전세실거래가":10000.0,
            "전세가율":75.76,
            "장기전세가율평균":74.66,
            "전세가율거품지수":-1.1,
            "검색코드":7433,
            "세대수":570.0,
            "준공년월":"1992-11-04",
            "준공년차":31.0,
            "가까운역이름":"NA",
            "가까운역거리":"NA",
            "역세권여부":"NA",
            "30분이내주요거점역":"NA",
            "1시간이내주요거점역":"NA",
            "3km이내백화점수":0,
            "5km이내아울렛몰수":1,
            "1km이내대형먀트수":0,
            "500m이내은행수":0,
            "500m이내병원수":5,
            "5km이내대형병원수":6,
            "500m이내공원수":0,
            "3km이내혐오시설수":0,
            "초등학교학업성취도":86.77,
            "중학교학업성취도":82.2,
            "용적률":0,
            "건폐율":0,
            "Y":36.65583,
            "X":127.468,
            "rank":114.0,
            "area_info":"27평(92.02), 30평(102.34), 30평(102.42), 45평(150.7)",
            "last_sales":"2021-11-09,16000.0,30평(102.34)"
        },
        {
            "index":86,
            "아파트명":"강내태암수정",
            "투자타입":"일반",
            "전용면적(m2)":"41.98",
            "전용면적(평)":"12평",
            "법정동주소":"충청북도 청주시 흥덕구 강내면 월탄리 90",
            "도로명주소":"충청북도 청주시 흥덕구 태성탑연로 264",
            "세대수":50,
            "입주년차":0,
            "용적률점수":"--",
            "건폐율점수":"--",
            "세대당주차수":0,
            "난방방식":30,
            "공급면적":"--",
            "전용률":"--",
            "욕실수":50,
            "현관타입":100,
            "주거총점":35.5,
            "지역구공급총점":0.0,
            "역세권":"NA",
            "30분내 이동가능 거점":"NA",
            "1시간내 이동가능 거점":"NA",
            "교통총점":"NA",
            "백화점":0,
            "아울렛몰":0,
            "대형마트":0,
            "은행":0,
            "병원":0,
            "종합병원":80,
            "공원":0,
            "혐오시설":0,
            "인프라총점":16.0,
            "초등학군":95.48,
            "중학군":53.74,
            "학군총점":62.088,
            "인구수":30.77,
            "인구증감":4.59,
            "인구총점":22.916,
            "일자리":9.7,
            "소득수준":60.34,
            "일자리총점":24.892,
            "가치 총점":34.347,
            "매매실거래년":20211207.0,
            "매매실거래가":4430.0,
            "전세실거래년":20220102.0,
            "전세실거래가":3000.0,
            "전세가율":67.72,
            "장기전세가율평균":74.66,
            "전세가율거품지수":6.94,
            "검색코드":15370,
            "세대수":410.0,
            "준공년월":"1997-12-05",
            "준공년차":26.0,
            "가까운역이름":"NA",
            "가까운역거리":"NA",
            "역세권여부":"NA",
            "30분이내주요거점역":"NA",
            "1시간이내주요거점역":"NA",
            "3km이내백화점수":0,
            "5km이내아울렛몰수":0,
            "1km이내대형먀트수":0,
            "500m이내은행수":0,
            "500m이내병원수":0,
            "5km이내대형병원수":1,
            "500m이내공원수":0,
            "3km이내혐오시설수":0,
            "초등학교학업성취도":95.48,
            "중학교학업성취도":87.3,
            "용적률":187,
            "건폐율":25,
            "Y":36.608042,
            "X":127.35377,
            "rank":115.0,
            "area_info":"12평(41.98), 15평(51.66), 17평(56.41), 20평(66.42), 23평(78.47), 23평(78.78)",
            "last_sales":"2021-12-07,4430.0,12평(41.98)"
        },
        {
            "index":565,
            "아파트명":"무지개",
            "투자타입":"일반",
            "전용면적(m2)":"40.49",
            "전용면적(평)":"12평",
            "법정동주소":"충청북도 청주시 흥덕구 운천동 577",
            "도로명주소":"충청북도 청주시 흥덕구 사운로 278",
            "세대수":50,
            "입주년차":0,
            "용적률점수":"--",
            "건폐율점수":"--",
            "세대당주차수":0,
            "난방방식":30,
            "공급면적":"--",
            "전용률":"--",
            "욕실수":50,
            "현관타입":10,
            "주거총점":26.5,
            "지역구공급총점":0.0,
            "역세권":"NA",
            "30분내 이동가능 거점":"NA",
            "1시간내 이동가능 거점":"NA",
            "교통총점":"NA",
            "백화점":0,
            "아울렛몰":80,
            "대형마트":0,
            "은행":0,
            "병원":30,
            "종합병원":100,
            "공원":0,
            "혐오시설":0,
            "인프라총점":31.0,
            "초등학군":86.77,
            "중학군":40.72,
            "학군총점":49.93,
            "인구수":30.77,
            "인구증감":4.59,
            "인구총점":22.916,
            "일자리":9.7,
            "소득수준":60.34,
            "일자리총점":24.892,
            "가치 총점":34.1575,
            "매매실거래년":20211121.0,
            "매매실거래가":18200.0,
            "전세실거래년":20210808.0,
            "전세실거래가":3700.0,
            "전세가율":64.91,
            "장기전세가율평균":74.66,
            "전세가율거품지수":9.75,
            "검색코드":7450,
            "세대수":639.0,
            "준공년월":"1994-08-22",
            "준공년차":29.0,
            "가까운역이름":"NA",
            "가까운역거리":"NA",
            "역세권여부":"NA",
            "30분이내주요거점역":"NA",
            "1시간이내주요거점역":"NA",
            "3km이내백화점수":0,
            "5km이내아울렛몰수":1,
            "1km이내대형먀트수":0,
            "500m이내은행수":1,
            "500m이내병원수":9,
            "5km이내대형병원수":5,
            "500m이내공원수":0,
            "3km이내혐오시설수":0,
            "초등학교학업성취도":86.77,
            "중학교학업성취도":67.0,
            "용적률":284,
            "건폐율":26,
            "Y":36.652774,
            "X":127.473877,
            "rank":116.0,
            "area_info":"12평(40.49), 19평(63.7), 31평(104.1), 31평(104.23), 47평(155.97)",
            "last_sales":"2021-11-21,18200.0,31평(104.1)"
        },
        {
            "index":404,
            "아파트명":"삼정백조",
            "투자타입":"일반",
            "전용면적(m2)":"75.62",
            "전용면적(평)":"22평",
            "법정동주소":"충청북도 청주시 흥덕구 봉명동 87",
            "도로명주소":"충청북도 청주시 흥덕구 백봉로 244",
            "세대수":0,
            "입주년차":0,
            "용적률점수":"--",
            "건폐율점수":"--",
            "세대당주차수":0,
            "난방방식":30,
            "공급면적":"--",
            "전용률":"--",
            "욕실수":50,
            "현관타입":100,
            "주거총점":18.0,
            "지역구공급총점":0.0,
            "역세권":"NA",
            "30분내 이동가능 거점":"NA",
            "1시간내 이동가능 거점":"NA",
            "교통총점":"NA",
            "백화점":0,
            "아울렛몰":80,
            "대형마트":0,
            "은행":0,
            "병원":60,
            "종합병원":100,
            "공원":100,
            "혐오시설":0,
            "인프라총점":37.0,
            "초등학군":87.94,
            "중학군":43.04,
            "학군총점":52.02,
            "인구수":30.77,
            "인구증감":4.59,
            "인구총점":22.916,
            "일자리":9.7,
            "소득수준":60.34,
            "일자리총점":24.892,
            "가치 총점":34.105,
            "매매실거래년":20211001.0,
            "매매실거래가":13500.0,
            "전세실거래년":20210626.0,
            "전세실거래가":12000.0,
            "전세가율":88.89,
            "장기전세가율평균":74.66,
            "전세가율거품지수":-14.23,
            "검색코드":9980,
            "세대수":199.0,
            "준공년월":"1993-10-09",
            "준공년차":30.0,
            "가까운역이름":"NA",
            "가까운역거리":"NA",
            "역세권여부":"NA",
            "30분이내주요거점역":"NA",
            "1시간이내주요거점역":"NA",
            "3km이내백화점수":0,
            "5km이내아울렛몰수":1,
            "1km이내대형먀트수":0,
            "500m이내은행수":1,
            "500m이내병원수":14,
            "5km이내대형병원수":6,
            "500m이내공원수":5,
            "3km이내혐오시설수":0,
            "초등학교학업성취도":87.94,
            "중학교학업성취도":70.6,
            "용적률":0,
            "건폐율":0,
            "Y":36.647769,
            "X":127.463197,
            "rank":117.0,
            "area_info":"22평(75.62), 31평(102.71)",
            "last_sales":"2021-10-01,13500.0,22평(75.62)"
        },
        {
            "index":573,
            "아파트명":"운천거성하모니",
            "투자타입":"일반",
            "전용면적(m2)":"19.14",
            "전용면적(평)":"5평",
            "법정동주소":"충청북도 청주시 흥덕구 운천동 556-3",
            "도로명주소":"충청북도 청주시 흥덕구 사운로 294-2",
            "세대수":0,
            "입주년차":80,
            "용적률점수":"--",
            "건폐율점수":"--",
            "세대당주차수":0,
            "난방방식":30,
            "공급면적":"--",
            "전용률":"--",
            "욕실수":50,
            "현관타입":10,
            "주거총점":25.0,
            "지역구공급총점":0.0,
            "역세권":"NA",
            "30분내 이동가능 거점":"NA",
            "1시간내 이동가능 거점":"NA",
            "교통총점":"NA",
            "백화점":0,
            "아울렛몰":80,
            "대형마트":0,
            "은행":0,
            "병원":30,
            "종합병원":100,
            "공원":0,
            "혐오시설":0,
            "인프라총점":31.0,
            "초등학군":86.77,
            "중학군":40.72,
            "학군총점":49.93,
            "인구수":30.77,
            "인구증감":4.59,
            "인구총점":22.916,
            "일자리":9.7,
            "소득수준":60.34,
            "일자리총점":24.892,
            "가치 총점":33.6325,
            "매매실거래년":20211229.0,
            "매매실거래가":10700.0,
            "전세실거래년":null,
            "전세실거래가":null,
            "전세가율":null,
            "장기전세가율평균":74.66,
            "전세가율거품지수":null,
            "검색코드":120489,
            "세대수":164.0,
            "준공년월":"2016-01-28",
            "준공년차":7.0,
            "가까운역이름":"NA",
            "가까운역거리":"NA",
            "역세권여부":"NA",
            "30분이내주요거점역":"NA",
            "1시간이내주요거점역":"NA",
            "3km이내백화점수":0,
            "5km이내아울렛몰수":1,
            "1km이내대형먀트수":0,
            "500m이내은행수":1,
            "500m이내병원수":8,
            "5km이내대형병원수":6,
            "500m이내공원수":0,
            "3km이내혐오시설수":0,
            "초등학교학업성취도":86.77,
            "중학교학업성취도":67.0,
            "용적률":249,
            "건폐율":33,
            "Y":36.653798,
            "X":127.472227,
            "rank":118.0,
            "area_info":"5평(19.14), 6평(20.55), 8평(26.62), 8평(26.95), 8평(28.07), 8평(29.72), 11평(36.74), 13평(43.68), 16평(54.93)",
            "last_sales":"2021-12-29,10700.0,16평(54.93)"
        },
        {
            "index":582,
            "아파트명":"진양",
            "투자타입":"재건축",
            "전용면적(m2)":"54.01",
            "전용면적(평)":"16평",
            "법정동주소":"충청북도 청주시 흥덕구 운천동 677-1",
            "도로명주소":"충청북도 청주시 흥덕구 사운로 257",
            "세대수":50,
            "입주년차":"--",
            "용적률점수":0,
            "건폐율점수":0,
            "세대당주차수":"--",
            "난방방식":"--",
            "공급면적":50,
            "전용률":80,
            "욕실수":"--",
            "현관타입":"--",
            "주거총점":21.5,
            "지역구공급총점":0.0,
            "역세권":"NA",
            "30분내 이동가능 거점":"NA",
            "1시간내 이동가능 거점":"NA",
            "교통총점":"NA",
            "백화점":0,
            "아울렛몰":80,
            "대형마트":0,
            "은행":0,
            "병원":30,
            "종합병원":100,
            "공원":0,
            "혐오시설":0,
            "인프라총점":31.0,
            "초등학군":86.77,
            "중학군":40.72,
            "학군총점":49.93,
            "인구수":30.77,
            "인구증감":4.59,
            "인구총점":22.916,
            "일자리":9.7,
            "소득수준":60.34,
            "일자리총점":24.892,
            "가치 총점":32.4075,
            "매매실거래년":20211123.0,
            "매매실거래가":10000.0,
            "전세실거래년":null,
            "전세실거래가":null,
            "전세가율":null,
            "장기전세가율평균":74.66,
            "전세가율거품지수":null,
            "검색코드":7459,
            "세대수":420.0,
            "준공년월":"1986-09-25",
            "준공년차":37.0,
            "가까운역이름":"NA",
            "가까운역거리":"NA",
            "역세권여부":"NA",
            "30분이내주요거점역":"NA",
            "1시간이내주요거점역":"NA",
            "3km이내백화점수":0,
            "5km이내아울렛몰수":1,
            "1km이내대형먀트수":0,
            "500m이내은행수":1,
            "500m이내병원수":8,
            "5km이내대형병원수":6,
            "500m이내공원수":0,
            "3km이내혐오시설수":0,
            "초등학교학업성취도":86.77,
            "중학교학업성취도":67.0,
            "용적률":0,
            "건폐율":0,
            "Y":36.650409,
            "X":127.472976,
            "rank":119.0,
            "area_info":"16평(54.01), 18평(61.56), 20평(66.32)",
            "last_sales":"2021-11-23,10000.0,20평(66.32)"
        },
        {
            "index":544,
            "아파트명":"아트빌",
            "투자타입":"일반",
            "전용면적(m2)":"52.89",
            "전용면적(평)":"15평",
            "법정동주소":"충청북도 청주시 흥덕구 옥산면 오산리 590-1",
            "도로명주소":"충청북도 청주시 흥덕구 오송가락로 718",
            "세대수":50,
            "입주년차":0,
            "용적률점수":"--",
            "건폐율점수":"--",
            "세대당주차수":0,
            "난방방식":30,
            "공급면적":"--",
            "전용률":"--",
            "욕실수":50,
            "현관타입":10,
            "주거총점":26.5,
            "지역구공급총점":0.0,
            "역세권":"NA",
            "30분내 이동가능 거점":"NA",
            "1시간내 이동가능 거점":"NA",
            "교통총점":"NA",
            "백화점":0,
            "아울렛몰":80,
            "대형마트":0,
            "은행":0,
            "병원":0,
            "종합병원":80,
            "공원":80,
            "혐오시설":0,
            "인프라총점":26.4,
            "초등학군":83.24,
            "중학군":35.88,
            "학군총점":45.352,
            "인구수":30.77,
            "인구증감":4.59,
            "인구총점":22.916,
            "일자리":9.7,
            "소득수준":60.34,
            "일자리총점":24.892,
            "가치 총점":31.173,
            "매매실거래년":20220113.0,
            "매매실거래가":8000.0,
            "전세실거래년":20211223.0,
            "전세실거래가":3000.0,
            "전세가율":56.6,
            "장기전세가율평균":74.66,
            "전세가율거품지수":18.06,
            "검색코드":17228,
            "세대수":618.0,
            "준공년월":"1998-06-22",
            "준공년차":25.0,
            "가까운역이름":"NA",
            "가까운역거리":"NA",
            "역세권여부":"NA",
            "30분이내주요거점역":"NA",
            "1시간이내주요거점역":"NA",
            "3km이내백화점수":0,
            "5km이내아울렛몰수":1,
            "1km이내대형먀트수":0,
            "500m이내은행수":0,
            "500m이내병원수":0,
            "5km이내대형병원수":1,
            "500m이내공원수":1,
            "3km이내혐오시설수":0,
            "초등학교학업성취도":83.24,
            "중학교학업성취도":59.2,
            "용적률":189,
            "건폐율":19,
            "Y":36.65574,
            "X":127.369575,
            "rank":120.0,
            "area_info":"15평(52.89), 17평(56.2), 24평(79.34), 25평(82.65), 25평(85.95)",
            "last_sales":"2022-01-13,8000.0,24평(79.34)"
        },
        {
            "index":92,
            "아파트명":"두진",
            "투자타입":"재건축",
            "전용면적(m2)":"84.93",
            "전용면적(평)":"25평",
            "법정동주소":"충청북도 청주시 흥덕구 강내면 263-2",
            "도로명주소":"충청북도 청주시 흥덕구 탑연월곡길 86-5",
            "세대수":0,
            "입주년차":"--",
            "용적률점수":0,
            "건폐율점수":0,
            "세대당주차수":"--",
            "난방방식":"--",
            "공급면적":70,
            "전용률":40,
            "욕실수":"--",
            "현관타입":"--",
            "주거총점":5.5,
            "지역구공급총점":0.0,
            "역세권":"NA",
            "30분내 이동가능 거점":"NA",
            "1시간내 이동가능 거점":"NA",
            "교통총점":"NA",
            "백화점":0,
            "아울렛몰":0,
            "대형마트":100,
            "은행":0,
            "병원":10,
            "종합병원":80,
            "공원":100,
            "혐오시설":0,
            "인프라총점":35.0,
            "초등학군":86.83,
            "중학군":53.74,
            "학군총점":60.358,
            "인구수":30.77,
            "인구증감":4.59,
            "인구총점":22.916,
            "일자리":9.7,
            "소득수준":60.34,
            "일자리총점":24.892,
            "가치 총점":31.0145,
            "매매실거래년":20211012.0,
            "매매실거래가":9000.0,
            "전세실거래년":20210512.0,
            "전세실거래가":8000.0,
            "전세가율":88.89,
            "장기전세가율평균":74.66,
            "전세가율거품지수":-14.23,
            "검색코드":105782,
            "세대수":118.0,
            "준공년월":"1991-12-27",
            "준공년차":32.0,
            "가까운역이름":"NA",
            "가까운역거리":"NA",
            "역세권여부":"NA",
            "30분이내주요거점역":"NA",
            "1시간이내주요거점역":"NA",
            "3km이내백화점수":0,
            "5km이내아울렛몰수":0,
            "1km이내대형먀트수":2,
            "500m이내은행수":0,
            "500m이내병원수":2,
            "5km이내대형병원수":1,
            "500m이내공원수":5,
            "3km이내혐오시설수":0,
            "초등학교학업성취도":86.83,
            "중학교학업성취도":87.3,
            "용적률":0,
            "건폐율":0,
            "Y":36.624154,
            "X":127.36533,
            "rank":121.0,
            "area_info":"25평(84.93), 29평(99.11), 33평(110.56), 35평(116.65)",
            "last_sales":"2021-10-12,9000.0,25평(84.93)"
        },
        {
            "index":402,
            "아파트명":"삼정(90-8)",
            "투자타입":"재건축",
            "전용면적(m2)":"81.1",
            "전용면적(평)":"24평",
            "법정동주소":"충청북도 청주시 흥덕구 봉명동 90-8",
            "도로명주소":"충청북도 청주시 흥덕구 1순환로512번길 32",
            "세대수":0,
            "입주년차":"--",
            "용적률점수":0,
            "건폐율점수":0,
            "세대당주차수":"--",
            "난방방식":"--",
            "공급면적":70,
            "전용률":80,
            "욕실수":"--",
            "현관타입":"--",
            "주거총점":7.5,
            "지역구공급총점":0.0,
            "역세권":"NA",
            "30분내 이동가능 거점":"NA",
            "1시간내 이동가능 거점":"NA",
            "교통총점":"NA",
            "백화점":0,
            "아울렛몰":80,
            "대형마트":0,
            "은행":0,
            "병원":60,
            "종합병원":100,
            "공원":100,
            "혐오시설":0,
            "인프라총점":37.0,
            "초등학군":87.94,
            "중학군":43.04,
            "학군총점":52.02,
            "인구수":30.77,
            "인구증감":4.59,
            "인구총점":22.916,
            "일자리":9.7,
            "소득수준":60.34,
            "일자리총점":24.892,
            "가치 총점":30.43,
            "매매실거래년":20210720.0,
            "매매실거래가":11800.0,
            "전세실거래년":20210507.0,
            "전세실거래가":7000.0,
            "전세가율":77.78,
            "장기전세가율평균":74.66,
            "전세가율거품지수":-3.12,
            "검색코드":15456,
            "세대수":150.0,
            "준공년월":"1989-11-09",
            "준공년차":34.0,
            "가까운역이름":"NA",
            "가까운역거리":"NA",
            "역세권여부":"NA",
            "30분이내주요거점역":"NA",
            "1시간이내주요거점역":"NA",
            "3km이내백화점수":0,
            "5km이내아울렛몰수":1,
            "1km이내대형먀트수":0,
            "500m이내은행수":1,
            "500m이내병원수":13,
            "5km이내대형병원수":6,
            "500m이내공원수":5,
            "3km이내혐오시설수":0,
            "초등학교학업성취도":87.94,
            "중학교학업성취도":70.6,
            "용적률":0,
            "건폐율":0,
            "Y":36.647798,
            "X":127.463543,
            "rank":122.0,
            "area_info":"24평(81.1), 29평(98.48)",
            "last_sales":"2021-07-20,11800.0,29평(98.48)"
        },
        {
            "index":385,
            "아파트명":"백봉",
            "투자타입":"재건축",
            "전용면적(m2)":"54.74",
            "전용면적(평)":"16평",
            "법정동주소":"충청북도 청주시 흥덕구 봉명동 2043",
            "도로명주소":"충청북도 청주시 흥덕구 백봉로224번길 7",
            "세대수":0,
            "입주년차":"--",
            "용적률점수":0,
            "건폐율점수":0,
            "세대당주차수":"--",
            "난방방식":"--",
            "공급면적":50,
            "전용률":80,
            "욕실수":"--",
            "현관타입":"--",
            "주거총점":6.5,
            "지역구공급총점":0.0,
            "역세권":"NA",
            "30분내 이동가능 거점":"NA",
            "1시간내 이동가능 거점":"NA",
            "교통총점":"NA",
            "백화점":0,
            "아울렛몰":80,
            "대형마트":0,
            "은행":0,
            "병원":60,
            "종합병원":100,
            "공원":100,
            "혐오시설":0,
            "인프라총점":37.0,
            "초등학군":84.68,
            "중학군":43.04,
            "학군총점":51.368,
            "인구수":30.77,
            "인구증감":4.59,
            "인구총점":22.916,
            "일자리":9.7,
            "소득수준":60.34,
            "일자리총점":24.892,
            "가치 총점":29.917,
            "매매실거래년":20211021.0,
            "매매실거래가":7400.0,
            "전세실거래년":20211028.0,
            "전세실거래가":5000.0,
            "전세가율":67.57,
            "장기전세가율평균":74.66,
            "전세가율거품지수":7.09,
            "검색코드":15460,
            "세대수":240.0,
            "준공년월":"1992-03-28",
            "준공년차":31.0,
            "가까운역이름":"NA",
            "가까운역거리":"NA",
            "역세권여부":"NA",
            "30분이내주요거점역":"NA",
            "1시간이내주요거점역":"NA",
            "3km이내백화점수":0,
            "5km이내아울렛몰수":1,
            "1km이내대형먀트수":0,
            "500m이내은행수":1,
            "500m이내병원수":11,
            "5km이내대형병원수":6,
            "500m이내공원수":4,
            "3km이내혐오시설수":0,
            "초등학교학업성취도":84.68,
            "중학교학업성취도":70.6,
            "용적률":0,
            "건폐율":0,
            "Y":36.648841,
            "X":127.460919,
            "rank":123.0,
            "area_info":"16평(54.74)",
            "last_sales":"2021-10-21,7400.0,16평(54.74)"
        },
        {
            "index":424,
            "아파트명":"초원",
            "투자타입":"재건축",
            "전용면적(m2)":"71.48",
            "전용면적(평)":"21평",
            "법정동주소":"충청북도 청주시 흥덕구 봉명동 2044",
            "도로명주소":"충청북도 청주시 흥덕구 백봉로224번길 21",
            "세대수":0,
            "입주년차":"--",
            "용적률점수":0,
            "건폐율점수":0,
            "세대당주차수":"--",
            "난방방식":"--",
            "공급면적":50,
            "전용률":60,
            "욕실수":"--",
            "현관타입":"--",
            "주거총점":5.5,
            "지역구공급총점":0.0,
            "역세권":"NA",
            "30분내 이동가능 거점":"NA",
            "1시간내 이동가능 거점":"NA",
            "교통총점":"NA",
            "백화점":0,
            "아울렛몰":80,
            "대형마트":0,
            "은행":0,
            "병원":60,
            "종합병원":100,
            "공원":100,
            "혐오시설":0,
            "인프라총점":37.0,
            "초등학군":84.68,
            "중학군":43.04,
            "학군총점":51.368,
            "인구수":30.77,
            "인구증감":4.59,
            "인구총점":22.916,
            "일자리":9.7,
            "소득수준":60.34,
            "일자리총점":24.892,
            "가치 총점":29.567,
            "매매실거래년":20211226.0,
            "매매실거래가":9300.0,
            "전세실거래년":20211215.0,
            "전세실거래가":7000.0,
            "전세가율":75.27,
            "장기전세가율평균":74.66,
            "전세가율거품지수":-0.61,
            "검색코드":15463,
            "세대수":232.0,
            "준공년월":"1992-12-04",
            "준공년차":31.0,
            "가까운역이름":"NA",
            "가까운역거리":"NA",
            "역세권여부":"NA",
            "30분이내주요거점역":"NA",
            "1시간이내주요거점역":"NA",
            "3km이내백화점수":0,
            "5km이내아울렛몰수":1,
            "1km이내대형먀트수":0,
            "500m이내은행수":1,
            "500m이내병원수":11,
            "5km이내대형병원수":6,
            "500m이내공원수":4,
            "3km이내혐오시설수":0,
            "초등학교학업성취도":84.68,
            "중학교학업성취도":70.6,
            "용적률":0,
            "건폐율":0,
            "Y":36.648192,
            "X":127.461002,
            "rank":124.0,
            "area_info":"21평(71.48)",
            "last_sales":"2021-12-26,9300.0,21평(71.48)"
        },
        {
            "index":515,
            "아파트명":"개나리",
            "투자타입":"일반",
            "전용면적(m2)":"78.63",
            "전용면적(평)":"23평",
            "법정동주소":"충청북도 청주시 흥덕구 오송읍 정중리 562-8",
            "도로명주소":"충청북도 청주시 흥덕구 정중연제로 24-5",
            "세대수":0,
            "입주년차":0,
            "용적률점수":"--",
            "건폐율점수":"--",
            "세대당주차수":0,
            "난방방식":80,
            "공급면적":"--",
            "전용률":"--",
            "욕실수":50,
            "현관타입":100,
            "주거총점":23.0,
            "지역구공급총점":0.0,
            "역세권":"NA",
            "30분내 이동가능 거점":"NA",
            "1시간내 이동가능 거점":"NA",
            "교통총점":"NA",
            "백화점":0,
            "아울렛몰":0,
            "대형마트":0,
            "은행":0,
            "병원":0,
            "종합병원":80,
            "공원":80,
            "혐오시설":0,
            "인프라총점":18.4,
            "초등학군":100.0,
            "중학군":45.42,
            "학군총점":56.336,
            "인구수":30.77,
            "인구증감":4.59,
            "인구총점":22.916,
            "일자리":9.7,
            "소득수준":60.34,
            "일자리총점":24.892,
            "가치 총점":29.494,
            "매매실거래년":20210828.0,
            "매매실거래가":11500.0,
            "전세실거래년":20210521.0,
            "전세실거래가":11000.0,
            "전세가율":95.65,
            "장기전세가율평균":74.66,
            "전세가율거품지수":-20.99,
            "검색코드":15374,
            "세대수":110.0,
            "준공년월":"1994-12-09",
            "준공년차":29.0,
            "가까운역이름":"NA",
            "가까운역거리":"NA",
            "역세권여부":"NA",
            "30분이내주요거점역":"NA",
            "1시간이내주요거점역":"NA",
            "3km이내백화점수":0,
            "5km이내아울렛몰수":0,
            "1km이내대형먀트수":0,
            "500m이내은행수":0,
            "500m이내병원수":0,
            "5km이내대형병원수":1,
            "500m이내공원수":1,
            "3km이내혐오시설수":0,
            "초등학교학업성취도":100.0,
            "중학교학업성취도":75.3,
            "용적률":222,
            "건폐율":23,
            "Y":36.605562,
            "X":127.305402,
            "rank":125.0,
            "area_info":"23평(78.63), 32평(105.87)",
            "last_sales":"2021-08-28,11500.0,23평(78.63)"
        },
        {
            "index":512,
            "아파트명":"한성",
            "투자타입":"재건축",
            "전용면적(m2)":"56.26",
            "전용면적(평)":"17평",
            "법정동주소":"충청북도 청주시 흥덕구 신봉동 529",
            "도로명주소":"충청북도 청주시 흥덕구 1순환로 451",
            "세대수":0,
            "입주년차":"--",
            "용적률점수":0,
            "건폐율점수":0,
            "세대당주차수":"--",
            "난방방식":"--",
            "공급면적":50,
            "전용률":100,
            "욕실수":"--",
            "현관타입":"--",
            "주거총점":7.5,
            "지역구공급총점":0.0,
            "역세권":"NA",
            "30분내 이동가능 거점":"NA",
            "1시간내 이동가능 거점":"NA",
            "교통총점":"NA",
            "백화점":0,
            "아울렛몰":80,
            "대형마트":0,
            "은행":0,
            "병원":60,
            "종합병원":100,
            "공원":0,
            "혐오시설":0,
            "인프라총점":34.0,
            "초등학군":86.77,
            "중학군":43.04,
            "학군총점":51.786,
            "인구수":30.77,
            "인구증감":4.59,
            "인구총점":22.916,
            "일자리":9.7,
            "소득수준":60.34,
            "일자리총점":24.892,
            "가치 총점":29.1715,
            "매매실거래년":20211114.0,
            "매매실거래가":6300.0,
            "전세실거래년":20211210.0,
            "전세실거래가":4000.0,
            "전세가율":61.54,
            "장기전세가율평균":74.66,
            "전세가율거품지수":13.12,
            "검색코드":15475,
            "세대수":290.0,
            "준공년월":"1987-07-01",
            "준공년차":36.0,
            "가까운역이름":"NA",
            "가까운역거리":"NA",
            "역세권여부":"NA",
            "30분이내주요거점역":"NA",
            "1시간이내주요거점역":"NA",
            "3km이내백화점수":0,
            "5km이내아울렛몰수":1,
            "1km이내대형먀트수":0,
            "500m이내은행수":1,
            "500m이내병원수":10,
            "5km이내대형병원수":6,
            "500m이내공원수":0,
            "3km이내혐오시설수":0,
            "초등학교학업성취도":86.77,
            "중학교학업성취도":70.6,
            "용적률":0,
            "건폐율":0,
            "Y":36.650458,
            "X":127.469811,
            "rank":126.0,
            "area_info":"17평(56.26), 18평(60.03)",
            "last_sales":"2021-11-14,6300.0,18평(60.03)"
        },
        {
            "index":550,
            "아파트명":"옥산금정2차",
            "투자타입":"일반",
            "전용면적(m2)":"47.21",
            "전용면적(평)":"14평",
            "법정동주소":"충청북도 청주시 흥덕구 옥산면 오산리 589-5",
            "도로명주소":"충청북도 청주시 흥덕구 오송가락로 752",
            "세대수":0,
            "입주년차":0,
            "용적률점수":"--",
            "건폐율점수":"--",
            "세대당주차수":0,
            "난방방식":30,
            "공급면적":"--",
            "전용률":"--",
            "욕실수":50,
            "현관타입":100,
            "주거총점":18.0,
            "지역구공급총점":0.0,
            "역세권":"NA",
            "30분내 이동가능 거점":"NA",
            "1시간내 이동가능 거점":"NA",
            "교통총점":"NA",
            "백화점":0,
            "아울렛몰":80,
            "대형마트":0,
            "은행":0,
            "병원":0,
            "종합병원":80,
            "공원":80,
            "혐오시설":0,
            "인프라총점":26.4,
            "초등학군":83.24,
            "중학군":35.88,
            "학군총점":45.352,
            "인구수":30.77,
            "인구증감":4.59,
            "인구총점":22.916,
            "일자리":9.7,
            "소득수준":60.34,
            "일자리총점":24.892,
            "가치 총점":28.198,
            "매매실거래년":20220101.0,
            "매매실거래가":8200.0,
            "전세실거래년":20200703.0,
            "전세실거래가":3500.0,
            "전세가율":72.92,
            "장기전세가율평균":74.66,
            "전세가율거품지수":1.74,
            "검색코드":11566,
            "세대수":230.0,
            "준공년월":"1997-10-31",
            "준공년차":26.0,
            "가까운역이름":"NA",
            "가까운역거리":"NA",
            "역세권여부":"NA",
            "30분이내주요거점역":"NA",
            "1시간이내주요거점역":"NA",
            "3km이내백화점수":0,
            "5km이내아울렛몰수":1,
            "1km이내대형먀트수":0,
            "500m이내은행수":0,
            "500m이내병원수":0,
            "5km이내대형병원수":1,
            "500m이내공원수":1,
            "3km이내혐오시설수":0,
            "초등학교학업성취도":83.24,
            "중학교학업성취도":59.2,
            "용적률":207,
            "건폐율":26,
            "Y":36.65911,
            "X":127.369,
            "rank":127.0,
            "area_info":"14평(47.21), 21평(71.14)",
            "last_sales":"2022-01-01,8200.0,21평(71.14)"
        },
        {
            "index":486,
            "아파트명":"두진백로",
            "투자타입":"일반",
            "전용면적(m2)":"88.7",
            "전용면적(평)":"26평",
            "법정동주소":"충청북도 청주시 흥덕구 신봉동 35-1",
            "도로명주소":"충청북도 청주시 흥덕구 사운로324번길 14",
            "세대수":0,
            "입주년차":0,
            "용적률점수":"--",
            "건폐율점수":"--",
            "세대당주차수":0,
            "난방방식":30,
            "공급면적":"--",
            "전용률":"--",
            "욕실수":50,
            "현관타입":10,
            "주거총점":9.0,
            "지역구공급총점":0.0,
            "역세권":"NA",
            "30분내 이동가능 거점":"NA",
            "1시간내 이동가능 거점":"NA",
            "교통총점":"NA",
            "백화점":0,
            "아울렛몰":80,
            "대형마트":0,
            "은행":0,
            "병원":10,
            "종합병원":100,
            "공원":0,
            "혐오시설":0,
            "인프라총점":29.0,
            "초등학군":86.77,
            "중학군":40.72,
            "학군총점":49.93,
            "인구수":30.77,
            "인구증감":4.59,
            "인구총점":22.916,
            "일자리":9.7,
            "소득수준":60.34,
            "일자리총점":24.892,
            "가치 총점":27.2325,
            "매매실거래년":20211221.0,
            "매매실거래가":9600.0,
            "전세실거래년":20211102.0,
            "전세실거래가":8000.0,
            "전세가율":83.33,
            "장기전세가율평균":74.66,
            "전세가율거품지수":-8.67,
            "검색코드":7427,
            "세대수":244.0,
            "준공년월":"1993-11-15",
            "준공년차":30.0,
            "가까운역이름":"NA",
            "가까운역거리":"NA",
            "역세권여부":"NA",
            "30분이내주요거점역":"NA",
            "1시간이내주요거점역":"NA",
            "3km이내백화점수":0,
            "5km이내아울렛몰수":1,
            "1km이내대형먀트수":0,
            "500m이내은행수":0,
            "500m이내병원수":4,
            "5km이내대형병원수":5,
            "500m이내공원수":0,
            "3km이내혐오시설수":0,
            "초등학교학업성취도":86.77,
            "중학교학업성취도":67.0,
            "용적률":0,
            "건폐율":0,
            "Y":36.656015,
            "X":127.471215,
            "rank":128.0,
            "area_info":"26평(88.7), 31평(103.53), 34평(115.47)",
            "last_sales":"2021-12-21,9600.0,26평(88.7)"
        },
        {
            "index":585,
            "아파트명":"형석",
            "투자타입":"재건축",
            "전용면적(m2)":"48.85",
            "전용면적(평)":"14평",
            "법정동주소":"충청북도 청주시 흥덕구 운천동 676",
            "도로명주소":"충청북도 청주시 흥덕구 사운로 283",
            "세대수":0,
            "입주년차":"--",
            "용적률점수":0,
            "건폐율점수":0,
            "세대당주차수":"--",
            "난방방식":"--",
            "공급면적":50,
            "전용률":80,
            "욕실수":"--",
            "현관타입":"--",
            "주거총점":6.5,
            "지역구공급총점":0.0,
            "역세권":"NA",
            "30분내 이동가능 거점":"NA",
            "1시간내 이동가능 거점":"NA",
            "교통총점":"NA",
            "백화점":0,
            "아울렛몰":80,
            "대형마트":0,
            "은행":0,
            "병원":30,
            "종합병원":100,
            "공원":0,
            "혐오시설":0,
            "인프라총점":31.0,
            "초등학군":86.77,
            "중학군":40.72,
            "학군총점":49.93,
            "인구수":30.77,
            "인구증감":4.59,
            "인구총점":22.916,
            "일자리":9.7,
            "소득수준":60.34,
            "일자리총점":24.892,
            "가치 총점":27.1575,
            "매매실거래년":20211125.0,
            "매매실거래가":7800.0,
            "전세실거래년":20211222.0,
            "전세실거래가":3500.0,
            "전세가율":44.87,
            "장기전세가율평균":74.66,
            "전세가율거품지수":29.79,
            "검색코드":7461,
            "세대수":290.0,
            "준공년월":"1987-11-24",
            "준공년차":36.0,
            "가까운역이름":"NA",
            "가까운역거리":"NA",
            "역세권여부":"NA",
            "30분이내주요거점역":"NA",
            "1시간이내주요거점역":"NA",
            "3km이내백화점수":0,
            "5km이내아울렛몰수":1,
            "1km이내대형먀트수":0,
            "500m이내은행수":1,
            "500m이내병원수":9,
            "5km이내대형병원수":6,
            "500m이내공원수":0,
            "3km이내혐오시설수":0,
            "초등학교학업성취도":86.77,
            "중학교학업성취도":67.0,
            "용적률":0,
            "건폐율":0,
            "Y":36.652538,
            "X":127.471563,
            "rank":129.0,
            "area_info":"14평(48.85), 18평(61.9)",
            "last_sales":"2021-11-25,7800.0,14평(48.85)"
        },
        {
            "index":570,
            "아파트명":"세원",
            "투자타입":"재건축",
            "전용면적(m2)":"57.76",
            "전용면적(평)":"17평",
            "법정동주소":"충청북도 청주시 흥덕구 운천동 677",
            "도로명주소":"충청북도 청주시 흥덕구 사운로 267",
            "세대수":0,
            "입주년차":"--",
            "용적률점수":0,
            "건폐율점수":0,
            "세대당주차수":"--",
            "난방방식":"--",
            "공급면적":50,
            "전용률":80,
            "욕실수":"--",
            "현관타입":"--",
            "주거총점":6.5,
            "지역구공급총점":0.0,
            "역세권":"NA",
            "30분내 이동가능 거점":"NA",
            "1시간내 이동가능 거점":"NA",
            "교통총점":"NA",
            "백화점":0,
            "아울렛몰":80,
            "대형마트":0,
            "은행":0,
            "병원":30,
            "종합병원":100,
            "공원":0,
            "혐오시설":0,
            "인프라총점":31.0,
            "초등학군":86.77,
            "중학군":40.72,
            "학군총점":49.93,
            "인구수":30.77,
            "인구증감":4.59,
            "인구총점":22.916,
            "일자리":9.7,
            "소득수준":60.34,
            "일자리총점":24.892,
            "가치 총점":27.1575,
            "매매실거래년":20211116.0,
            "매매실거래가":10500.0,
            "전세실거래년":20211206.0,
            "전세실거래가":8000.0,
            "전세가율":102.56,
            "장기전세가율평균":74.66,
            "전세가율거품지수":-27.9,
            "검색코드":7454,
            "세대수":270.0,
            "준공년월":"1986-10-31",
            "준공년차":37.0,
            "가까운역이름":"NA",
            "가까운역거리":"NA",
            "역세권여부":"NA",
            "30분이내주요거점역":"NA",
            "1시간이내주요거점역":"NA",
            "3km이내백화점수":0,
            "5km이내아울렛몰수":1,
            "1km이내대형먀트수":0,
            "500m이내은행수":1,
            "500m이내병원수":8,
            "5km이내대형병원수":6,
            "500m이내공원수":0,
            "3km이내혐오시설수":0,
            "초등학교학업성취도":86.77,
            "중학교학업성취도":67.0,
            "용적률":0,
            "건폐율":0,
            "Y":36.651462,
            "X":127.472835,
            "rank":129.0,
            "area_info":"17평(57.76), 20평(66.78), 20평(67.86)",
            "last_sales":"2021-11-16,10500.0,20평(67.86)"
        },
        {
            "index":514,
            "아파트명":"강외재원",
            "투자타입":"일반",
            "전용면적(m2)":"72.21",
            "전용면적(평)":"21평",
            "법정동주소":"충청북도 청주시 흥덕구 오송읍 오송리 263-3",
            "도로명주소":"충청북도 청주시 흥덕구 가로수로 162",
            "세대수":0,
            "입주년차":0,
            "용적률점수":"--",
            "건폐율점수":"--",
            "세대당주차수":0,
            "난방방식":30,
            "공급면적":"--",
            "전용률":"--",
            "욕실수":50,
            "현관타입":100,
            "주거총점":18.0,
            "지역구공급총점":0.0,
            "역세권":"NA",
            "30분내 이동가능 거점":"NA",
            "1시간내 이동가능 거점":"NA",
            "교통총점":"NA",
            "백화점":0,
            "아울렛몰":0,
            "대형마트":0,
            "은행":0,
            "병원":0,
            "종합병원":80,
            "공원":0,
            "혐오시설":0,
            "인프라총점":16.0,
            "초등학군":100.0,
            "중학군":45.42,
            "학군총점":56.336,
            "인구수":30.77,
            "인구증감":4.59,
            "인구총점":22.916,
            "일자리":9.7,
            "소득수준":60.34,
            "일자리총점":24.892,
            "가치 총점":26.784,
            "매매실거래년":20211117.0,
            "매매실거래가":15000.0,
            "전세실거래년":20211122.0,
            "전세실거래가":6800.0,
            "전세가율":45.33,
            "장기전세가율평균":74.66,
            "전세가율거품지수":29.33,
            "검색코드":24261,
            "세대수":120.0,
            "준공년월":"1996-06-07",
            "준공년차":27.0,
            "가까운역이름":"NA",
            "가까운역거리":"NA",
            "역세권여부":"NA",
            "30분이내주요거점역":"NA",
            "1시간이내주요거점역":"NA",
            "3km이내백화점수":0,
            "5km이내아울렛몰수":0,
            "1km이내대형먀트수":0,
            "500m이내은행수":0,
            "500m이내병원수":0,
            "5km이내대형병원수":1,
            "500m이내공원수":0,
            "3km이내혐오시설수":0,
            "초등학교학업성취도":100.0,
            "중학교학업성취도":75.3,
            "용적률":0,
            "건폐율":0,
            "Y":36.60904,
            "X":127.32335,
            "rank":130.0,
            "area_info":"21평(72.21)",
            "last_sales":"2021-11-17,15000.0,21평(72.21)"
        },
        {
            "index":96,
            "아파트명":"서호e타운",
            "투자타입":"일반",
            "전용면적(m2)":"43.54",
            "전용면적(평)":"13평",
            "법정동주소":"충청북도 청주시 흥덕구 강내면 황탄리 3-1",
            "도로명주소":"충청북도 청주시 흥덕구 황탄리길 226",
            "세대수":0,
            "입주년차":20,
            "용적률점수":"--",
            "건폐율점수":"--",
            "세대당주차수":0,
            "난방방식":30,
            "공급면적":"--",
            "전용률":"--",
            "욕실수":50,
            "현관타입":10,
            "주거총점":13.0,
            "지역구공급총점":0.0,
            "역세권":"NA",
            "30분내 이동가능 거점":"NA",
            "1시간내 이동가능 거점":"NA",
            "교통총점":"NA",
            "백화점":0,
            "아울렛몰":0,
            "대형마트":0,
            "은행":0,
            "병원":0,
            "종합병원":80,
            "공원":0,
            "혐오시설":0,
            "인프라총점":16.0,
            "초등학군":95.48,
            "중학군":53.74,
            "학군총점":62.088,
            "인구수":30.77,
            "인구증감":4.59,
            "인구총점":22.916,
            "일자리":9.7,
            "소득수준":60.34,
            "일자리총점":24.892,
            "가치 총점":26.472,
            "매매실거래년":20220108.0,
            "매매실거래가":2950.0,
            "전세실거래년":20211125.0,
            "전세실거래가":2500.0,
            "전세가율":84.75,
            "장기전세가율평균":74.66,
            "전세가율거품지수":-10.09,
            "검색코드":15366,
            "세대수":277.0,
            "준공년월":"2001-06-30",
            "준공년차":22.0,
            "가까운역이름":"NA",
            "가까운역거리":"NA",
            "역세권여부":"NA",
            "30분이내주요거점역":"NA",
            "1시간이내주요거점역":"NA",
            "3km이내백화점수":0,
            "5km이내아울렛몰수":0,
            "1km이내대형먀트수":0,
            "500m이내은행수":0,
            "500m이내병원수":0,
            "5km이내대형병원수":1,
            "500m이내공원수":0,
            "3km이내혐오시설수":0,
            "초등학교학업성취도":95.48,
            "중학교학업성취도":87.3,
            "용적률":191,
            "건폐율":25,
            "Y":36.604807,
            "X":127.353841,
            "rank":131.0,
            "area_info":"13평(43.54), 15평(51.93)",
            "last_sales":"2022-01-08,2950.0,13평(43.54)"
        },
        {
            "index":561,
            "아파트명":"화인테크노빌",
            "투자타입":"일반",
            "전용면적(m2)":"76.75",
            "전용면적(평)":"23평",
            "법정동주소":"충청북도 청주시 흥덕구 옥산면 가락리 455-1",
            "도로명주소":"충청북도 청주시 흥덕구 오송가락로 937",
            "세대수":0,
            "입주년차":20,
            "용적률점수":"--",
            "건폐율점수":"--",
            "세대당주차수":0,
            "난방방식":30,
            "공급면적":"--",
            "전용률":"--",
            "욕실수":100,
            "현관타입":100,
            "주거총점":27.0,
            "지역구공급총점":0.0,
            "역세권":"NA",
            "30분내 이동가능 거점":"NA",
            "1시간내 이동가능 거점":"NA",
            "교통총점":"NA",
            "백화점":0,
            "아울렛몰":80,
            "대형마트":0,
            "은행":0,
            "병원":0,
            "종합병원":0,
            "공원":80,
            "혐오시설":0,
            "인프라총점":10.4,
            "초등학군":98.38,
            "중학군":35.88,
            "학군총점":48.38,
            "인구수":30.77,
            "인구증감":4.59,
            "인구총점":22.916,
            "일자리":9.7,
            "소득수준":60.34,
            "일자리총점":24.892,
            "가치 총점":25.705,
            "매매실거래년":20211123.0,
            "매매실거래가":11500.0,
            "전세실거래년":20211101.0,
            "전세실거래가":6000.0,
            "전세가율":52.17,
            "장기전세가율평균":74.66,
            "전세가율거품지수":22.49,
            "검색코드":15386,
            "세대수":288.0,
            "준공년월":"2002-02-21",
            "준공년차":21.0,
            "가까운역이름":"NA",
            "가까운역거리":"NA",
            "역세권여부":"NA",
            "30분이내주요거점역":"NA",
            "1시간이내주요거점역":"NA",
            "3km이내백화점수":0,
            "5km이내아울렛몰수":1,
            "1km이내대형먀트수":0,
            "500m이내은행수":0,
            "500m이내병원수":0,
            "5km이내대형병원수":0,
            "500m이내공원수":1,
            "3km이내혐오시설수":0,
            "초등학교학업성취도":98.38,
            "중학교학업성취도":59.2,
            "용적률":154,
            "건폐율":18,
            "Y":36.66786,
            "X":127.38398,
            "rank":132.0,
            "area_info":"23평(76.75)",
            "last_sales":"2021-11-23,11500.0,23평(76.75)"
        },
        {
            "index":103,
            "아파트명":"월곡진흥",
            "투자타입":"재건축",
            "전용면적(m2)":"48.58",
            "전용면적(평)":"14평",
            "법정동주소":"충청북도 청주시 흥덕구 강내면 월곡리 150-35",
            "도로명주소":"충청북도 청주시 흥덕구 가로수로 640-19",
            "세대수":0,
            "입주년차":"--",
            "용적률점수":0,
            "건폐율점수":0,
            "세대당주차수":"--",
            "난방방식":"--",
            "공급면적":50,
            "전용률":80,
            "욕실수":"--",
            "현관타입":"--",
            "주거총점":6.5,
            "지역구공급총점":0.0,
            "역세권":"NA",
            "30분내 이동가능 거점":"NA",
            "1시간내 이동가능 거점":"NA",
            "교통총점":"NA",
            "백화점":0,
            "아울렛몰":0,
            "대형마트":0,
            "은행":0,
            "병원":0,
            "종합병원":80,
            "공원":100,
            "혐오시설":0,
            "인프라총점":19.0,
            "초등학군":86.83,
            "중학군":53.74,
            "학군총점":60.358,
            "인구수":30.77,
            "인구증감":4.59,
            "인구총점":22.916,
            "일자리":9.7,
            "소득수준":60.34,
            "일자리총점":24.892,
            "가치 총점":24.9645,
            "매매실거래년":20211001.0,
            "매매실거래가":6300.0,
            "전세실거래년":20120811.0,
            "전세실거래가":3000.0,
            "전세가율":65.22,
            "장기전세가율평균":74.66,
            "전세가율거품지수":9.44,
            "검색코드":7747,
            "세대수":125.0,
            "준공년월":"1988-11-07",
            "준공년차":35.0,
            "가까운역이름":"NA",
            "가까운역거리":"NA",
            "역세권여부":"NA",
            "30분이내주요거점역":"NA",
            "1시간이내주요거점역":"NA",
            "3km이내백화점수":0,
            "5km이내아울렛몰수":0,
            "1km이내대형먀트수":0,
            "500m이내은행수":0,
            "500m이내병원수":0,
            "5km이내대형병원수":1,
            "500m이내공원수":4,
            "3km이내혐오시설수":0,
            "초등학교학업성취도":86.83,
            "중학교학업성취도":87.3,
            "용적률":0,
            "건폐율":0,
            "Y":36.623447,
            "X":127.371228,
            "rank":133.0,
            "area_info":"14평(48.58), 17평(56.81), 17평(56.82), 16평(56.05)",
            "last_sales":"2021-10-01,6300.0,17평(56.81)"
        },
        {
            "index":521,
            "아파트명":"삼부청솔",
            "투자타입":"일반",
            "전용면적(m2)":"35.84",
            "전용면적(평)":"10평",
            "법정동주소":"충청북도 청주시 흥덕구 오송읍 봉산리 612-6",
            "도로명주소":"충청북도 청주시 흥덕구 가로수로 11-8",
            "세대수":0,
            "입주년차":0,
            "용적률점수":"--",
            "건폐율점수":"--",
            "세대당주차수":0,
            "난방방식":30,
            "공급면적":"--",
            "전용률":"--",
            "욕실수":50,
            "현관타입":10,
            "주거총점":9.0,
            "지역구공급총점":0.0,
            "역세권":"NA",
            "30분내 이동가능 거점":"NA",
            "1시간내 이동가능 거점":"NA",
            "교통총점":"NA",
            "백화점":0,
            "아울렛몰":0,
            "대형마트":0,
            "은행":0,
            "병원":0,
            "종합병원":80,
            "공원":80,
            "혐오시설":0,
            "인프라총점":18.4,
            "초등학군":100.0,
            "중학군":45.42,
            "학군총점":56.336,
            "인구수":30.77,
            "인구증감":4.59,
            "인구총점":22.916,
            "일자리":9.7,
            "소득수준":60.34,
            "일자리총점":24.892,
            "가치 총점":24.594,
            "매매실거래년":20211207.0,
            "매매실거래가":5000.0,
            "전세실거래년":20211208.0,
            "전세실거래가":3000.0,
            "전세가율":60.0,
            "장기전세가율평균":74.66,
            "전세가율거품지수":14.66,
            "검색코드":25529,
            "세대수":199.0,
            "준공년월":"1996-02-14",
            "준공년차":27.0,
            "가까운역이름":"NA",
            "가까운역거리":"NA",
            "역세권여부":"NA",
            "30분이내주요거점역":"NA",
            "1시간이내주요거점역":"NA",
            "3km이내백화점수":0,
            "5km이내아울렛몰수":0,
            "1km이내대형먀트수":0,
            "500m이내은행수":0,
            "500m이내병원수":0,
            "5km이내대형병원수":1,
            "500m이내공원수":1,
            "3km이내혐오시설수":0,
            "초등학교학업성취도":100.0,
            "중학교학업성취도":75.3,
            "용적률":234,
            "건폐율":42,
            "Y":36.60469,
            "X":127.30753,
            "rank":134.0,
            "area_info":"10평(35.84), 16평(54.15), 33평(111.58)",
            "last_sales":"2021-12-07,5000.0,10평(35.84)"
        },
        {
            "index":517,
            "아파트명":"그린나래",
            "투자타입":"일반",
            "전용면적(m2)":"33.57",
            "전용면적(평)":"10평",
            "법정동주소":"충청북도 청주시 흥덕구 오송읍 서평리 621-4",
            "도로명주소":"충청북도 청주시 흥덕구 서평길 31-9",
            "세대수":0,
            "입주년차":40,
            "용적률점수":"--",
            "건폐율점수":"--",
            "세대당주차수":0,
            "난방방식":30,
            "공급면적":"--",
            "전용률":"--",
            "욕실수":50,
            "현관타입":100,
            "주거총점":26.0,
            "지역구공급총점":0.0,
            "역세권":"NA",
            "30분내 이동가능 거점":"NA",
            "1시간내 이동가능 거점":"NA",
            "교통총점":"NA",
            "백화점":0,
            "아울렛몰":0,
            "대형마트":0,
            "은행":0,
            "병원":0,
            "종합병원":0,
            "공원":0,
            "혐오시설":0,
            "인프라총점":0.0,
            "초등학군":100.0,
            "중학군":45.42,
            "학군총점":56.336,
            "인구수":30.77,
            "인구증감":4.59,
            "인구총점":22.916,
            "일자리":9.7,
            "소득수준":60.34,
            "일자리총점":24.892,
            "가치 총점":23.184,
            "매매실거래년":20211217.0,
            "매매실거래가":3500.0,
            "전세실거래년":20201127.0,
            "전세실거래가":1500.0,
            "전세가율":42.86,
            "장기전세가율평균":74.66,
            "전세가율거품지수":31.8,
            "검색코드":109064,
            "세대수":127.0,
            "준공년월":"2006-04-05",
            "준공년차":17.0,
            "가까운역이름":"NA",
            "가까운역거리":"NA",
            "역세권여부":"NA",
            "30분이내주요거점역":"NA",
            "1시간이내주요거점역":"NA",
            "3km이내백화점수":0,
            "5km이내아울렛몰수":0,
            "1km이내대형먀트수":0,
            "500m이내은행수":0,
            "500m이내병원수":0,
            "5km이내대형병원수":0,
            "500m이내공원수":0,
            "3km이내혐오시설수":0,
            "초등학교학업성취도":100.0,
            "중학교학업성취도":75.3,
            "용적률":96,
            "건폐율":17,
            "Y":36.586851,
            "X":127.317538,
            "rank":135.0,
            "area_info":"10평(33.57), 16평(53.34)",
            "last_sales":"2021-12-17,3500.0,10평(33.57)"
        },
        {
            "index":549,
            "아파트명":"옥산금정1차",
            "투자타입":"일반",
            "전용면적(m2)":"41.64",
            "전용면적(평)":"12평",
            "법정동주소":"충청북도 청주시 흥덕구 옥산면 오산리 589-1",
            "도로명주소":"충청북도 청주시 흥덕구 오송가락로 760",
            "세대수":0,
            "입주년차":0,
            "용적률점수":"--",
            "건폐율점수":"--",
            "세대당주차수":0,
            "난방방식":30,
            "공급면적":"--",
            "전용률":"--",
            "욕실수":50,
            "현관타입":10,
            "주거총점":9.0,
            "지역구공급총점":0.0,
            "역세권":"NA",
            "30분내 이동가능 거점":"NA",
            "1시간내 이동가능 거점":"NA",
            "교통총점":"NA",
            "백화점":0,
            "아울렛몰":0,
            "대형마트":0,
            "은행":0,
            "병원":0,
            "종합병원":80,
            "공원":80,
            "혐오시설":0,
            "인프라총점":18.4,
            "초등학군":83.24,
            "중학군":35.88,
            "학군총점":45.352,
            "인구수":30.77,
            "인구증감":4.59,
            "인구총점":22.916,
            "일자리":9.7,
            "소득수준":60.34,
            "일자리총점":24.892,
            "가치 총점":21.848,
            "매매실거래년":20220111.0,
            "매매실거래가":3550.0,
            "전세실거래년":20210718.0,
            "전세실거래가":2500.0,
            "전세가율":70.42,
            "장기전세가율평균":74.66,
            "전세가율거품지수":4.24,
            "검색코드":17227,
            "세대수":225.0,
            "준공년월":"1997-10-29",
            "준공년차":26.0,
            "가까운역이름":"NA",
            "가까운역거리":"NA",
            "역세권여부":"NA",
            "30분이내주요거점역":"NA",
            "1시간이내주요거점역":"NA",
            "3km이내백화점수":0,
            "5km이내아울렛몰수":0,
            "1km이내대형먀트수":0,
            "500m이내은행수":0,
            "500m이내병원수":0,
            "5km이내대형병원수":1,
            "500m이내공원수":1,
            "3km이내혐오시설수":0,
            "초등학교학업성취도":83.24,
            "중학교학업성취도":59.2,
            "용적률":249,
            "건폐율":23,
            "Y":36.66005,
            "X":127.36881,
            "rank":136.0,
            "area_info":"12평(41.64)",
            "last_sales":"2022-01-11,3550.0,12평(41.64)"
        },
        {
            "index":552,
            "아파트명":"옥산한울",
            "투자타입":"재건축",
            "전용면적(m2)":"81.99",
            "전용면적(평)":"24평",
            "법정동주소":"충청북도 청주시 흥덕구 옥산면 오산리 160-1",
            "도로명주소":"충청북도 청주시 흥덕구 청주역로 705",
            "세대수":0,
            "입주년차":"--",
            "용적률점수":0,
            "건폐율점수":80,
            "세대당주차수":"--",
            "난방방식":"--",
            "공급면적":70,
            "전용률":60,
            "욕실수":"--",
            "현관타입":"--",
            "주거총점":22.5,
            "지역구공급총점":0.0,
            "역세권":"NA",
            "30분내 이동가능 거점":"NA",
            "1시간내 이동가능 거점":"NA",
            "교통총점":"NA",
            "백화점":0,
            "아울렛몰":0,
            "대형마트":0,
            "은행":0,
            "병원":0,
            "종합병원":0,
            "공원":80,
            "혐오시설":0,
            "인프라총점":2.4,
            "초등학군":83.24,
            "중학군":35.88,
            "학군총점":45.352,
            "인구수":30.77,
            "인구증감":4.59,
            "인구총점":22.916,
            "일자리":9.7,
            "소득수준":60.34,
            "일자리총점":24.892,
            "가치 총점":20.173,
            "매매실거래년":20211206.0,
            "매매실거래가":9700.0,
            "전세실거래년":20201210.0,
            "전세실거래가":4000.0,
            "전세가율":61.54,
            "장기전세가율평균":74.66,
            "전세가율거품지수":13.12,
            "검색코드":15384,
            "세대수":119.0,
            "준공년월":"1992-12-21",
            "준공년차":31.0,
            "가까운역이름":"NA",
            "가까운역거리":"NA",
            "역세권여부":"NA",
            "30분이내주요거점역":"NA",
            "1시간이내주요거점역":"NA",
            "3km이내백화점수":0,
            "5km이내아울렛몰수":0,
            "1km이내대형먀트수":0,
            "500m이내은행수":0,
            "500m이내병원수":0,
            "5km이내대형병원수":0,
            "500m이내공원수":1,
            "3km이내혐오시설수":0,
            "초등학교학업성취도":83.24,
            "중학교학업성취도":59.2,
            "용적률":281,
            "건폐율":28,
            "Y":36.666563,
            "X":127.36836,
            "rank":137.0,
            "area_info":"24평(81.99), 31평(103.73)",
            "last_sales":"2021-12-06,9700.0,31평(103.73)"
        },
        {
            "index":542,
            "아파트명":"대신",
            "투자타입":"일반",
            "전용면적(m2)":"94.32",
            "전용면적(평)":"28평",
            "법정동주소":"충청북도 청주시 흥덕구 옥산면 오산리 384-17",
            "도로명주소":"충청북도 청주시 흥덕구 옥산시내1길 3-6",
            "세대수":0,
            "입주년차":0,
            "용적률점수":"--",
            "건폐율점수":"--",
            "세대당주차수":0,
            "난방방식":30,
            "공급면적":"--",
            "전용률":"--",
            "욕실수":50,
            "현관타입":10,
            "주거총점":9.0,
            "지역구공급총점":0.0,
            "역세권":"NA",
            "30분내 이동가능 거점":"NA",
            "1시간내 이동가능 거점":"NA",
            "교통총점":"NA",
            "백화점":0,
            "아울렛몰":80,
            "대형마트":0,
            "은행":0,
            "병원":10,
            "종합병원":0,
            "공원":100,
            "혐오시설":0,
            "인프라총점":12.0,
            "초등학군":83.24,
            "중학군":35.88,
            "학군총점":45.352,
            "인구수":30.77,
            "인구증감":4.59,
            "인구총점":22.916,
            "일자리":9.7,
            "소득수준":60.34,
            "일자리총점":24.892,
            "가치 총점":19.288,
            "매매실거래년":20211220.0,
            "매매실거래가":8850.0,
            "전세실거래년":20210728.0,
            "전세실거래가":6000.0,
            "전세가율":67.8,
            "장기전세가율평균":74.66,
            "전세가율거품지수":6.86,
            "검색코드":15383,
            "세대수":110.0,
            "준공년월":"1993-01-18",
            "준공년차":30.0,
            "가까운역이름":"NA",
            "가까운역거리":"NA",
            "역세권여부":"NA",
            "30분이내주요거점역":"NA",
            "1시간이내주요거점역":"NA",
            "3km이내백화점수":0,
            "5km이내아울렛몰수":1,
            "1km이내대형먀트수":0,
            "500m이내은행수":0,
            "500m이내병원수":4,
            "5km이내대형병원수":0,
            "500m이내공원수":2,
            "3km이내혐오시설수":0,
            "초등학교학업성취도":83.24,
            "중학교학업성취도":59.2,
            "용적률":0,
            "건폐율":0,
            "Y":36.662988,
            "X":127.372282,
            "rank":138.0,
            "area_info":"28평(94.32), 35평(116.24)",
            "last_sales":"2021-12-20,8850.0,28평(94.32)"
        },
        {
            "index":554,
            "아파트명":"옥산한울2차",
            "투자타입":"일반",
            "전용면적(m2)":"81.92",
            "전용면적(평)":"24평",
            "법정동주소":"충청북도 청주시 흥덕구 옥산면 오산리 247-1",
            "도로명주소":"충청북도 청주시 흥덕구 오산5길 13",
            "세대수":0,
            "입주년차":0,
            "용적률점수":"--",
            "건폐율점수":"--",
            "세대당주차수":0,
            "난방방식":30,
            "공급면적":"--",
            "전용률":"--",
            "욕실수":50,
            "현관타입":10,
            "주거총점":9.0,
            "지역구공급총점":0.0,
            "역세권":"NA",
            "30분내 이동가능 거점":"NA",
            "1시간내 이동가능 거점":"NA",
            "교통총점":"NA",
            "백화점":0,
            "아울렛몰":0,
            "대형마트":0,
            "은행":0,
            "병원":10,
            "종합병원":0,
            "공원":100,
            "혐오시설":0,
            "인프라총점":4.0,
            "초등학군":83.24,
            "중학군":35.88,
            "학군총점":45.352,
            "인구수":30.77,
            "인구증감":4.59,
            "인구총점":22.916,
            "일자리":9.7,
            "소득수준":60.34,
            "일자리총점":24.892,
            "가치 총점":16.088,
            "매매실거래년":20211230.0,
            "매매실거래가":6000.0,
            "전세실거래년":20210714.0,
            "전세실거래가":5000.0,
            "전세가율":83.33,
            "장기전세가율평균":74.66,
            "전세가율거품지수":-8.67,
            "검색코드":15385,
            "세대수":212.0,
            "준공년월":"1994-07-09",
            "준공년차":29.0,
            "가까운역이름":"NA",
            "가까운역거리":"NA",
            "역세권여부":"NA",
            "30분이내주요거점역":"NA",
            "1시간이내주요거점역":"NA",
            "3km이내백화점수":0,
            "5km이내아울렛몰수":0,
            "1km이내대형먀트수":0,
            "500m이내은행수":0,
            "500m이내병원수":2,
            "5km이내대형병원수":0,
            "500m이내공원수":3,
            "3km이내혐오시설수":0,
            "초등학교학업성취도":83.24,
            "중학교학업성취도":59.2,
            "용적률":277,
            "건폐율":24,
            "Y":36.665462,
            "X":127.369868,
            "rank":139.0,
            "area_info":"24평(81.92), 24평(82.16)",
            "last_sales":"2021-12-30,6000.0,24평(81.92)"
        }
    ]
}