{
    "schema":{
        "fields":[
            {
                "name":"index",
                "type":"integer"
            },
            {
                "name":"아파트명",
                "type":"string"
            },
            {
                "name":"투자타입",
                "type":"string"
            },
            {
                "name":"전용면적(m2)",
                "type":"string"
            },
            {
                "name":"전용면적(평)",
                "type":"string"
            },
            {
                "name":"법정동주소",
                "type":"string"
            },
            {
                "name":"도로명주소",
                "type":"string"
            },
            {
                "name":"세대수",
                "type":"integer"
            },
            {
                "name":"입주년차",
                "type":"string"
            },
            {
                "name":"용적률점수",
                "type":"string"
            },
            {
                "name":"건폐율점수",
                "type":"string"
            },
            {
                "name":"세대당주차수",
                "type":"string"
            },
            {
                "name":"난방방식",
                "type":"string"
            },
            {
                "name":"공급면적",
                "type":"string"
            },
            {
                "name":"전용률",
                "type":"string"
            },
            {
                "name":"욕실수",
                "type":"string"
            },
            {
                "name":"현관타입",
                "type":"string"
            },
            {
                "name":"주거총점",
                "type":"number"
            },
            {
                "name":"지역구공급총점",
                "type":"number"
            },
            {
                "name":"역세권",
                "type":"string"
            },
            {
                "name":"30분내 이동가능 거점",
                "type":"string"
            },
            {
                "name":"1시간내 이동가능 거점",
                "type":"string"
            },
            {
                "name":"교통총점",
                "type":"string"
            },
            {
                "name":"백화점",
                "type":"integer"
            },
            {
                "name":"아울렛몰",
                "type":"integer"
            },
            {
                "name":"대형마트",
                "type":"integer"
            },
            {
                "name":"은행",
                "type":"integer"
            },
            {
                "name":"병원",
                "type":"integer"
            },
            {
                "name":"종합병원",
                "type":"integer"
            },
            {
                "name":"공원",
                "type":"integer"
            },
            {
                "name":"혐오시설",
                "type":"integer"
            },
            {
                "name":"인프라총점",
                "type":"number"
            },
            {
                "name":"초등학군",
                "type":"number"
            },
            {
                "name":"중학군",
                "type":"number"
            },
            {
                "name":"학군총점",
                "type":"number"
            },
            {
                "name":"인구수",
                "type":"number"
            },
            {
                "name":"인구증감",
                "type":"number"
            },
            {
                "name":"인구총점",
                "type":"number"
            },
            {
                "name":"일자리",
                "type":"number"
            },
            {
                "name":"소득수준",
                "type":"number"
            },
            {
                "name":"일자리총점",
                "type":"number"
            },
            {
                "name":"가치 총점",
                "type":"number"
            },
            {
                "name":"매매실거래년",
                "type":"string"
            },
            {
                "name":"매매실거래가",
                "type":"number"
            },
            {
                "name":"전세실거래년",
                "type":"number"
            },
            {
                "name":"전세실거래가",
                "type":"number"
            },
            {
                "name":"전세가율",
                "type":"number"
            },
            {
                "name":"장기전세가율평균",
                "type":"number"
            },
            {
                "name":"전세가율거품지수",
                "type":"number"
            },
            {
                "name":"검색코드",
                "type":"integer"
            },
            {
                "name":"세대수",
                "type":"number"
            },
            {
                "name":"준공년월",
                "type":"string"
            },
            {
                "name":"준공년차",
                "type":"number"
            },
            {
                "name":"가까운역이름",
                "type":"string"
            },
            {
                "name":"가까운역거리",
                "type":"string"
            },
            {
                "name":"역세권여부",
                "type":"string"
            },
            {
                "name":"30분이내주요거점역",
                "type":"string"
            },
            {
                "name":"1시간이내주요거점역",
                "type":"string"
            },
            {
                "name":"3km이내백화점수",
                "type":"integer"
            },
            {
                "name":"5km이내아울렛몰수",
                "type":"integer"
            },
            {
                "name":"1km이내대형먀트수",
                "type":"integer"
            },
            {
                "name":"500m이내은행수",
                "type":"integer"
            },
            {
                "name":"500m이내병원수",
                "type":"integer"
            },
            {
                "name":"5km이내대형병원수",
                "type":"integer"
            },
            {
                "name":"500m이내공원수",
                "type":"integer"
            },
            {
                "name":"3km이내혐오시설수",
                "type":"integer"
            },
            {
                "name":"초등학교학업성취도",
                "type":"number"
            },
            {
                "name":"중학교학업성취도",
                "type":"number"
            },
            {
                "name":"용적률",
                "type":"integer"
            },
            {
                "name":"건폐율",
                "type":"integer"
            },
            {
                "name":"Y",
                "type":"number"
            },
            {
                "name":"X",
                "type":"number"
            },
            {
                "name":"rank",
                "type":"number"
            },
            {
                "name":"area_info",
                "type":"string"
            },
            {
                "name":"last_sales",
                "type":"string"
            }
        ],
        "primaryKey":[
            "index"
        ],
        "pandas_version":"1.4.0"
    },
    "data":[
        {
            "index":181,
            "아파트명":"하소주공1단지",
            "투자타입":"재건축",
            "전용면적(m2)":"49.91",
            "전용면적(평)":"15평",
            "법정동주소":"충청북도 제천시 하소동 82",
            "도로명주소":"충청북도 제천시 용두대로15길 11",
            "세대수":50,
            "입주년차":"--",
            "용적률점수":100,
            "건폐율점수":100,
            "세대당주차수":"--",
            "난방방식":"--",
            "공급면적":50,
            "전용률":80,
            "욕실수":"--",
            "현관타입":"--",
            "주거총점":81.5,
            "지역구공급총점":100.0,
            "역세권":"NA",
            "30분내 이동가능 거점":"NA",
            "1시간내 이동가능 거점":"NA",
            "교통총점":"NA",
            "백화점":0,
            "아울렛몰":0,
            "대형마트":100,
            "은행":0,
            "병원":60,
            "종합병원":100,
            "공원":100,
            "혐오시설":0,
            "인프라총점":44.0,
            "초등학군":92.14,
            "중학군":40.62,
            "학군총점":50.924,
            "인구수":14.27,
            "인구증감":-1.01,
            "인구총점":9.686,
            "일자리":6.8,
            "소득수준":53.84,
            "일자리총점":20.912,
            "가치 총점":58.856,
            "매매실거래년":20211227.0,
            "매매실거래가":8400.0,
            "전세실거래년":20211117.0,
            "전세실거래가":6500.0,
            "전세가율":77.38,
            "장기전세가율평균":71.02,
            "전세가율거품지수":-6.36,
            "검색코드":6972,
            "세대수":420.0,
            "준공년월":"1989-10-15",
            "준공년차":34.0,
            "가까운역이름":"NA",
            "가까운역거리":"NA",
            "역세권여부":"NA",
            "30분이내주요거점역":"NA",
            "1시간이내주요거점역":"NA",
            "3km이내백화점수":0,
            "5km이내아울렛몰수":0,
            "1km이내대형먀트수":3,
            "500m이내은행수":0,
            "500m이내병원수":10,
            "5km이내대형병원수":2,
            "500m이내공원수":2,
            "3km이내혐오시설수":0,
            "초등학교학업성취도":92.14,
            "중학교학업성취도":67.5,
            "용적률":88,
            "건폐율":19,
            "Y":37.13904,
            "X":128.19985,
            "rank":1.0,
            "area_info":"15평(49.91), 14평(49.48), 17평(57.57), 17평(57.93)",
            "last_sales":"2021-12-27,8400.0,15평(49.91)"
        },
        {
            "index":144,
            "아파트명":"성한",
            "투자타입":"재건축",
            "전용면적(m2)":"55.13",
            "전용면적(평)":"16평",
            "법정동주소":"충청북도 제천시 청전동 480-4",
            "도로명주소":"충청북도 제천시 명륜로2길 12",
            "세대수":0,
            "입주년차":"--",
            "용적률점수":100,
            "건폐율점수":80,
            "세대당주차수":"--",
            "난방방식":"--",
            "공급면적":50,
            "전용률":80,
            "욕실수":"--",
            "현관타입":"--",
            "주거총점":62.5,
            "지역구공급총점":100.0,
            "역세권":"NA",
            "30분내 이동가능 거점":"NA",
            "1시간내 이동가능 거점":"NA",
            "교통총점":"NA",
            "백화점":0,
            "아울렛몰":0,
            "대형마트":100,
            "은행":0,
            "병원":30,
            "종합병원":100,
            "공원":100,
            "혐오시설":0,
            "인프라총점":41.0,
            "초등학군":92.14,
            "중학군":49.54,
            "학군총점":58.06,
            "인구수":14.27,
            "인구증감":-1.01,
            "인구총점":9.686,
            "일자리":6.8,
            "소득수준":53.84,
            "일자리총점":20.912,
            "가치 총점":52.79,
            "매매실거래년":20211224.0,
            "매매실거래가":4110.0,
            "전세실거래년":20210528.0,
            "전세실거래가":3500.0,
            "전세가율":85.16,
            "장기전세가율평균":71.02,
            "전세가율거품지수":-14.14,
            "검색코드":15359,
            "세대수":270.0,
            "준공년월":"1991-04-15",
            "준공년차":32.0,
            "가까운역이름":"NA",
            "가까운역거리":"NA",
            "역세권여부":"NA",
            "30분이내주요거점역":"NA",
            "1시간이내주요거점역":"NA",
            "3km이내백화점수":0,
            "5km이내아울렛몰수":0,
            "1km이내대형먀트수":3,
            "500m이내은행수":1,
            "500m이내병원수":9,
            "5km이내대형병원수":2,
            "500m이내공원수":3,
            "3km이내혐오시설수":0,
            "초등학교학업성취도":92.14,
            "중학교학업성취도":82.3,
            "용적률":112,
            "건폐율":23,
            "Y":37.143381,
            "X":128.202312,
            "rank":2.0,
            "area_info":"16평(55.13), 19평(64.28)",
            "last_sales":"2021-12-24,4110.0,16평(55.13)"
        },
        {
            "index":156,
            "아파트명":"청전주공1차",
            "투자타입":"재건축",
            "전용면적(m2)":"41.99",
            "전용면적(평)":"12평",
            "법정동주소":"충청북도 제천시 청전동 4",
            "도로명주소":"충청북도 제천시 청전대로15길 70",
            "세대수":50,
            "입주년차":"--",
            "용적률점수":100,
            "건폐율점수":100,
            "세대당주차수":"--",
            "난방방식":"--",
            "공급면적":50,
            "전용률":100,
            "욕실수":"--",
            "현관타입":"--",
            "주거총점":82.5,
            "지역구공급총점":100.0,
            "역세권":"NA",
            "30분내 이동가능 거점":"NA",
            "1시간내 이동가능 거점":"NA",
            "교통총점":"NA",
            "백화점":0,
            "아울렛몰":0,
            "대형마트":0,
            "은행":0,
            "병원":0,
            "종합병원":100,
            "공원":100,
            "혐오시설":0,
            "인프라총점":23.0,
            "초등학군":91.87,
            "중학군":48.96,
            "학군총점":57.542,
            "인구수":14.27,
            "인구증감":-1.01,
            "인구총점":9.686,
            "일자리":6.8,
            "소득수준":53.84,
            "일자리총점":20.912,
            "가치 총점":52.4605,
            "매매실거래년":20220111.0,
            "매매실거래가":7400.0,
            "전세실거래년":20211014.0,
            "전세실거래가":3800.0,
            "전세가율":51.35,
            "장기전세가율평균":71.02,
            "전세가율거품지수":19.67,
            "검색코드":6965,
            "세대수":640.0,
            "준공년월":"1980-11-08",
            "준공년차":43.0,
            "가까운역이름":"NA",
            "가까운역거리":"NA",
            "역세권여부":"NA",
            "30분이내주요거점역":"NA",
            "1시간이내주요거점역":"NA",
            "3km이내백화점수":0,
            "5km이내아울렛몰수":0,
            "1km이내대형먀트수":0,
            "500m이내은행수":0,
            "500m이내병원수":1,
            "5km이내대형병원수":2,
            "500m이내공원수":3,
            "3km이내혐오시설수":0,
            "초등학교학업성취도":91.87,
            "중학교학업성취도":81.6,
            "용적률":82,
            "건폐율":17,
            "Y":37.158731,
            "X":128.213538,
            "rank":3.0,
            "area_info":"12평(41.99), 12평(41.56), 12평(41.98), 12평(42.54), 12평(42.11), 14평(47.57), 15평(52.37), 15평(52.73), 16평(54.77), 19평(65.99)",
            "last_sales":"2022-01-11,7400.0,12평(41.99)"
        },
        {
            "index":22,
            "아파트명":"고암주공",
            "투자타입":"재건축",
            "전용면적(m2)":"43.92",
            "전용면적(평)":"13평",
            "법정동주소":"충청북도 제천시 고암동 1250",
            "도로명주소":"충청북도 제천시 고암로14길 13",
            "세대수":50,
            "입주년차":"--",
            "용적률점수":100,
            "건폐율점수":100,
            "세대당주차수":"--",
            "난방방식":"--",
            "공급면적":50,
            "전용률":80,
            "욕실수":"--",
            "현관타입":"--",
            "주거총점":81.5,
            "지역구공급총점":100.0,
            "역세권":"NA",
            "30분내 이동가능 거점":"NA",
            "1시간내 이동가능 거점":"NA",
            "교통총점":"NA",
            "백화점":0,
            "아울렛몰":0,
            "대형마트":0,
            "은행":0,
            "병원":0,
            "종합병원":100,
            "공원":100,
            "혐오시설":0,
            "인프라총점":23.0,
            "초등학군":91.87,
            "중학군":48.96,
            "학군총점":57.542,
            "인구수":14.27,
            "인구증감":-1.01,
            "인구총점":9.686,
            "일자리":6.8,
            "소득수준":53.84,
            "일자리총점":20.912,
            "가치 총점":52.1105,
            "매매실거래년":20220104.0,
            "매매실거래가":5000.0,
            "전세실거래년":20210929.0,
            "전세실거래가":3000.0,
            "전세가율":61.22,
            "장기전세가율평균":71.02,
            "전세가율거품지수":9.8,
            "검색코드":15337,
            "세대수":500.0,
            "준공년월":"1986-02-04",
            "준공년차":37.0,
            "가까운역이름":"NA",
            "가까운역거리":"NA",
            "역세권여부":"NA",
            "30분이내주요거점역":"NA",
            "1시간이내주요거점역":"NA",
            "3km이내백화점수":0,
            "5km이내아울렛몰수":0,
            "1km이내대형먀트수":0,
            "500m이내은행수":0,
            "500m이내병원수":1,
            "5km이내대형병원수":2,
            "500m이내공원수":3,
            "3km이내혐오시설수":0,
            "초등학교학업성취도":91.87,
            "중학교학업성취도":81.6,
            "용적률":74,
            "건폐율":17,
            "Y":37.157973,
            "X":128.216154,
            "rank":4.0,
            "area_info":"13평(43.92), 13평(45.12), 15평(52.65), 15평(52.5), 15평(52.14)",
            "last_sales":"2022-01-04,5000.0,13평(45.12)"
        },
        {
            "index":77,
            "아파트명":"화성2차",
            "투자타입":"재건축",
            "전용면적(m2)":"59.09",
            "전용면적(평)":"17평",
            "법정동주소":"충청북도 제천시 신백동 198-3",
            "도로명주소":"충청북도 제천시 신백로14길 21",
            "세대수":50,
            "입주년차":"--",
            "용적률점수":100,
            "건폐율점수":60,
            "세대당주차수":"--",
            "난방방식":"--",
            "공급면적":50,
            "전용률":60,
            "욕실수":"--",
            "현관타입":"--",
            "주거총점":72.5,
            "지역구공급총점":100.0,
            "역세권":"NA",
            "30분내 이동가능 거점":"NA",
            "1시간내 이동가능 거점":"NA",
            "교통총점":"NA",
            "백화점":0,
            "아울렛몰":0,
            "대형마트":80,
            "은행":0,
            "병원":10,
            "종합병원":100,
            "공원":0,
            "혐오시설":0,
            "인프라총점":33.0,
            "초등학군":91.38,
            "중학군":42.0,
            "학군총점":51.876,
            "인구수":14.27,
            "인구증감":-1.01,
            "인구총점":9.686,
            "일자리":6.8,
            "소득수준":53.84,
            "일자리총점":20.912,
            "가치 총점":51.544,
            "매매실거래년":20201203.0,
            "매매실거래가":3500.0,
            "전세실거래년":20200912.0,
            "전세실거래가":4000.0,
            "전세가율":137.93,
            "장기전세가율평균":71.02,
            "전세가율거품지수":-66.91,
            "검색코드":15350,
            "세대수":420.0,
            "준공년월":"1992-02-01",
            "준공년차":31.0,
            "가까운역이름":"NA",
            "가까운역거리":"NA",
            "역세권여부":"NA",
            "30분이내주요거점역":"NA",
            "1시간이내주요거점역":"NA",
            "3km이내백화점수":0,
            "5km이내아울렛몰수":0,
            "1km이내대형먀트수":1,
            "500m이내은행수":0,
            "500m이내병원수":3,
            "5km이내대형병원수":2,
            "500m이내공원수":0,
            "3km이내혐오시설수":0,
            "초등학교학업성취도":91.38,
            "중학교학업성취도":70.0,
            "용적률":144,
            "건폐율":33,
            "Y":37.131107,
            "X":128.227333,
            "rank":5.0,
            "area_info":"17평(59.09), 18평(61.75), 24평(79.59)",
            "last_sales":"2020-12-03,3500.0,18평(61.75)"
        },
        {
            "index":166,
            "아파트명":"청전주공2차",
            "투자타입":"재건축",
            "전용면적(m2)":"49.68",
            "전용면적(평)":"15평",
            "법정동주소":"충청북도 제천시 청전동 646",
            "도로명주소":"충청북도 제천시 고암로 22",
            "세대수":30,
            "입주년차":"--",
            "용적률점수":100,
            "건폐율점수":100,
            "세대당주차수":"--",
            "난방방식":"--",
            "공급면적":50,
            "전용률":80,
            "욕실수":"--",
            "현관타입":"--",
            "주거총점":75.5,
            "지역구공급총점":100.0,
            "역세권":"NA",
            "30분내 이동가능 거점":"NA",
            "1시간내 이동가능 거점":"NA",
            "교통총점":"NA",
            "백화점":0,
            "아울렛몰":0,
            "대형마트":0,
            "은행":0,
            "병원":30,
            "종합병원":100,
            "공원":100,
            "혐오시설":0,
            "인프라총점":26.0,
            "초등학군":91.87,
            "중학군":48.96,
            "학군총점":57.542,
            "인구수":14.27,
            "인구증감":-1.01,
            "인구총점":9.686,
            "일자리":6.8,
            "소득수준":53.84,
            "일자리총점":20.912,
            "가치 총점":51.2105,
            "매매실거래년":20220107.0,
            "매매실거래가":3200.0,
            "전세실거래년":20210802.0,
            "전세실거래가":4000.0,
            "전세가율":125.0,
            "장기전세가율평균":71.02,
            "전세가율거품지수":-53.98,
            "검색코드":6968,
            "세대수":360.0,
            "준공년월":"1991-11-09",
            "준공년차":32.0,
            "가까운역이름":"NA",
            "가까운역거리":"NA",
            "역세권여부":"NA",
            "30분이내주요거점역":"NA",
            "1시간이내주요거점역":"NA",
            "3km이내백화점수":0,
            "5km이내아울렛몰수":0,
            "1km이내대형먀트수":0,
            "500m이내은행수":0,
            "500m이내병원수":7,
            "5km이내대형병원수":2,
            "500m이내공원수":2,
            "3km이내혐오시설수":0,
            "초등학교학업성취도":91.87,
            "중학교학업성취도":81.6,
            "용적률":107,
            "건폐율":19,
            "Y":37.15462,
            "X":128.216618,
            "rank":6.0,
            "area_info":"15평(49.68), 14평(49.26), 17평(57.59), 17평(57.23)",
            "last_sales":"2022-01-07,3200.0,15평(49.68)"
        },
        {
            "index":174,
            "아파트명":"제천그린코아루",
            "투자타입":"일반",
            "전용면적(m2)":"109.1",
            "전용면적(평)":"33평",
            "법정동주소":"충청북도 제천시 하소동 198",
            "도로명주소":"충청북도 제천시 용두대로7길 25",
            "세대수":80,
            "입주년차":40,
            "용적률점수":"--",
            "건폐율점수":"--",
            "세대당주차수":60,
            "난방방식":30,
            "공급면적":"--",
            "전용률":"--",
            "욕실수":100,
            "현관타입":100,
            "주거총점":68.0,
            "지역구공급총점":100.0,
            "역세권":"NA",
            "30분내 이동가능 거점":"NA",
            "1시간내 이동가능 거점":"NA",
            "교통총점":"NA",
            "백화점":0,
            "아울렛몰":0,
            "대형마트":80,
            "은행":0,
            "병원":0,
            "종합병원":100,
            "공원":100,
            "혐오시설":0,
            "인프라총점":35.0,
            "초등학군":89.73,
            "중학군":40.62,
            "학군총점":50.442,
            "인구수":14.27,
            "인구증감":-1.01,
            "인구총점":9.686,
            "일자리":6.8,
            "소득수준":53.84,
            "일자리총점":20.912,
            "가치 총점":50.4105,
            "매매실거래년":20211214.0,
            "매매실거래가":26500.0,
            "전세실거래년":20210603.0,
            "전세실거래가":20000.0,
            "전세가율":75.47,
            "장기전세가율평균":71.02,
            "전세가율거품지수":-4.45,
            "검색코드":23592,
            "세대수":702.0,
            "준공년월":"2007-03-27",
            "준공년차":16.0,
            "가까운역이름":"NA",
            "가까운역거리":"NA",
            "역세권여부":"NA",
            "30분이내주요거점역":"NA",
            "1시간이내주요거점역":"NA",
            "3km이내백화점수":0,
            "5km이내아울렛몰수":0,
            "1km이내대형먀트수":1,
            "500m이내은행수":0,
            "500m이내병원수":0,
            "5km이내대형병원수":2,
            "500m이내공원수":4,
            "3km이내혐오시설수":0,
            "초등학교학업성취도":89.73,
            "중학교학업성취도":67.5,
            "용적률":195,
            "건폐율":19,
            "Y":37.13459,
            "X":128.19619,
            "rank":7.0,
            "area_info":"33평(109.1), 43평(144.93), 52평(172.5), 59평(196.01)",
            "last_sales":"2021-12-14,26500.0,33평(109.1)"
        },
        {
            "index":170,
            "아파트명":"청전현대",
            "투자타입":"재건축",
            "전용면적(m2)":"87.88",
            "전용면적(평)":"26평",
            "법정동주소":"충청북도 제천시 청전동 72",
            "도로명주소":"충청북도 제천시 용두천로 235",
            "세대수":50,
            "입주년차":"--",
            "용적률점수":80,
            "건폐율점수":100,
            "세대당주차수":"--",
            "난방방식":"--",
            "공급면적":70,
            "전용률":80,
            "욕실수":"--",
            "현관타입":"--",
            "주거총점":74.5,
            "지역구공급총점":100.0,
            "역세권":"NA",
            "30분내 이동가능 거점":"NA",
            "1시간내 이동가능 거점":"NA",
            "교통총점":"NA",
            "백화점":0,
            "아울렛몰":0,
            "대형마트":0,
            "은행":0,
            "병원":60,
            "종합병원":100,
            "공원":100,
            "혐오시설":0,
            "인프라총점":29.0,
            "초등학군":91.87,
            "중학군":37.8,
            "학군총점":48.614,
            "인구수":14.27,
            "인구증감":-1.01,
            "인구총점":9.686,
            "일자리":6.8,
            "소득수준":53.84,
            "일자리총점":20.912,
            "가치 총점":49.8285,
            "매매실거래년":20211110.0,
            "매매실거래가":17500.0,
            "전세실거래년":null,
            "전세실거래가":null,
            "전세가율":null,
            "장기전세가율평균":71.02,
            "전세가율거품지수":null,
            "검색코드":6970,
            "세대수":591.0,
            "준공년월":"1990-12-24",
            "준공년차":33.0,
            "가까운역이름":"NA",
            "가까운역거리":"NA",
            "역세권여부":"NA",
            "30분이내주요거점역":"NA",
            "1시간이내주요거점역":"NA",
            "3km이내백화점수":0,
            "5km이내아울렛몰수":0,
            "1km이내대형먀트수":0,
            "500m이내은행수":1,
            "500m이내병원수":14,
            "5km이내대형병원수":2,
            "500m이내공원수":2,
            "3km이내혐오시설수":0,
            "초등학교학업성취도":91.87,
            "중학교학업성취도":63.0,
            "용적률":177,
            "건폐율":17,
            "Y":37.148173,
            "X":128.218378,
            "rank":8.0,
            "area_info":"26평(87.88), 27평(90.26), 31평(104.89), 39평(131.24)",
            "last_sales":"2021-11-10,17500.0,39평(131.24)"
        },
        {
            "index":75,
            "아파트명":"화성1차",
            "투자타입":"재건축",
            "전용면적(m2)":"46.8",
            "전용면적(평)":"14평",
            "법정동주소":"충청북도 제천시 신백동 201-1",
            "도로명주소":"충청북도 제천시 신백로12길 20",
            "세대수":0,
            "입주년차":"--",
            "용적률점수":100,
            "건폐율점수":80,
            "세대당주차수":"--",
            "난방방식":"--",
            "공급면적":50,
            "전용률":80,
            "욕실수":"--",
            "현관타입":"--",
            "주거총점":62.5,
            "지역구공급총점":100.0,
            "역세권":"NA",
            "30분내 이동가능 거점":"NA",
            "1시간내 이동가능 거점":"NA",
            "교통총점":"NA",
            "백화점":0,
            "아울렛몰":0,
            "대형마트":80,
            "은행":0,
            "병원":10,
            "종합병원":100,
            "공원":0,
            "혐오시설":0,
            "인프라총점":33.0,
            "초등학군":91.38,
            "중학군":42.0,
            "학군총점":51.876,
            "인구수":14.27,
            "인구증감":-1.01,
            "인구총점":9.686,
            "일자리":6.8,
            "소득수준":53.84,
            "일자리총점":20.912,
            "가치 총점":48.044,
            "매매실거래년":20211226.0,
            "매매실거래가":4900.0,
            "전세실거래년":20190611.0,
            "전세실거래가":2500.0,
            "전세가율":66.67,
            "장기전세가율평균":71.02,
            "전세가율거품지수":4.35,
            "검색코드":15348,
            "세대수":226.0,
            "준공년월":"1988-08-25",
            "준공년차":35.0,
            "가까운역이름":"NA",
            "가까운역거리":"NA",
            "역세권여부":"NA",
            "30분이내주요거점역":"NA",
            "1시간이내주요거점역":"NA",
            "3km이내백화점수":0,
            "5km이내아울렛몰수":0,
            "1km이내대형먀트수":1,
            "500m이내은행수":0,
            "500m이내병원수":3,
            "5km이내대형병원수":2,
            "500m이내공원수":0,
            "3km이내혐오시설수":0,
            "초등학교학업성취도":91.38,
            "중학교학업성취도":70.0,
            "용적률":86,
            "건폐율":21,
            "Y":37.131226,
            "X":128.22632,
            "rank":9.0,
            "area_info":"14평(46.8), 15평(50.4)",
            "last_sales":"2021-12-26,4900.0,15평(50.4)"
        },
        {
            "index":95,
            "아파트명":"신안실크밸리스카이시티",
            "투자타입":"일반",
            "전용면적(m2)":"87.1",
            "전용면적(평)":"26평",
            "법정동주소":"충청북도 제천시 장락동 1050",
            "도로명주소":"충청북도 제천시 내토로59길 31",
            "세대수":50,
            "입주년차":80,
            "용적률점수":"--",
            "건폐율점수":"--",
            "세대당주차수":80,
            "난방방식":30,
            "공급면적":"--",
            "전용률":"--",
            "욕실수":100,
            "현관타입":100,
            "주거총점":68.5,
            "지역구공급총점":100.0,
            "역세권":"NA",
            "30분내 이동가능 거점":"NA",
            "1시간내 이동가능 거점":"NA",
            "교통총점":"NA",
            "백화점":0,
            "아울렛몰":0,
            "대형마트":0,
            "은행":0,
            "병원":10,
            "종합병원":100,
            "공원":100,
            "혐오시설":0,
            "인프라총점":24.0,
            "초등학군":90.41,
            "중학군":48.96,
            "학군총점":57.25,
            "인구수":14.27,
            "인구증감":-1.01,
            "인구총점":9.686,
            "일자리":6.8,
            "소득수준":53.84,
            "일자리총점":20.912,
            "가치 총점":47.8875,
            "매매실거래년":20211228.0,
            "매매실거래가":26500.0,
            "전세실거래년":20220110.0,
            "전세실거래가":9330.0,
            "전세가율":40.83,
            "장기전세가율평균":71.02,
            "전세가율거품지수":30.19,
            "검색코드":107718,
            "세대수":542.0,
            "준공년월":"2017-07-03",
            "준공년차":6.0,
            "가까운역이름":"NA",
            "가까운역거리":"NA",
            "역세권여부":"NA",
            "30분이내주요거점역":"NA",
            "1시간이내주요거점역":"NA",
            "3km이내백화점수":0,
            "5km이내아울렛몰수":0,
            "1km이내대형먀트수":0,
            "500m이내은행수":0,
            "500m이내병원수":4,
            "5km이내대형병원수":2,
            "500m이내공원수":3,
            "3km이내혐오시설수":0,
            "초등학교학업성취도":90.41,
            "중학교학업성취도":81.6,
            "용적률":574,
            "건폐율":75,
            "Y":37.152912,
            "X":128.223739,
            "rank":10.0,
            "area_info":"26평(87.1), 27평(91.88), 28평(92.75), 28평(92.91), 33평(111.89), 36평(120.9)",
            "last_sales":"2021-12-28,26500.0,28평(92.91)"
        },
        {
            "index":82,
            "아파트명":"왕암코아루드림",
            "투자타입":"일반",
            "전용면적(m2)":"83.1",
            "전용면적(평)":"25평",
            "법정동주소":"충청북도 제천시 왕암동 779",
            "도로명주소":"충청북도 제천시 바이오밸리로 171",
            "세대수":80,
            "입주년차":80,
            "용적률점수":"--",
            "건폐율점수":"--",
            "세대당주차수":30,
            "난방방식":30,
            "공급면적":"--",
            "전용률":"--",
            "욕실수":100,
            "현관타입":100,
            "주거총점":71.5,
            "지역구공급총점":100.0,
            "역세권":"NA",
            "30분내 이동가능 거점":"NA",
            "1시간내 이동가능 거점":"NA",
            "교통총점":"NA",
            "백화점":0,
            "아울렛몰":0,
            "대형마트":0,
            "은행":0,
            "병원":0,
            "종합병원":80,
            "공원":100,
            "혐오시설":0,
            "인프라총점":19.0,
            "초등학군":91.11,
            "중학군":49.54,
            "학군총점":57.854,
            "인구수":14.27,
            "인구증감":-1.01,
            "인구총점":9.686,
            "일자리":6.8,
            "소득수준":53.84,
            "일자리총점":20.912,
            "가치 총점":47.0885,
            "매매실거래년":20220103.0,
            "매매실거래가":19000.0,
            "전세실거래년":20211206.0,
            "전세실거래가":5712.0,
            "전세가율":30.06,
            "장기전세가율평균":71.02,
            "전세가율거품지수":40.96,
            "검색코드":115011,
            "세대수":749.0,
            "준공년월":"2018-04-26",
            "준공년차":5.0,
            "가까운역이름":"NA",
            "가까운역거리":"NA",
            "역세권여부":"NA",
            "30분이내주요거점역":"NA",
            "1시간이내주요거점역":"NA",
            "3km이내백화점수":0,
            "5km이내아울렛몰수":0,
            "1km이내대형먀트수":0,
            "500m이내은행수":0,
            "500m이내병원수":0,
            "5km이내대형병원수":1,
            "500m이내공원수":3,
            "3km이내혐오시설수":0,
            "초등학교학업성취도":91.11,
            "중학교학업성취도":82.3,
            "용적률":142,
            "건폐율":16,
            "Y":37.155211,
            "X":128.168794,
            "rank":11.0,
            "area_info":"25평(83.1), 25평(83.1), 25평(83.56), 27평(90.65), 27평(91.88)",
            "last_sales":"2022-01-03,19000.0,25평(83.1)"
        },
        {
            "index":146,
            "아파트명":"시영",
            "투자타입":"재건축",
            "전용면적(m2)":"57.16",
            "전용면적(평)":"17평",
            "법정동주소":"충청북도 제천시 청전동 4-16",
            "도로명주소":"충청북도 제천시 고암로13길 12",
            "세대수":0,
            "입주년차":"--",
            "용적률점수":100,
            "건폐율점수":100,
            "세대당주차수":"--",
            "난방방식":"--",
            "공급면적":50,
            "전용률":80,
            "욕실수":"--",
            "현관타입":"--",
            "주거총점":66.5,
            "지역구공급총점":100.0,
            "역세권":"NA",
            "30분내 이동가능 거점":"NA",
            "1시간내 이동가능 거점":"NA",
            "교통총점":"NA",
            "백화점":0,
            "아울렛몰":0,
            "대형마트":0,
            "은행":0,
            "병원":0,
            "종합병원":100,
            "공원":100,
            "혐오시설":0,
            "인프라총점":23.0,
            "초등학군":91.87,
            "중학군":48.96,
            "학군총점":57.542,
            "인구수":14.27,
            "인구증감":-1.01,
            "인구총점":9.686,
            "일자리":6.8,
            "소득수준":53.84,
            "일자리총점":20.912,
            "가치 총점":46.8605,
            "매매실거래년":20211225.0,
            "매매실거래가":7600.0,
            "전세실거래년":20210630.0,
            "전세실거래가":2000.0,
            "전세가율":26.32,
            "장기전세가율평균":71.02,
            "전세가율거품지수":44.7,
            "검색코드":15361,
            "세대수":100.0,
            "준공년월":"1982-07-27",
            "준공년차":41.0,
            "가까운역이름":"NA",
            "가까운역거리":"NA",
            "역세권여부":"NA",
            "30분이내주요거점역":"NA",
            "1시간이내주요거점역":"NA",
            "3km이내백화점수":0,
            "5km이내아울렛몰수":0,
            "1km이내대형먀트수":0,
            "500m이내은행수":0,
            "500m이내병원수":1,
            "5km이내대형병원수":2,
            "500m이내공원수":3,
            "3km이내혐오시설수":0,
            "초등학교학업성취도":91.87,
            "중학교학업성취도":81.6,
            "용적률":98,
            "건폐율":19,
            "Y":37.157589,
            "X":128.214127,
            "rank":12.0,
            "area_info":"17평(57.16)",
            "last_sales":"2021-12-25,7600.0,17평(57.16)"
        },
        {
            "index":129,
            "아파트명":"제천신원아침도시더퍼스트",
            "투자타입":"일반",
            "전용면적(m2)":"79.49",
            "전용면적(평)":"24평",
            "법정동주소":"충청북도 제천시 천남동 493",
            "도로명주소":"충청북도 제천시 원뜰로 25",
            "세대수":50,
            "입주년차":100,
            "용적률점수":"--",
            "건폐율점수":"--",
            "세대당주차수":30,
            "난방방식":30,
            "공급면적":"--",
            "전용률":"--",
            "욕실수":100,
            "현관타입":100,
            "주거총점":65.0,
            "지역구공급총점":100.0,
            "역세권":"NA",
            "30분내 이동가능 거점":"NA",
            "1시간내 이동가능 거점":"NA",
            "교통총점":"NA",
            "백화점":0,
            "아울렛몰":0,
            "대형마트":0,
            "은행":0,
            "병원":0,
            "종합병원":100,
            "공원":100,
            "혐오시설":0,
            "인프라총점":23.0,
            "초등학군":89.73,
            "중학군":49.54,
            "학군총점":57.578,
            "인구수":14.27,
            "인구증감":-1.01,
            "인구총점":9.686,
            "일자리":6.8,
            "소득수준":53.84,
            "일자리총점":20.912,
            "가치 총점":46.3445,
            "매매실거래년":20211227.0,
            "매매실거래가":23800.0,
            "전세실거래년":20211012.0,
            "전세실거래가":16000.0,
            "전세가율":67.23,
            "장기전세가율평균":71.02,
            "전세가율거품지수":3.79,
            "검색코드":115012,
            "세대수":492.0,
            "준공년월":"2020-01-10",
            "준공년차":3.0,
            "가까운역이름":"NA",
            "가까운역거리":"NA",
            "역세권여부":"NA",
            "30분이내주요거점역":"NA",
            "1시간이내주요거점역":"NA",
            "3km이내백화점수":0,
            "5km이내아울렛몰수":0,
            "1km이내대형먀트수":0,
            "500m이내은행수":1,
            "500m이내병원수":0,
            "5km이내대형병원수":2,
            "500m이내공원수":3,
            "3km이내혐오시설수":0,
            "초등학교학업성취도":89.73,
            "중학교학업성취도":82.3,
            "용적률":286,
            "건폐율":22,
            "Y":37.132239,
            "X":128.193844,
            "rank":13.0,
            "area_info":"24평(79.49), 30평(100.9), 30평(101.41), 33평(112.34), 33평(112.31)",
            "last_sales":"2021-12-27,23800.0,24평(79.49)"
        },
        {
            "index":178,
            "아파트명":"청구",
            "투자타입":"일반",
            "전용면적(m2)":"77.77",
            "전용면적(평)":"23평",
            "법정동주소":"충청북도 제천시 하소동 139",
            "도로명주소":"충청북도 제천시 용두대로15길 47",
            "세대수":50,
            "입주년차":20,
            "용적률점수":"--",
            "건폐율점수":"--",
            "세대당주차수":30,
            "난방방식":30,
            "공급면적":"--",
            "전용률":"--",
            "욕실수":50,
            "현관타입":100,
            "주거총점":44.0,
            "지역구공급총점":100.0,
            "역세권":"NA",
            "30분내 이동가능 거점":"NA",
            "1시간내 이동가능 거점":"NA",
            "교통총점":"NA",
            "백화점":0,
            "아울렛몰":0,
            "대형마트":80,
            "은행":0,
            "병원":60,
            "종합병원":100,
            "공원":80,
            "혐오시설":0,
            "인프라총점":40.4,
            "초등학군":92.14,
            "중학군":49.54,
            "학군총점":58.06,
            "인구수":14.27,
            "인구증감":-1.01,
            "인구총점":9.686,
            "일자리":6.8,
            "소득수준":53.84,
            "일자리총점":20.912,
            "가치 총점":46.075,
            "매매실거래년":20211218.0,
            "매매실거래가":19500.0,
            "전세실거래년":20210907.0,
            "전세실거래가":10000.0,
            "전세가율":71.43,
            "장기전세가율평균":71.02,
            "전세가율거품지수":-0.41,
            "검색코드":14018,
            "세대수":498.0,
            "준공년월":"2002-07-26",
            "준공년차":21.0,
            "가까운역이름":"NA",
            "가까운역거리":"NA",
            "역세권여부":"NA",
            "30분이내주요거점역":"NA",
            "1시간이내주요거점역":"NA",
            "3km이내백화점수":0,
            "5km이내아울렛몰수":0,
            "1km이내대형먀트수":1,
            "500m이내은행수":0,
            "500m이내병원수":10,
            "5km이내대형병원수":2,
            "500m이내공원수":1,
            "3km이내혐오시설수":0,
            "초등학교학업성취도":92.14,
            "중학교학업성취도":82.3,
            "용적률":181,
            "건폐율":19,
            "Y":37.13921,
            "X":128.19671,
            "rank":14.0,
            "area_info":"23평(77.77), 33평(109.18), 49평(165.1)",
            "last_sales":"2021-12-18,19500.0,33평(109.18)"
        },
        {
            "index":91,
            "아파트명":"부강타운",
            "투자타입":"재건축",
            "전용면적(m2)":"70.77",
            "전용면적(평)":"21평",
            "법정동주소":"충청북도 제천시 장락동 851",
            "도로명주소":"충청북도 제천시 청전대로 230",
            "세대수":0,
            "입주년차":"--",
            "용적률점수":100,
            "건폐율점수":80,
            "세대당주차수":"--",
            "난방방식":"--",
            "공급면적":50,
            "전용률":80,
            "욕실수":"--",
            "현관타입":"--",
            "주거총점":62.5,
            "지역구공급총점":100.0,
            "역세권":"NA",
            "30분내 이동가능 거점":"NA",
            "1시간내 이동가능 거점":"NA",
            "교통총점":"NA",
            "백화점":0,
            "아울렛몰":0,
            "대형마트":0,
            "은행":0,
            "병원":10,
            "종합병원":100,
            "공원":100,
            "혐오시설":0,
            "인프라총점":24.0,
            "초등학군":90.41,
            "중학군":48.96,
            "학군총점":57.25,
            "인구수":14.27,
            "인구증감":-1.01,
            "인구총점":9.686,
            "일자리":6.8,
            "소득수준":53.84,
            "일자리총점":20.912,
            "가치 총점":45.7875,
            "매매실거래년":"18000101",
            "매매실거래가":null,
            "전세실거래년":null,
            "전세실거래가":null,
            "전세가율":null,
            "장기전세가율평균":71.02,
            "전세가율거품지수":null,
            "검색코드":123242,
            "세대수":232.0,
            "준공년월":"1991-12-27",
            "준공년차":32.0,
            "가까운역이름":"NA",
            "가까운역거리":"NA",
            "역세권여부":"NA",
            "30분이내주요거점역":"NA",
            "1시간이내주요거점역":"NA",
            "3km이내백화점수":0,
            "5km이내아울렛몰수":0,
            "1km이내대형먀트수":0,
            "500m이내은행수":0,
            "500m이내병원수":2,
            "5km이내대형병원수":2,
            "500m이내공원수":2,
            "3km이내혐오시설수":0,
            "초등학교학업성취도":90.41,
            "중학교학업성취도":81.6,
            "용적률":91,
            "건폐율":24,
            "Y":37.151172,
            "X":128.223132,
            "rank":15.0,
            "area_info":"21평(70.77), 29평(97.77)",
            "last_sales":"1800-01-01,nan,21평(70.77)"
        },
        {
            "index":198,
            "아파트명":"서희스타힐스",
            "투자타입":"일반",
            "전용면적(m2)":"84.79",
            "전용면적(평)":"25평",
            "법정동주소":"충청북도 제천시 화산동 1009",
            "도로명주소":"충청북도 제천시 원화산로 43",
            "세대수":30,
            "입주년차":80,
            "용적률점수":"--",
            "건폐율점수":"--",
            "세대당주차수":30,
            "난방방식":30,
            "공급면적":"--",
            "전용률":"--",
            "욕실수":100,
            "현관타입":100,
            "주거총점":54.0,
            "지역구공급총점":100.0,
            "역세권":"NA",
            "30분내 이동가능 거점":"NA",
            "1시간내 이동가능 거점":"NA",
            "교통총점":"NA",
            "백화점":0,
            "아울렛몰":0,
            "대형마트":80,
            "은행":0,
            "병원":0,
            "종합병원":100,
            "공원":100,
            "혐오시설":0,
            "인프라총점":35.0,
            "초등학군":88.56,
            "중학군":40.62,
            "학군총점":50.208,
            "인구수":14.27,
            "인구증감":-1.01,
            "인구총점":9.686,
            "일자리":6.8,
            "소득수준":53.84,
            "일자리총점":20.912,
            "가치 총점":45.452,
            "매매실거래년":20211016.0,
            "매매실거래가":27500.0,
            "전세실거래년":20200213.0,
            "전세실거래가":13000.0,
            "전세가율":66.67,
            "장기전세가율평균":71.02,
            "전세가율거품지수":4.35,
            "검색코드":108835,
            "세대수":399.0,
            "준공년월":"2016-08-31",
            "준공년차":7.0,
            "가까운역이름":"NA",
            "가까운역거리":"NA",
            "역세권여부":"NA",
            "30분이내주요거점역":"NA",
            "1시간이내주요거점역":"NA",
            "3km이내백화점수":0,
            "5km이내아울렛몰수":0,
            "1km이내대형먀트수":1,
            "500m이내은행수":0,
            "500m이내병원수":0,
            "5km이내대형병원수":2,
            "500m이내공원수":2,
            "3km이내혐오시설수":0,
            "초등학교학업성취도":88.56,
            "중학교학업성취도":67.5,
            "용적률":217,
            "건폐율":25,
            "Y":37.125917,
            "X":128.212784,
            "rank":16.0,
            "area_info":"25평(84.79), 29평(95.92), 29평(96.89), 29평(97.1), 33평(109.6), 32평(109.09), 33평(109.24)",
            "last_sales":"2021-10-16,27500.0,33평(109.24)"
        },
        {
            "index":93,
            "아파트명":"수정타운",
            "투자타입":"재건축",
            "전용면적(m2)":"62.09",
            "전용면적(평)":"18평",
            "법정동주소":"충청북도 제천시 장락동 852",
            "도로명주소":"충청북도 제천시 용두천로32길 13",
            "세대수":0,
            "입주년차":"--",
            "용적률점수":100,
            "건폐율점수":60,
            "세대당주차수":"--",
            "난방방식":"--",
            "공급면적":50,
            "전용률":80,
            "욕실수":"--",
            "현관타입":"--",
            "주거총점":58.5,
            "지역구공급총점":100.0,
            "역세권":"NA",
            "30분내 이동가능 거점":"NA",
            "1시간내 이동가능 거점":"NA",
            "교통총점":"NA",
            "백화점":0,
            "아울렛몰":0,
            "대형마트":0,
            "은행":0,
            "병원":30,
            "종합병원":100,
            "공원":100,
            "혐오시설":0,
            "인프라총점":26.0,
            "초등학군":90.41,
            "중학군":48.96,
            "학군총점":57.25,
            "인구수":14.27,
            "인구증감":-1.01,
            "인구총점":9.686,
            "일자리":6.8,
            "소득수준":53.84,
            "일자리총점":20.912,
            "가치 총점":45.1875,
            "매매실거래년":"18000101",
            "매매실거래가":null,
            "전세실거래년":null,
            "전세실거래가":null,
            "전세가율":null,
            "장기전세가율평균":71.02,
            "전세가율거품지수":null,
            "검색코드":15354,
            "세대수":147.0,
            "준공년월":"1991-12-12",
            "준공년차":32.0,
            "가까운역이름":"NA",
            "가까운역거리":"NA",
            "역세권여부":"NA",
            "30분이내주요거점역":"NA",
            "1시간이내주요거점역":"NA",
            "3km이내백화점수":0,
            "5km이내아울렛몰수":0,
            "1km이내대형먀트수":0,
            "500m이내은행수":0,
            "500m이내병원수":6,
            "5km이내대형병원수":2,
            "500m이내공원수":2,
            "3km이내혐오시설수":0,
            "초등학교학업성취도":90.41,
            "중학교학업성취도":81.6,
            "용적률":107,
            "건폐율":31,
            "Y":37.150583,
            "X":128.221368,
            "rank":17.0,
            "area_info":"18평(62.09), 20평(68.98)",
            "last_sales":"1800-01-01,nan,18평(62.09)"
        },
        {
            "index":3,
            "아파트명":"제천강저롯데캐슬프리미어",
            "투자타입":"일반",
            "전용면적(m2)":"89.69",
            "전용면적(평)":"27평",
            "법정동주소":"충청북도 제천시 강제동 844",
            "도로명주소":"충청북도 제천시 청풍호로10길 53",
            "세대수":80,
            "입주년차":80,
            "용적률점수":"--",
            "건폐율점수":"--",
            "세대당주차수":30,
            "난방방식":30,
            "공급면적":"--",
            "전용률":"--",
            "욕실수":100,
            "현관타입":100,
            "주거총점":71.5,
            "지역구공급총점":100.0,
            "역세권":"NA",
            "30분내 이동가능 거점":"NA",
            "1시간내 이동가능 거점":"NA",
            "교통총점":"NA",
            "백화점":0,
            "아울렛몰":0,
            "대형마트":0,
            "은행":0,
            "병원":0,
            "종합병원":80,
            "공원":80,
            "혐오시설":0,
            "인프라총점":18.4,
            "초등학군":90.96,
            "중학군":40.62,
            "학군총점":50.688,
            "인구수":14.27,
            "인구증감":-1.01,
            "인구총점":9.686,
            "일자리":6.8,
            "소득수준":53.84,
            "일자리총점":20.912,
            "가치 총점":45.057,
            "매매실거래년":20220108.0,
            "매매실거래가":26800.0,
            "전세실거래년":20220114.0,
            "전세실거래가":22500.0,
            "전세가율":83.96,
            "장기전세가율평균":71.02,
            "전세가율거품지수":-12.94,
            "검색코드":110724,
            "세대수":863.0,
            "준공년월":"2017-08-01",
            "준공년차":6.0,
            "가까운역이름":"NA",
            "가까운역거리":"NA",
            "역세권여부":"NA",
            "30분이내주요거점역":"NA",
            "1시간이내주요거점역":"NA",
            "3km이내백화점수":0,
            "5km이내아울렛몰수":0,
            "1km이내대형먀트수":0,
            "500m이내은행수":0,
            "500m이내병원수":1,
            "5km이내대형병원수":1,
            "500m이내공원수":1,
            "3km이내혐오시설수":0,
            "초등학교학업성취도":90.96,
            "중학교학업성취도":67.5,
            "용적률":172,
            "건폐율":15,
            "Y":37.121771,
            "X":128.196988,
            "rank":18.0,
            "area_info":"27평(89.69), 30평(100.22), 30평(100.0), 30평(100.72), 30평(100.22), 30평(100.0), 33평(109.85), 33평(110.07), 34평(112.79), 34평(113.31)",
            "last_sales":"2022-01-08,26800.0,27평(89.69)"
        },
        {
            "index":191,
            "아파트명":"하소힐스테이트",
            "투자타입":"일반",
            "전용면적(m2)":"114.53",
            "전용면적(평)":"34평",
            "법정동주소":"충청북도 제천시 하소동 156",
            "도로명주소":"충청북도 제천시 용두대로7길 36",
            "세대수":30,
            "입주년차":40,
            "용적률점수":"--",
            "건폐율점수":"--",
            "세대당주차수":60,
            "난방방식":30,
            "공급면적":"--",
            "전용률":"--",
            "욕실수":100,
            "현관타입":50,
            "주거총점":45.5,
            "지역구공급총점":100.0,
            "역세권":"NA",
            "30분내 이동가능 거점":"NA",
            "1시간내 이동가능 거점":"NA",
            "교통총점":"NA",
            "백화점":0,
            "아울렛몰":0,
            "대형마트":80,
            "은행":0,
            "병원":10,
            "종합병원":100,
            "공원":100,
            "혐오시설":0,
            "인프라총점":36.0,
            "초등학군":89.73,
            "중학군":49.54,
            "학군총점":57.578,
            "인구수":14.27,
            "인구증감":-1.01,
            "인구총점":9.686,
            "일자리":6.8,
            "소득수준":53.84,
            "일자리총점":20.912,
            "가치 총점":44.7195,
            "매매실거래년":20211015.0,
            "매매실거래가":42000.0,
            "전세실거래년":20210714.0,
            "전세실거래가":28000.0,
            "전세가율":104.48,
            "장기전세가율평균":71.02,
            "전세가율거품지수":-33.46,
            "검색코드":105109,
            "세대수":358.0,
            "준공년월":"2008-02-27",
            "준공년차":15.0,
            "가까운역이름":"NA",
            "가까운역거리":"NA",
            "역세권여부":"NA",
            "30분이내주요거점역":"NA",
            "1시간이내주요거점역":"NA",
            "3km이내백화점수":0,
            "5km이내아울렛몰수":0,
            "1km이내대형먀트수":1,
            "500m이내은행수":0,
            "500m이내병원수":2,
            "5km이내대형병원수":2,
            "500m이내공원수":2,
            "3km이내혐오시설수":0,
            "초등학교학업성취도":89.73,
            "중학교학업성취도":82.3,
            "용적률":206,
            "건폐율":18,
            "Y":37.136803,
            "X":128.196385,
            "rank":19.0,
            "area_info":"34평(114.53), 34평(114.61), 36평(119.6), 47평(156.89), 55평(185.06)",
            "last_sales":"2021-10-15,42000.0,47평(156.89)"
        },
        {
            "index":39,
            "아파트명":"부강",
            "투자타입":"재건축",
            "전용면적(m2)":"69.4",
            "전용면적(평)":"20평",
            "법정동주소":"충청북도 제천시 고암동 1163-1",
            "도로명주소":"충청북도 제천시 고암로 88",
            "세대수":30,
            "입주년차":"--",
            "용적률점수":80,
            "건폐율점수":60,
            "세대당주차수":"--",
            "난방방식":"--",
            "공급면적":50,
            "전용률":80,
            "욕실수":"--",
            "현관타입":"--",
            "주거총점":59.5,
            "지역구공급총점":100.0,
            "역세권":"NA",
            "30분내 이동가능 거점":"NA",
            "1시간내 이동가능 거점":"NA",
            "교통총점":"NA",
            "백화점":0,
            "아울렛몰":0,
            "대형마트":0,
            "은행":0,
            "병원":0,
            "종합병원":100,
            "공원":100,
            "혐오시설":0,
            "인프라총점":23.0,
            "초등학군":88.32,
            "중학군":48.96,
            "학군총점":56.832,
            "인구수":14.27,
            "인구증감":-1.01,
            "인구총점":9.686,
            "일자리":6.8,
            "소득수준":53.84,
            "일자리총점":20.912,
            "가치 총점":44.233,
            "매매실거래년":20211123.0,
            "매매실거래가":6200.0,
            "전세실거래년":20220112.0,
            "전세실거래가":6000.0,
            "전세가율":96.77,
            "장기전세가율평균":71.02,
            "전세가율거품지수":-25.75,
            "검색코드":15340,
            "세대수":305.0,
            "준공년월":"1988-11-22",
            "준공년차":35.0,
            "가까운역이름":"NA",
            "가까운역거리":"NA",
            "역세권여부":"NA",
            "30분이내주요거점역":"NA",
            "1시간이내주요거점역":"NA",
            "3km이내백화점수":0,
            "5km이내아울렛몰수":0,
            "1km이내대형먀트수":0,
            "500m이내은행수":0,
            "500m이내병원수":1,
            "5km이내대형병원수":2,
            "500m이내공원수":2,
            "3km이내혐오시설수":0,
            "초등학교학업성취도":88.32,
            "중학교학업성취도":81.6,
            "용적률":155,
            "건폐율":33,
            "Y":37.159731,
            "X":128.215405,
            "rank":20.0,
            "area_info":"20평(69.4), 20평(69.39), 21평(70.15)",
            "last_sales":"2021-11-23,6200.0,20평(69.4)"
        },
        {
            "index":185,
            "아파트명":"하소주공2단지",
            "투자타입":"일반",
            "전용면적(m2)":"56.68",
            "전용면적(평)":"17평",
            "법정동주소":"충청북도 제천시 하소동 353",
            "도로명주소":"충청북도 제천시 하소로 88",
            "세대수":80,
            "입주년차":0,
            "용적률점수":"--",
            "건폐율점수":"--",
            "세대당주차수":0,
            "난방방식":80,
            "공급면적":"--",
            "전용률":"--",
            "욕실수":50,
            "현관타입":10,
            "주거총점":42.0,
            "지역구공급총점":100.0,
            "역세권":"NA",
            "30분내 이동가능 거점":"NA",
            "1시간내 이동가능 거점":"NA",
            "교통총점":"NA",
            "백화점":0,
            "아울렛몰":0,
            "대형마트":80,
            "은행":0,
            "병원":10,
            "종합병원":100,
            "공원":100,
            "혐오시설":0,
            "인프라총점":36.0,
            "초등학군":92.14,
            "중학군":49.54,
            "학군총점":58.06,
            "인구수":14.27,
            "인구증감":-1.01,
            "인구총점":9.686,
            "일자리":6.8,
            "소득수준":53.84,
            "일자리총점":20.912,
            "가치 총점":43.615,
            "매매실거래년":20211229.0,
            "매매실거래가":9700.0,
            "전세실거래년":20211115.0,
            "전세실거래가":6000.0,
            "전세가율":84.51,
            "장기전세가율평균":71.02,
            "전세가율거품지수":-13.49,
            "검색코드":6976,
            "세대수":780.0,
            "준공년월":"1995-09-28",
            "준공년차":28.0,
            "가까운역이름":"NA",
            "가까운역거리":"NA",
            "역세권여부":"NA",
            "30분이내주요거점역":"NA",
            "1시간이내주요거점역":"NA",
            "3km이내백화점수":0,
            "5km이내아울렛몰수":0,
            "1km이내대형먀트수":1,
            "500m이내은행수":0,
            "500m이내병원수":4,
            "5km이내대형병원수":2,
            "500m이내공원수":3,
            "3km이내혐오시설수":0,
            "초등학교학업성취도":92.14,
            "중학교학업성취도":82.3,
            "용적률":235,
            "건폐율":17,
            "Y":37.145072,
            "X":128.198647,
            "rank":21.0,
            "area_info":"17평(56.68), 24평(79.99), 24평(82.42)",
            "last_sales":"2021-12-29,9700.0,24평(82.42)"
        },
        {
            "index":188,
            "아파트명":"하소현대",
            "투자타입":"일반",
            "전용면적(m2)":"78.98",
            "전용면적(평)":"23평",
            "법정동주소":"충청북도 제천시 하소동 110",
            "도로명주소":"충청북도 제천시 용두대로15길 38",
            "세대수":50,
            "입주년차":0,
            "용적률점수":"--",
            "건폐율점수":"--",
            "세대당주차수":0,
            "난방방식":30,
            "공급면적":"--",
            "전용률":"--",
            "욕실수":50,
            "현관타입":100,
            "주거총점":35.5,
            "지역구공급총점":100.0,
            "역세권":"NA",
            "30분내 이동가능 거점":"NA",
            "1시간내 이동가능 거점":"NA",
            "교통총점":"NA",
            "백화점":0,
            "아울렛몰":0,
            "대형마트":80,
            "은행":0,
            "병원":60,
            "종합병원":100,
            "공원":100,
            "혐오시설":0,
            "인프라총점":41.0,
            "초등학군":92.14,
            "중학군":49.54,
            "학군총점":58.06,
            "인구수":14.27,
            "인구증감":-1.01,
            "인구총점":9.686,
            "일자리":6.8,
            "소득수준":53.84,
            "일자리총점":20.912,
            "가치 총점":43.34,
            "매매실거래년":20211007.0,
            "매매실거래가":16000.0,
            "전세실거래년":20190805.0,
            "전세실거래가":8500.0,
            "전세가율":75.89,
            "장기전세가율평균":71.02,
            "전세가율거품지수":-4.87,
            "검색코드":6979,
            "세대수":497.0,
            "준공년월":"1996-12-30",
            "준공년차":27.0,
            "가까운역이름":"NA",
            "가까운역거리":"NA",
            "역세권여부":"NA",
            "30분이내주요거점역":"NA",
            "1시간이내주요거점역":"NA",
            "3km이내백화점수":0,
            "5km이내아울렛몰수":0,
            "1km이내대형먀트수":1,
            "500m이내은행수":0,
            "500m이내병원수":10,
            "5km이내대형병원수":2,
            "500m이내공원수":3,
            "3km이내혐오시설수":0,
            "초등학교학업성취도":92.14,
            "중학교학업성취도":82.3,
            "용적률":201,
            "건폐율":19,
            "Y":37.141019,
            "X":128.197173,
            "rank":22.0,
            "area_info":"23평(78.98), 23평(79.06), 31평(103.45)",
            "last_sales":"2021-10-07,16000.0,31평(103.45)"
        },
        {
            "index":152,
            "아파트명":"청전두진백로1차",
            "투자타입":"일반",
            "전용면적(m2)":"75.13",
            "전용면적(평)":"22평",
            "법정동주소":"충청북도 제천시 청전동 985",
            "도로명주소":"충청북도 제천시 칠성로 19",
            "세대수":50,
            "입주년차":0,
            "용적률점수":"--",
            "건폐율점수":"--",
            "세대당주차수":0,
            "난방방식":30,
            "공급면적":"--",
            "전용률":"--",
            "욕실수":50,
            "현관타입":100,
            "주거총점":35.5,
            "지역구공급총점":100.0,
            "역세권":"NA",
            "30분내 이동가능 거점":"NA",
            "1시간내 이동가능 거점":"NA",
            "교통총점":"NA",
            "백화점":0,
            "아울렛몰":0,
            "대형마트":100,
            "은행":0,
            "병원":10,
            "종합병원":100,
            "공원":100,
            "혐오시설":0,
            "인프라총점":39.0,
            "초등학군":91.65,
            "중학군":52.24,
            "학군총점":60.122,
            "인구수":14.27,
            "인구증감":-1.01,
            "인구총점":9.686,
            "일자리":6.8,
            "소득수준":53.84,
            "일자리총점":20.912,
            "가치 총점":43.0555,
            "매매실거래년":20220106.0,
            "매매실거래가":13500.0,
            "전세실거래년":20210407.0,
            "전세실거래가":9000.0,
            "전세가율":66.67,
            "장기전세가율평균":71.02,
            "전세가율거품지수":4.35,
            "검색코드":6960,
            "세대수":484.0,
            "준공년월":"1995-05-31",
            "준공년차":28.0,
            "가까운역이름":"NA",
            "가까운역거리":"NA",
            "역세권여부":"NA",
            "30분이내주요거점역":"NA",
            "1시간이내주요거점역":"NA",
            "3km이내백화점수":0,
            "5km이내아울렛몰수":0,
            "1km이내대형먀트수":2,
            "500m이내은행수":1,
            "500m이내병원수":3,
            "5km이내대형병원수":2,
            "500m이내공원수":3,
            "3km이내혐오시설수":0,
            "초등학교학업성취도":91.65,
            "중학교학업성취도":86.0,
            "용적률":227,
            "건폐율":26,
            "Y":37.146614,
            "X":128.208647,
            "rank":23.0,
            "area_info":"22평(75.13), 31평(103.19)",
            "last_sales":"2022-01-06,13500.0,22평(75.13)"
        },
        {
            "index":42,
            "아파트명":"제천고암오네뜨프라임",
            "투자타입":"일반",
            "전용면적(m2)":"75.58",
            "전용면적(평)":"22평",
            "법정동주소":"충청북도 제천시 고암동 1268",
            "도로명주소":"충청북도 제천시 신죽하로 83-20",
            "세대수":50,
            "입주년차":80,
            "용적률점수":"--",
            "건폐율점수":"--",
            "세대당주차수":30,
            "난방방식":30,
            "공급면적":"--",
            "전용률":"--",
            "욕실수":50,
            "현관타입":100,
            "주거총점":56.0,
            "지역구공급총점":100.0,
            "역세권":"NA",
            "30분내 이동가능 거점":"NA",
            "1시간내 이동가능 거점":"NA",
            "교통총점":"NA",
            "백화점":0,
            "아울렛몰":0,
            "대형마트":0,
            "은행":0,
            "병원":0,
            "종합병원":100,
            "공원":100,
            "혐오시설":0,
            "인프라총점":23.0,
            "초등학군":88.32,
            "중학군":48.96,
            "학군총점":56.832,
            "인구수":14.27,
            "인구증감":-1.01,
            "인구총점":9.686,
            "일자리":6.8,
            "소득수준":53.84,
            "일자리총점":20.912,
            "가치 총점":43.008,
            "매매실거래년":20211204.0,
            "매매실거래가":34500.0,
            "전세실거래년":20220106.0,
            "전세실거래가":10500.0,
            "전세가율":77.78,
            "장기전세가율평균":71.02,
            "전세가율거품지수":-6.76,
            "검색코드":113145,
            "세대수":596.0,
            "준공년월":"2017-12-01",
            "준공년차":6.0,
            "가까운역이름":"NA",
            "가까운역거리":"NA",
            "역세권여부":"NA",
            "30분이내주요거점역":"NA",
            "1시간이내주요거점역":"NA",
            "3km이내백화점수":0,
            "5km이내아울렛몰수":0,
            "1km이내대형먀트수":0,
            "500m이내은행수":0,
            "500m이내병원수":1,
            "5km이내대형병원수":2,
            "500m이내공원수":2,
            "3km이내혐오시설수":0,
            "초등학교학업성취도":88.32,
            "중학교학업성취도":81.6,
            "용적률":161,
            "건폐율":15,
            "Y":37.160165,
            "X":128.219865,
            "rank":24.0,
            "area_info":"22평(75.58), 25평(84.59), 33평(110.3)",
            "last_sales":"2021-12-04,34500.0,33평(110.3)"
        },
        {
            "index":150,
            "아파트명":"청전덕일한마음",
            "투자타입":"일반",
            "전용면적(m2)":"74.69",
            "전용면적(평)":"22평",
            "법정동주소":"충청북도 제천시 청전동 987",
            "도로명주소":"충청북도 제천시 칠성로 5",
            "세대수":50,
            "입주년차":0,
            "용적률점수":"--",
            "건폐율점수":"--",
            "세대당주차수":0,
            "난방방식":30,
            "공급면적":"--",
            "전용률":"--",
            "욕실수":50,
            "현관타입":100,
            "주거총점":35.5,
            "지역구공급총점":100.0,
            "역세권":"NA",
            "30분내 이동가능 거점":"NA",
            "1시간내 이동가능 거점":"NA",
            "교통총점":"NA",
            "백화점":0,
            "아울렛몰":0,
            "대형마트":100,
            "은행":0,
            "병원":0,
            "종합병원":100,
            "공원":100,
            "혐오시설":0,
            "인프라총점":38.0,
            "초등학군":91.65,
            "중학군":52.24,
            "학군총점":60.122,
            "인구수":14.27,
            "인구증감":-1.01,
            "인구총점":9.686,
            "일자리":6.8,
            "소득수준":53.84,
            "일자리총점":20.912,
            "가치 총점":42.6555,
            "매매실거래년":20211216.0,
            "매매실거래가":13000.0,
            "전세실거래년":20211216.0,
            "전세실거래가":12500.0,
            "전세가율":96.15,
            "장기전세가율평균":71.02,
            "전세가율거품지수":-25.13,
            "검색코드":15358,
            "세대수":420.0,
            "준공년월":"1995-06-13",
            "준공년차":28.0,
            "가까운역이름":"NA",
            "가까운역거리":"NA",
            "역세권여부":"NA",
            "30분이내주요거점역":"NA",
            "1시간이내주요거점역":"NA",
            "3km이내백화점수":0,
            "5km이내아울렛몰수":0,
            "1km이내대형먀트수":2,
            "500m이내은행수":1,
            "500m이내병원수":1,
            "5km이내대형병원수":2,
            "500m이내공원수":3,
            "3km이내혐오시설수":0,
            "초등학교학업성취도":91.65,
            "중학교학업성취도":86.0,
            "용적률":230,
            "건폐율":24,
            "Y":37.14748,
            "X":128.207895,
            "rank":25.0,
            "area_info":"22평(74.69), 30평(101.7)",
            "last_sales":"2021-12-16,13000.0,22평(74.69)"
        },
        {
            "index":80,
            "아파트명":"부영사랑으로",
            "투자타입":"일반",
            "전용면적(m2)":"117.86",
            "전용면적(평)":"35평",
            "법정동주소":"충청북도 제천시 신월동 1414",
            "도로명주소":"충청북도 제천시 대학로12길 8",
            "세대수":50,
            "입주년차":40,
            "용적률점수":"--",
            "건폐율점수":"--",
            "세대당주차수":30,
            "난방방식":30,
            "공급면적":"--",
            "전용률":"--",
            "욕실수":100,
            "현관타입":100,
            "주거총점":53.0,
            "지역구공급총점":100.0,
            "역세권":"NA",
            "30분내 이동가능 거점":"NA",
            "1시간내 이동가능 거점":"NA",
            "교통총점":"NA",
            "백화점":0,
            "아울렛몰":0,
            "대형마트":0,
            "은행":0,
            "병원":0,
            "종합병원":100,
            "공원":100,
            "혐오시설":0,
            "인프라총점":23.0,
            "초등학군":88.32,
            "중학군":52.24,
            "학군총점":59.456,
            "인구수":14.27,
            "인구증감":-1.01,
            "인구총점":9.686,
            "일자리":6.8,
            "소득수준":53.84,
            "일자리총점":20.912,
            "가치 총점":42.614,
            "매매실거래년":20211206.0,
            "매매실거래가":17000.0,
            "전세실거래년":20220103.0,
            "전세실거래가":11416.0,
            "전세가율":67.15,
            "장기전세가율평균":71.02,
            "전세가율거품지수":3.87,
            "검색코드":122286,
            "세대수":401.0,
            "준공년월":"2006-11-07",
            "준공년차":17.0,
            "가까운역이름":"NA",
            "가까운역거리":"NA",
            "역세권여부":"NA",
            "30분이내주요거점역":"NA",
            "1시간이내주요거점역":"NA",
            "3km이내백화점수":0,
            "5km이내아울렛몰수":0,
            "1km이내대형먀트수":0,
            "500m이내은행수":0,
            "500m이내병원수":0,
            "5km이내대형병원수":2,
            "500m이내공원수":3,
            "3km이내혐오시설수":0,
            "초등학교학업성취도":88.32,
            "중학교학업성취도":86.0,
            "용적률":222,
            "건폐율":20,
            "Y":37.168398,
            "X":128.195092,
            "rank":26.0,
            "area_info":"35평(117.86), 35평(117.86)",
            "last_sales":"2021-12-06,17000.0,35평(117.86)"
        },
        {
            "index":0,
            "아파트명":"센트럴코아루",
            "투자타입":"일반",
            "전용면적(m2)":"93.57",
            "전용면적(평)":"28평",
            "법정동주소":"충청북도 제천시 강제동 805",
            "도로명주소":"충청북도 제천시 강저로11나길 13",
            "세대수":50,
            "입주년차":80,
            "용적률점수":"--",
            "건폐율점수":"--",
            "세대당주차수":30,
            "난방방식":30,
            "공급면적":"--",
            "전용률":"--",
            "욕실수":100,
            "현관타입":100,
            "주거총점":61.0,
            "지역구공급총점":100.0,
            "역세권":"NA",
            "30분내 이동가능 거점":"NA",
            "1시간내 이동가능 거점":"NA",
            "교통총점":"NA",
            "백화점":0,
            "아울렛몰":0,
            "대형마트":0,
            "은행":0,
            "병원":0,
            "종합병원":80,
            "공원":100,
            "혐오시설":0,
            "인프라총점":19.0,
            "초등학군":90.96,
            "중학군":40.62,
            "학군총점":50.688,
            "인구수":14.27,
            "인구증감":-1.01,
            "인구총점":9.686,
            "일자리":6.8,
            "소득수준":53.84,
            "일자리총점":20.912,
            "가치 총점":41.622,
            "매매실거래년":20211227.0,
            "매매실거래가":25800.0,
            "전세실거래년":20210228.0,
            "전세실거래가":14000.0,
            "전세가율":54.26,
            "장기전세가율평균":71.02,
            "전세가율거품지수":16.76,
            "검색코드":108764,
            "세대수":493.0,
            "준공년월":"2016-06-29",
            "준공년차":7.0,
            "가까운역이름":"NA",
            "가까운역거리":"NA",
            "역세권여부":"NA",
            "30분이내주요거점역":"NA",
            "1시간이내주요거점역":"NA",
            "3km이내백화점수":0,
            "5km이내아울렛몰수":0,
            "1km이내대형먀트수":0,
            "500m이내은행수":0,
            "500m이내병원수":1,
            "5km이내대형병원수":1,
            "500m이내공원수":3,
            "3km이내혐오시설수":0,
            "초등학교학업성취도":90.96,
            "중학교학업성취도":67.5,
            "용적률":163,
            "건폐율":15,
            "Y":37.120601,
            "X":128.2029,
            "rank":27.0,
            "area_info":"28평(93.57), 30평(100.35), 35평(116.48)",
            "last_sales":"2021-12-27,25800.0,28평(93.57)"
        },
        {
            "index":13,
            "아파트명":"제천강저코아루파크(강저지구 B-4BL)",
            "투자타입":"일반",
            "전용면적(m2)":"83.05",
            "전용면적(평)":"25평",
            "법정동주소":"충청북도 제천시 강제동 903",
            "도로명주소":"충청북도 제천시 청풍호로10길 31",
            "세대수":50,
            "입주년차":80,
            "용적률점수":"--",
            "건폐율점수":"--",
            "세대당주차수":30,
            "난방방식":30,
            "공급면적":"--",
            "전용률":"--",
            "욕실수":100,
            "현관타입":100,
            "주거총점":61.0,
            "지역구공급총점":100.0,
            "역세권":"NA",
            "30분내 이동가능 거점":"NA",
            "1시간내 이동가능 거점":"NA",
            "교통총점":"NA",
            "백화점":0,
            "아울렛몰":0,
            "대형마트":0,
            "은행":0,
            "병원":0,
            "종합병원":80,
            "공원":100,
            "혐오시설":0,
            "인프라총점":19.0,
            "초등학군":90.96,
            "중학군":40.62,
            "학군총점":50.688,
            "인구수":14.27,
            "인구증감":-1.01,
            "인구총점":9.686,
            "일자리":6.8,
            "소득수준":53.84,
            "일자리총점":20.912,
            "가치 총점":41.622,
            "매매실거래년":20211212.0,
            "매매실거래가":30000.0,
            "전세실거래년":20220108.0,
            "전세실거래가":13600.0,
            "전세가율":62.96,
            "장기전세가율평균":71.02,
            "전세가율거품지수":8.06,
            "검색코드":107118,
            "세대수":422.0,
            "준공년월":"2015-05-29",
            "준공년차":8.0,
            "가까운역이름":"NA",
            "가까운역거리":"NA",
            "역세권여부":"NA",
            "30분이내주요거점역":"NA",
            "1시간이내주요거점역":"NA",
            "3km이내백화점수":0,
            "5km이내아울렛몰수":0,
            "1km이내대형먀트수":0,
            "500m이내은행수":0,
            "500m이내병원수":1,
            "5km이내대형병원수":1,
            "500m이내공원수":2,
            "3km이내혐오시설수":0,
            "초등학교학업성취도":90.96,
            "중학교학업성취도":67.5,
            "용적률":176,
            "건폐율":16,
            "Y":37.119922,
            "X":128.198401,
            "rank":27.0,
            "area_info":"25평(83.05), 28평(93.03), 33평(109.63)",
            "last_sales":"2021-12-12,30000.0,33평(109.63)"
        },
        {
            "index":109,
            "아파트명":"장락롯데캐슬",
            "투자타입":"일반",
            "전용면적(m2)":"108.69",
            "전용면적(평)":"32평",
            "법정동주소":"충청북도 제천시 장락동 1046",
            "도로명주소":"충청북도 제천시 신죽하로 83-24",
            "세대수":30,
            "입주년차":40,
            "용적률점수":"--",
            "건폐율점수":"--",
            "세대당주차수":60,
            "난방방식":30,
            "공급면적":"--",
            "전용률":"--",
            "욕실수":100,
            "현관타입":100,
            "주거총점":50.5,
            "지역구공급총점":100.0,
            "역세권":"NA",
            "30분내 이동가능 거점":"NA",
            "1시간내 이동가능 거점":"NA",
            "교통총점":"NA",
            "백화점":0,
            "아울렛몰":0,
            "대형마트":0,
            "은행":0,
            "병원":10,
            "종합병원":100,
            "공원":100,
            "혐오시설":0,
            "인프라총점":24.0,
            "초등학군":90.41,
            "중학군":48.96,
            "학군총점":57.25,
            "인구수":14.27,
            "인구증감":-1.01,
            "인구총점":9.686,
            "일자리":6.8,
            "소득수준":53.84,
            "일자리총점":20.912,
            "가치 총점":41.5875,
            "매매실거래년":20211220.0,
            "매매실거래가":31500.0,
            "전세실거래년":20211110.0,
            "전세실거래가":20000.0,
            "전세가율":88.89,
            "장기전세가율평균":71.02,
            "전세가율거품지수":-17.87,
            "검색코드":27252,
            "세대수":342.0,
            "준공년월":"2008-11-20",
            "준공년차":15.0,
            "가까운역이름":"NA",
            "가까운역거리":"NA",
            "역세권여부":"NA",
            "30분이내주요거점역":"NA",
            "1시간이내주요거점역":"NA",
            "3km이내백화점수":0,
            "5km이내아울렛몰수":0,
            "1km이내대형먀트수":0,
            "500m이내은행수":0,
            "500m이내병원수":2,
            "5km이내대형병원수":2,
            "500m이내공원수":2,
            "3km이내혐오시설수":0,
            "초등학교학업성취도":90.41,
            "중학교학업성취도":81.6,
            "용적률":208,
            "건폐율":17,
            "Y":37.158718,
            "X":128.222382,
            "rank":28.0,
            "area_info":"32평(108.69), 33평(109.52), 33평(111.88), 46평(152.7), 52평(175.19)",
            "last_sales":"2021-12-20,31500.0,52평(175.19)"
        },
        {
            "index":34,
            "아파트명":"보미파란채",
            "투자타입":"일반",
            "전용면적(m2)":"113.92",
            "전용면적(평)":"34평",
            "법정동주소":"충청북도 제천시 고암동 1254",
            "도로명주소":"충청북도 제천시 용두천로46길 12",
            "세대수":30,
            "입주년차":60,
            "용적률점수":"--",
            "건폐율점수":"--",
            "세대당주차수":30,
            "난방방식":30,
            "공급면적":"--",
            "전용률":"--",
            "욕실수":100,
            "현관타입":100,
            "주거총점":50.0,
            "지역구공급총점":100.0,
            "역세권":"NA",
            "30분내 이동가능 거점":"NA",
            "1시간내 이동가능 거점":"NA",
            "교통총점":"NA",
            "백화점":0,
            "아울렛몰":0,
            "대형마트":0,
            "은행":0,
            "병원":10,
            "종합병원":100,
            "공원":100,
            "혐오시설":0,
            "인프라총점":24.0,
            "초등학군":90.41,
            "중학군":48.96,
            "학군총점":57.25,
            "인구수":14.27,
            "인구증감":-1.01,
            "인구총점":9.686,
            "일자리":6.8,
            "소득수준":53.84,
            "일자리총점":20.912,
            "가치 총점":41.4125,
            "매매실거래년":20211119.0,
            "매매실거래가":29900.0,
            "전세실거래년":20210112.0,
            "전세실거래가":19950.0,
            "전세가율":79.8,
            "장기전세가율평균":71.02,
            "전세가율거품지수":-8.78,
            "검색코드":103863,
            "세대수":378.0,
            "준공년월":"2009-10-08",
            "준공년차":14.0,
            "가까운역이름":"NA",
            "가까운역거리":"NA",
            "역세권여부":"NA",
            "30분이내주요거점역":"NA",
            "1시간이내주요거점역":"NA",
            "3km이내백화점수":0,
            "5km이내아울렛몰수":0,
            "1km이내대형먀트수":0,
            "500m이내은행수":0,
            "500m이내병원수":2,
            "5km이내대형병원수":2,
            "500m이내공원수":3,
            "3km이내혐오시설수":0,
            "초등학교학업성취도":90.41,
            "중학교학업성취도":81.6,
            "용적률":228,
            "건폐율":21,
            "Y":37.157787,
            "X":128.21898,
            "rank":29.0,
            "area_info":"34평(113.92), 34평(114.56), 47평(155.77), 47평(156.76), 55평(182.54)",
            "last_sales":"2021-11-19,29900.0,47평(156.76)"
        },
        {
            "index":68,
            "아파트명":"선광로즈웰",
            "투자타입":"일반",
            "전용면적(m2)":"78.29",
            "전용면적(평)":"23평",
            "법정동주소":"충청북도 제천시 신백동 209-8",
            "도로명주소":"충청북도 제천시 신백로 30",
            "세대수":50,
            "입주년차":20,
            "용적률점수":"--",
            "건폐율점수":"--",
            "세대당주차수":0,
            "난방방식":30,
            "공급면적":"--",
            "전용률":"--",
            "욕실수":100,
            "현관타입":100,
            "주거총점":44.5,
            "지역구공급총점":100.0,
            "역세권":"NA",
            "30분내 이동가능 거점":"NA",
            "1시간내 이동가능 거점":"NA",
            "교통총점":"NA",
            "백화점":0,
            "아울렛몰":0,
            "대형마트":80,
            "은행":0,
            "병원":0,
            "종합병원":100,
            "공원":0,
            "혐오시설":0,
            "인프라총점":32.0,
            "초등학군":91.38,
            "중학군":42.0,
            "학군총점":51.876,
            "인구수":14.27,
            "인구증감":-1.01,
            "인구총점":9.686,
            "일자리":6.8,
            "소득수준":53.84,
            "일자리총점":20.912,
            "가치 총점":41.344,
            "매매실거래년":20211007.0,
            "매매실거래가":10500.0,
            "전세실거래년":20170731.0,
            "전세실거래가":8000.0,
            "전세가율":76.19,
            "장기전세가율평균":71.02,
            "전세가율거품지수":-5.17,
            "검색코드":6948,
            "세대수":698.0,
            "준공년월":"2000-06-20",
            "준공년차":23.0,
            "가까운역이름":"NA",
            "가까운역거리":"NA",
            "역세권여부":"NA",
            "30분이내주요거점역":"NA",
            "1시간이내주요거점역":"NA",
            "3km이내백화점수":0,
            "5km이내아울렛몰수":0,
            "1km이내대형먀트수":1,
            "500m이내은행수":0,
            "500m이내병원수":0,
            "5km이내대형병원수":2,
            "500m이내공원수":0,
            "3km이내혐오시설수":0,
            "초등학교학업성취도":91.38,
            "중학교학업성취도":70.0,
            "용적률":217,
            "건폐율":24,
            "Y":37.127851,
            "X":128.224986,
            "rank":30.0,
            "area_info":"23평(78.29)",
            "last_sales":"2021-10-07,10500.0,23평(78.29)"
        },
        {
            "index":45,
            "아파트명":"홍인",
            "투자타입":"재건축",
            "전용면적(m2)":"71.53",
            "전용면적(평)":"21평",
            "법정동주소":"충청북도 제천시 고암동 1169-7",
            "도로명주소":"충청북도 제천시 용두천로 394",
            "세대수":0,
            "입주년차":"--",
            "용적률점수":80,
            "건폐율점수":60,
            "세대당주차수":"--",
            "난방방식":"--",
            "공급면적":50,
            "전용률":80,
            "욕실수":"--",
            "현관타입":"--",
            "주거총점":50.5,
            "지역구공급총점":100.0,
            "역세권":"NA",
            "30분내 이동가능 거점":"NA",
            "1시간내 이동가능 거점":"NA",
            "교통총점":"NA",
            "백화점":0,
            "아울렛몰":0,
            "대형마트":0,
            "은행":0,
            "병원":0,
            "종합병원":100,
            "공원":100,
            "혐오시설":0,
            "인프라총점":23.0,
            "초등학군":88.32,
            "중학군":48.96,
            "학군총점":56.832,
            "인구수":14.27,
            "인구증감":-1.01,
            "인구총점":9.686,
            "일자리":6.8,
            "소득수준":53.84,
            "일자리총점":20.912,
            "가치 총점":41.083,
            "매매실거래년":20210907.0,
            "매매실거래가":8400.0,
            "전세실거래년":20200215.0,
            "전세실거래가":5000.0,
            "전세가율":86.21,
            "장기전세가율평균":71.02,
            "전세가율거품지수":-15.19,
            "검색코드":15341,
            "세대수":115.0,
            "준공년월":"1992-04-01",
            "준공년차":31.0,
            "가까운역이름":"NA",
            "가까운역거리":"NA",
            "역세권여부":"NA",
            "30분이내주요거점역":"NA",
            "1시간이내주요거점역":"NA",
            "3km이내백화점수":0,
            "5km이내아울렛몰수":0,
            "1km이내대형먀트수":0,
            "500m이내은행수":0,
            "500m이내병원수":1,
            "5km이내대형병원수":2,
            "500m이내공원수":2,
            "3km이내혐오시설수":0,
            "초등학교학업성취도":88.32,
            "중학교학업성취도":81.6,
            "용적률":163,
            "건폐율":32,
            "Y":37.160125,
            "X":128.216678,
            "rank":31.0,
            "area_info":"21평(71.53), 27평(90.83), 28평(94.25), 30평(100.67)",
            "last_sales":"2021-09-07,8400.0,28평(94.25)"
        },
        {
            "index":53,
            "아파트명":"세경",
            "투자타입":"재건축",
            "전용면적(m2)":"47.89",
            "전용면적(평)":"14평",
            "법정동주소":"충청북도 제천시 동현동 63-1",
            "도로명주소":"충청북도 제천시 의병대로30길 10",
            "세대수":30,
            "입주년차":"--",
            "용적률점수":60,
            "건폐율점수":60,
            "세대당주차수":"--",
            "난방방식":"--",
            "공급면적":50,
            "전용률":80,
            "욕실수":"--",
            "현관타입":"--",
            "주거총점":51.5,
            "지역구공급총점":100.0,
            "역세권":"NA",
            "30분내 이동가능 거점":"NA",
            "1시간내 이동가능 거점":"NA",
            "교통총점":"NA",
            "백화점":0,
            "아울렛몰":0,
            "대형마트":0,
            "은행":0,
            "병원":30,
            "종합병원":100,
            "공원":100,
            "혐오시설":0,
            "인프라총점":26.0,
            "초등학군":84.81,
            "중학군":40.62,
            "학군총점":49.458,
            "인구수":14.27,
            "인구증감":-1.01,
            "인구총점":9.686,
            "일자리":6.8,
            "소득수준":53.84,
            "일자리총점":20.912,
            "가치 총점":40.7895,
            "매매실거래년":20211227.0,
            "매매실거래가":5500.0,
            "전세실거래년":null,
            "전세실거래가":null,
            "전세가율":null,
            "장기전세가율평균":71.02,
            "전세가율거품지수":null,
            "검색코드":17216,
            "세대수":390.0,
            "준공년월":"1989-12-09",
            "준공년차":34.0,
            "가까운역이름":"NA",
            "가까운역거리":"NA",
            "역세권여부":"NA",
            "30분이내주요거점역":"NA",
            "1시간이내주요거점역":"NA",
            "3km이내백화점수":0,
            "5km이내아울렛몰수":0,
            "1km이내대형먀트수":0,
            "500m이내은행수":0,
            "500m이내병원수":5,
            "5km이내대형병원수":2,
            "500m이내공원수":2,
            "3km이내혐오시설수":0,
            "초등학교학업성취도":84.81,
            "중학교학업성취도":67.5,
            "용적률":184,
            "건폐율":34,
            "Y":37.133496,
            "X":128.2173,
            "rank":32.0,
            "area_info":"14평(47.89), 14평(48.7), 19평(65.59)",
            "last_sales":"2021-12-27,5500.0,19평(65.59)"
        },
        {
            "index":140,
            "아파트명":"비둘기",
            "투자타입":"재건축",
            "전용면적(m2)":"47.87",
            "전용면적(평)":"14평",
            "법정동주소":"충청북도 제천시 청전동 639",
            "도로명주소":"충청북도 제천시 청전대로 166",
            "세대수":80,
            "입주년차":"--",
            "용적률점수":0,
            "건폐율점수":80,
            "세대당주차수":"--",
            "난방방식":"--",
            "공급면적":50,
            "전용률":60,
            "욕실수":"--",
            "현관타입":"--",
            "주거총점":45.5,
            "지역구공급총점":100.0,
            "역세권":"NA",
            "30분내 이동가능 거점":"NA",
            "1시간내 이동가능 거점":"NA",
            "교통총점":"NA",
            "백화점":0,
            "아울렛몰":0,
            "대형마트":0,
            "은행":0,
            "병원":30,
            "종합병원":100,
            "공원":100,
            "혐오시설":0,
            "인프라총점":26.0,
            "초등학군":91.87,
            "중학군":48.96,
            "학군총점":57.542,
            "인구수":14.27,
            "인구증감":-1.01,
            "인구총점":9.686,
            "일자리":6.8,
            "소득수준":53.84,
            "일자리총점":20.912,
            "가치 총점":40.7105,
            "매매실거래년":20211231.0,
            "매매실거래가":4200.0,
            "전세실거래년":20211029.0,
            "전세실거래가":3500.0,
            "전세가율":83.33,
            "장기전세가율평균":71.02,
            "전세가율거품지수":-12.31,
            "검색코드":6963,
            "세대수":768.0,
            "준공년월":"1991-06-13",
            "준공년차":32.0,
            "가까운역이름":"NA",
            "가까운역거리":"NA",
            "역세권여부":"NA",
            "30분이내주요거점역":"NA",
            "1시간이내주요거점역":"NA",
            "3km이내백화점수":0,
            "5km이내아울렛몰수":0,
            "1km이내대형먀트수":0,
            "500m이내은행수":1,
            "500m이내병원수":8,
            "5km이내대형병원수":2,
            "500m이내공원수":3,
            "3km이내혐오시설수":0,
            "초등학교학업성취도":91.87,
            "중학교학업성취도":81.6,
            "용적률":237,
            "건폐율":22,
            "Y":37.151403,
            "X":128.216338,
            "rank":33.0,
            "area_info":"14평(47.87)",
            "last_sales":"2021-12-31,4200.0,14평(47.87)"
        },
        {
            "index":51,
            "아파트명":"동현현대",
            "투자타입":"재건축",
            "전용면적(m2)":"87.28",
            "전용면적(평)":"26평",
            "법정동주소":"충청북도 제천시 동현동 29-2",
            "도로명주소":"충청북도 제천시 독순로 140",
            "세대수":0,
            "입주년차":"--",
            "용적률점수":20,
            "건폐율점수":100,
            "세대당주차수":"--",
            "난방방식":"--",
            "공급면적":70,
            "전용률":80,
            "욕실수":"--",
            "현관타입":"--",
            "주거총점":35.5,
            "지역구공급총점":100.0,
            "역세권":"NA",
            "30분내 이동가능 거점":"NA",
            "1시간내 이동가능 거점":"NA",
            "교통총점":"NA",
            "백화점":0,
            "아울렛몰":0,
            "대형마트":100,
            "은행":0,
            "병원":30,
            "종합병원":100,
            "공원":100,
            "혐오시설":0,
            "인프라총점":41.0,
            "초등학군":84.81,
            "중학군":37.8,
            "학군총점":47.202,
            "인구수":14.27,
            "인구증감":-1.01,
            "인구총점":9.686,
            "일자리":6.8,
            "소득수준":53.84,
            "일자리총점":20.912,
            "가치 총점":40.6255,
            "매매실거래년":20220112.0,
            "매매실거래가":9400.0,
            "전세실거래년":20210208.0,
            "전세실거래가":9000.0,
            "전세가율":95.74,
            "장기전세가율평균":71.02,
            "전세가율거품지수":-24.72,
            "검색코드":15343,
            "세대수":276.0,
            "준공년월":"1992-10-15",
            "준공년차":31.0,
            "가까운역이름":"NA",
            "가까운역거리":"NA",
            "역세권여부":"NA",
            "30분이내주요거점역":"NA",
            "1시간이내주요거점역":"NA",
            "3km이내백화점수":0,
            "5km이내아울렛몰수":0,
            "1km이내대형먀트수":2,
            "500m이내은행수":0,
            "500m이내병원수":7,
            "5km이내대형병원수":2,
            "500m이내공원수":3,
            "3km이내혐오시설수":0,
            "초등학교학업성취도":84.81,
            "중학교학업성취도":63.0,
            "용적률":209,
            "건폐율":19,
            "Y":37.136702,
            "X":128.21848,
            "rank":34.0,
            "area_info":"26평(87.28), 31평(103.86)",
            "last_sales":"2022-01-12,9400.0,26평(87.28)"
        },
        {
            "index":134,
            "아파트명":"코아루",
            "투자타입":"일반",
            "전용면적(m2)":"115.36",
            "전용면적(평)":"34평",
            "법정동주소":"충청북도 제천시 천남동 9-10",
            "도로명주소":"충청북도 제천시 원뜰로 14",
            "세대수":30,
            "입주년차":40,
            "용적률점수":"--",
            "건폐율점수":"--",
            "세대당주차수":60,
            "난방방식":30,
            "공급면적":"--",
            "전용률":"--",
            "욕실수":100,
            "현관타입":100,
            "주거총점":50.5,
            "지역구공급총점":100.0,
            "역세권":"NA",
            "30분내 이동가능 거점":"NA",
            "1시간내 이동가능 거점":"NA",
            "교통총점":"NA",
            "백화점":0,
            "아울렛몰":0,
            "대형마트":0,
            "은행":0,
            "병원":0,
            "종합병원":100,
            "공원":100,
            "혐오시설":0,
            "인프라총점":23.0,
            "초등학군":89.73,
            "중학군":40.62,
            "학군총점":50.442,
            "인구수":14.27,
            "인구증감":-1.01,
            "인구총점":9.686,
            "일자리":6.8,
            "소득수준":53.84,
            "일자리총점":20.912,
            "가치 총점":39.4855,
            "매매실거래년":20211222.0,
            "매매실거래가":44000.0,
            "전세실거래년":20211209.0,
            "전세실거래가":21000.0,
            "전세가율":100.48,
            "장기전세가율평균":71.02,
            "전세가율거품지수":-29.46,
            "검색코드":19688,
            "세대수":318.0,
            "준공년월":"2005-12-30",
            "준공년차":18.0,
            "가까운역이름":"NA",
            "가까운역거리":"NA",
            "역세권여부":"NA",
            "30분이내주요거점역":"NA",
            "1시간이내주요거점역":"NA",
            "3km이내백화점수":0,
            "5km이내아울렛몰수":0,
            "1km이내대형먀트수":0,
            "500m이내은행수":1,
            "500m이내병원수":0,
            "5km이내대형병원수":2,
            "500m이내공원수":3,
            "3km이내혐오시설수":0,
            "초등학교학업성취도":89.73,
            "중학교학업성취도":67.5,
            "용적률":206,
            "건폐율":18,
            "Y":37.13109,
            "X":128.1956,
            "rank":35.0,
            "area_info":"34평(115.36), 49평(163.03), 63평(209.65)",
            "last_sales":"2021-12-22,44000.0,63평(209.65)"
        },
        {
            "index":154,
            "아파트명":"청전두진백로2차",
            "투자타입":"일반",
            "전용면적(m2)":"105.84",
            "전용면적(평)":"32평",
            "법정동주소":"충청북도 제천시 청전동 986",
            "도로명주소":"충청북도 제천시 청전대로 100",
            "세대수":0,
            "입주년차":0,
            "용적률점수":"--",
            "건폐율점수":"--",
            "세대당주차수":0,
            "난방방식":30,
            "공급면적":"--",
            "전용률":"--",
            "욕실수":100,
            "현관타입":100,
            "주거총점":23.0,
            "지역구공급총점":100.0,
            "역세권":"NA",
            "30분내 이동가능 거점":"NA",
            "1시간내 이동가능 거점":"NA",
            "교통총점":"NA",
            "백화점":0,
            "아울렛몰":0,
            "대형마트":100,
            "은행":0,
            "병원":30,
            "종합병원":100,
            "공원":100,
            "혐오시설":0,
            "인프라총점":41.0,
            "초등학군":91.65,
            "중학군":52.24,
            "학군총점":60.122,
            "인구수":14.27,
            "인구증감":-1.01,
            "인구총점":9.686,
            "일자리":6.8,
            "소득수준":53.84,
            "일자리총점":20.912,
            "가치 총점":39.4805,
            "매매실거래년":20211210.0,
            "매매실거래가":17800.0,
            "전세실거래년":20190815.0,
            "전세실거래가":10000.0,
            "전세가율":56.18,
            "장기전세가율평균":71.02,
            "전세가율거품지수":14.84,
            "검색코드":100417,
            "세대수":180.0,
            "준공년월":"1995-05-31",
            "준공년차":28.0,
            "가까운역이름":"NA",
            "가까운역거리":"NA",
            "역세권여부":"NA",
            "30분이내주요거점역":"NA",
            "1시간이내주요거점역":"NA",
            "3km이내백화점수":0,
            "5km이내아울렛몰수":0,
            "1km이내대형먀트수":2,
            "500m이내은행수":0,
            "500m이내병원수":9,
            "5km이내대형병원수":2,
            "500m이내공원수":3,
            "3km이내혐오시설수":0,
            "초등학교학업성취도":91.65,
            "중학교학업성취도":86.0,
            "용적률":226,
            "건폐율":25,
            "Y":37.148163,
            "X":128.209338,
            "rank":36.0,
            "area_info":"32평(105.84), 38평(127.54)",
            "last_sales":"2021-12-10,17800.0,32평(105.84)"
        },
        {
            "index":114,
            "아파트명":"장락엘크루힐즈",
            "투자타입":"일반",
            "전용면적(m2)":"101.07",
            "전용면적(평)":"30평",
            "법정동주소":"충청북도 제천시 장락동 1058",
            "도로명주소":"충청북도 제천시 내제로 339",
            "세대수":30,
            "입주년차":80,
            "용적률점수":"--",
            "건폐율점수":"--",
            "세대당주차수":30,
            "난방방식":30,
            "공급면적":"--",
            "전용률":"--",
            "욕실수":100,
            "현관타입":100,
            "주거총점":54.0,
            "지역구공급총점":100.0,
            "역세권":"NA",
            "30분내 이동가능 거점":"NA",
            "1시간내 이동가능 거점":"NA",
            "교통총점":"NA",
            "백화점":0,
            "아울렛몰":0,
            "대형마트":0,
            "은행":0,
            "병원":0,
            "종합병원":100,
            "공원":0,
            "혐오시설":0,
            "인프라총점":20.0,
            "초등학군":90.41,
            "중학군":37.8,
            "학군총점":48.322,
            "인구수":14.27,
            "인구증감":-1.01,
            "인구총점":9.686,
            "일자리":6.8,
            "소득수준":53.84,
            "일자리총점":20.912,
            "가치 총점":38.9805,
            "매매실거래년":20211223.0,
            "매매실거래가":27500.0,
            "전세실거래년":20211023.0,
            "전세실거래가":2000.0,
            "전세가율":7.27,
            "장기전세가율평균":71.02,
            "전세가율거품지수":63.75,
            "검색코드":113091,
            "세대수":310.0,
            "준공년월":"2018-06-29",
            "준공년차":5.0,
            "가까운역이름":"NA",
            "가까운역거리":"NA",
            "역세권여부":"NA",
            "30분이내주요거점역":"NA",
            "1시간이내주요거점역":"NA",
            "3km이내백화점수":0,
            "5km이내아울렛몰수":0,
            "1km이내대형먀트수":0,
            "500m이내은행수":0,
            "500m이내병원수":0,
            "5km이내대형병원수":2,
            "500m이내공원수":0,
            "3km이내혐오시설수":0,
            "초등학교학업성취도":90.41,
            "중학교학업성취도":63.0,
            "용적률":236,
            "건폐율":27,
            "Y":37.145903,
            "X":128.22311,
            "rank":37.0,
            "area_info":"30평(101.07), 30평(101.07), 34평(112.63), 34평(114.6)",
            "last_sales":"2021-12-23,27500.0,30평(101.07)"
        },
        {
            "index":101,
            "아파트명":"장락e-편한세상",
            "투자타입":"일반",
            "전용면적(m2)":"110.84",
            "전용면적(평)":"33평",
            "법정동주소":"충청북도 제천시 장락동 678",
            "도로명주소":"충청북도 제천시 장락로 62",
            "세대수":30,
            "입주년차":40,
            "용적률점수":"--",
            "건폐율점수":"--",
            "세대당주차수":60,
            "난방방식":30,
            "공급면적":"--",
            "전용률":"--",
            "욕실수":100,
            "현관타입":100,
            "주거총점":50.5,
            "지역구공급총점":100.0,
            "역세권":"NA",
            "30분내 이동가능 거점":"NA",
            "1시간내 이동가능 거점":"NA",
            "교통총점":"NA",
            "백화점":0,
            "아울렛몰":0,
            "대형마트":0,
            "은행":0,
            "병원":0,
            "종합병원":100,
            "공원":100,
            "혐오시설":0,
            "인프라총점":23.0,
            "초등학군":90.41,
            "중학군":37.8,
            "학군총점":48.322,
            "인구수":14.27,
            "인구증감":-1.01,
            "인구총점":9.686,
            "일자리":6.8,
            "소득수준":53.84,
            "일자리총점":20.912,
            "가치 총점":38.9555,
            "매매실거래년":20211228.0,
            "매매실거래가":31800.0,
            "전세실거래년":20210311.0,
            "전세실거래가":20000.0,
            "전세가율":74.63,
            "장기전세가율평균":71.02,
            "전세가율거품지수":-3.61,
            "검색코드":23598,
            "세대수":378.0,
            "준공년월":"2007-07-26",
            "준공년차":16.0,
            "가까운역이름":"NA",
            "가까운역거리":"NA",
            "역세권여부":"NA",
            "30분이내주요거점역":"NA",
            "1시간이내주요거점역":"NA",
            "3km이내백화점수":0,
            "5km이내아울렛몰수":0,
            "1km이내대형먀트수":0,
            "500m이내은행수":0,
            "500m이내병원수":0,
            "5km이내대형병원수":2,
            "500m이내공원수":2,
            "3km이내혐오시설수":0,
            "초등학교학업성취도":90.41,
            "중학교학업성취도":63.0,
            "용적률":209,
            "건폐율":21,
            "Y":37.147218,
            "X":128.223418,
            "rank":38.0,
            "area_info":"33평(110.84), 33평(111.5), 45평(151.09), 54평(179.18)",
            "last_sales":"2021-12-28,31800.0,45평(151.09)"
        },
        {
            "index":64,
            "아파트명":"극동",
            "투자타입":"일반",
            "전용면적(m2)":"76.8",
            "전용면적(평)":"23평",
            "법정동주소":"충청북도 제천시 신백동 208-5",
            "도로명주소":"충청북도 제천시 관전로1길 35",
            "세대수":50,
            "입주년차":0,
            "용적률점수":"--",
            "건폐율점수":"--",
            "세대당주차수":0,
            "난방방식":30,
            "공급면적":"--",
            "전용률":"--",
            "욕실수":50,
            "현관타입":100,
            "주거총점":35.5,
            "지역구공급총점":100.0,
            "역세권":"NA",
            "30분내 이동가능 거점":"NA",
            "1시간내 이동가능 거점":"NA",
            "교통총점":"NA",
            "백화점":0,
            "아울렛몰":0,
            "대형마트":80,
            "은행":0,
            "병원":10,
            "종합병원":100,
            "공원":0,
            "혐오시설":0,
            "인프라총점":33.0,
            "초등학군":91.38,
            "중학군":42.0,
            "학군총점":51.876,
            "인구수":14.27,
            "인구증감":-1.01,
            "인구총점":9.686,
            "일자리":6.8,
            "소득수준":53.84,
            "일자리총점":20.912,
            "가치 총점":38.594,
            "매매실거래년":20211220.0,
            "매매실거래가":18000.0,
            "전세실거래년":20210812.0,
            "전세실거래가":8500.0,
            "전세가율":96.59,
            "장기전세가율평균":71.02,
            "전세가율거품지수":-25.57,
            "검색코드":6943,
            "세대수":653.0,
            "준공년월":"1993-09-17",
            "준공년차":30.0,
            "가까운역이름":"NA",
            "가까운역거리":"NA",
            "역세권여부":"NA",
            "30분이내주요거점역":"NA",
            "1시간이내주요거점역":"NA",
            "3km이내백화점수":0,
            "5km이내아울렛몰수":0,
            "1km이내대형먀트수":1,
            "500m이내은행수":0,
            "500m이내병원수":3,
            "5km이내대형병원수":2,
            "500m이내공원수":0,
            "3km이내혐오시설수":0,
            "초등학교학업성취도":91.38,
            "중학교학업성취도":70.0,
            "용적률":221,
            "건폐율":23,
            "Y":37.12922,
            "X":128.22536,
            "rank":39.0,
            "area_info":"23평(76.8), 28평(93.7), 31평(104.11), 31평(104.41)",
            "last_sales":"2021-12-20,18000.0,31평(104.11)"
        },
        {
            "index":118,
            "아파트명":"장락주공2단지",
            "투자타입":"일반",
            "전용면적(m2)":"54.51",
            "전용면적(평)":"16평",
            "법정동주소":"충청북도 제천시 장락동 1026",
            "도로명주소":"충청북도 제천시 죽하로 48",
            "세대수":80,
            "입주년차":20,
            "용적률점수":"--",
            "건폐율점수":"--",
            "세대당주차수":0,
            "난방방식":30,
            "공급면적":"--",
            "전용률":"--",
            "욕실수":50,
            "현관타입":10,
            "주거총점":41.0,
            "지역구공급총점":100.0,
            "역세권":"NA",
            "30분내 이동가능 거점":"NA",
            "1시간내 이동가능 거점":"NA",
            "교통총점":"NA",
            "백화점":0,
            "아울렛몰":0,
            "대형마트":0,
            "은행":0,
            "병원":10,
            "종합병원":100,
            "공원":100,
            "혐오시설":0,
            "인프라총점":24.0,
            "초등학군":90.41,
            "중학군":48.96,
            "학군총점":57.25,
            "인구수":14.27,
            "인구증감":-1.01,
            "인구총점":9.686,
            "일자리":6.8,
            "소득수준":53.84,
            "일자리총점":20.912,
            "가치 총점":38.2625,
            "매매실거래년":20220112.0,
            "매매실거래가":11000.0,
            "전세실거래년":20211014.0,
            "전세실거래가":7000.0,
            "전세가율":90.91,
            "장기전세가율평균":71.02,
            "전세가율거품지수":-19.89,
            "검색코드":15355,
            "세대수":714.0,
            "준공년월":"1999-05-31",
            "준공년차":24.0,
            "가까운역이름":"NA",
            "가까운역거리":"NA",
            "역세권여부":"NA",
            "30분이내주요거점역":"NA",
            "1시간이내주요거점역":"NA",
            "3km이내백화점수":0,
            "5km이내아울렛몰수":0,
            "1km이내대형먀트수":0,
            "500m이내은행수":0,
            "500m이내병원수":3,
            "5km이내대형병원수":2,
            "500m이내공원수":2,
            "3km이내혐오시설수":0,
            "초등학교학업성취도":90.41,
            "중학교학업성취도":81.6,
            "용적률":181,
            "건폐율":15,
            "Y":37.156153,
            "X":128.225572,
            "rank":40.0,
            "area_info":"16평(54.51), 20평(67.48), 23평(77.77)",
            "last_sales":"2022-01-12,11000.0,23평(77.77)"
        },
        {
            "index":87,
            "아파트명":"현진에버빌1차",
            "투자타입":"일반",
            "전용면적(m2)":"88.71",
            "전용면적(평)":"26평",
            "법정동주소":"충청북도 제천시 왕암동 905",
            "도로명주소":"충청북도 제천시 바이오밸리로 202",
            "세대수":30,
            "입주년차":40,
            "용적률점수":"--",
            "건폐율점수":"--",
            "세대당주차수":30,
            "난방방식":30,
            "공급면적":"--",
            "전용률":"--",
            "욕실수":100,
            "현관타입":100,
            "주거총점":46.0,
            "지역구공급총점":100.0,
            "역세권":"NA",
            "30분내 이동가능 거점":"NA",
            "1시간내 이동가능 거점":"NA",
            "교통총점":"NA",
            "백화점":0,
            "아울렛몰":0,
            "대형마트":0,
            "은행":0,
            "병원":0,
            "종합병원":80,
            "공원":100,
            "혐오시설":0,
            "인프라총점":19.0,
            "초등학군":91.11,
            "중학군":49.54,
            "학군총점":57.854,
            "인구수":14.27,
            "인구증감":-1.01,
            "인구총점":9.686,
            "일자리":6.8,
            "소득수준":53.84,
            "일자리총점":20.912,
            "가치 총점":38.1635,
            "매매실거래년":20211213.0,
            "매매실거래가":31000.0,
            "전세실거래년":20211218.0,
            "전세실거래가":10500.0,
            "전세가율":75.0,
            "장기전세가율평균":71.02,
            "전세가율거품지수":-3.98,
            "검색코드":23601,
            "세대수":377.0,
            "준공년월":"2007-07-27",
            "준공년차":16.0,
            "가까운역이름":"NA",
            "가까운역거리":"NA",
            "역세권여부":"NA",
            "30분이내주요거점역":"NA",
            "1시간이내주요거점역":"NA",
            "3km이내백화점수":0,
            "5km이내아울렛몰수":0,
            "1km이내대형먀트수":0,
            "500m이내은행수":0,
            "500m이내병원수":0,
            "5km이내대형병원수":1,
            "500m이내공원수":3,
            "3km이내혐오시설수":0,
            "초등학교학업성취도":91.11,
            "중학교학업성취도":82.3,
            "용적률":198,
            "건폐율":18,
            "Y":37.15552,
            "X":128.17247,
            "rank":41.0,
            "area_info":"26평(88.71), 31평(105.6), 36평(120.61), 46평(154.51)",
            "last_sales":"2021-12-13,31000.0,46평(154.51)"
        },
        {
            "index":126,
            "아파트명":"제천미림청솔",
            "투자타입":"일반",
            "전용면적(m2)":"67.69",
            "전용면적(평)":"20평",
            "법정동주소":"충청북도 제천시 장락동 637-7",
            "도로명주소":"충청북도 제천시 청전대로 211",
            "세대수":50,
            "입주년차":0,
            "용적률점수":"--",
            "건폐율점수":"--",
            "세대당주차수":0,
            "난방방식":30,
            "공급면적":"--",
            "전용률":"--",
            "욕실수":50,
            "현관타입":100,
            "주거총점":35.5,
            "지역구공급총점":100.0,
            "역세권":"NA",
            "30분내 이동가능 거점":"NA",
            "1시간내 이동가능 거점":"NA",
            "교통총점":"NA",
            "백화점":0,
            "아울렛몰":0,
            "대형마트":0,
            "은행":0,
            "병원":30,
            "종합병원":100,
            "공원":100,
            "혐오시설":0,
            "인프라총점":26.0,
            "초등학군":90.41,
            "중학군":48.96,
            "학군총점":57.25,
            "인구수":14.27,
            "인구증감":-1.01,
            "인구총점":9.686,
            "일자리":6.8,
            "소득수준":53.84,
            "일자리총점":20.912,
            "가치 총점":37.1375,
            "매매실거래년":20211231.0,
            "매매실거래가":8800.0,
            "전세실거래년":20220108.0,
            "전세실거래가":7000.0,
            "전세가율":79.55,
            "장기전세가율평균":71.02,
            "전세가율거품지수":-8.53,
            "검색코드":15353,
            "세대수":449.0,
            "준공년월":"1995-11-28",
            "준공년차":28.0,
            "가까운역이름":"NA",
            "가까운역거리":"NA",
            "역세권여부":"NA",
            "30분이내주요거점역":"NA",
            "1시간이내주요거점역":"NA",
            "3km이내백화점수":0,
            "5km이내아울렛몰수":0,
            "1km이내대형먀트수":0,
            "500m이내은행수":0,
            "500m이내병원수":7,
            "5km이내대형병원수":2,
            "500m이내공원수":2,
            "3km이내혐오시설수":0,
            "초등학교학업성취도":90.41,
            "중학교학업성취도":81.6,
            "용적률":238,
            "건폐율":23,
            "Y":37.153044,
            "X":128.220959,
            "rank":42.0,
            "area_info":"20평(67.69)",
            "last_sales":"2021-12-31,8800.0,20평(67.69)"
        },
        {
            "index":17,
            "아파트명":"고암두진백로",
            "투자타입":"일반",
            "전용면적(m2)":"63.92",
            "전용면적(평)":"19평",
            "법정동주소":"충청북도 제천시 고암동 1101",
            "도로명주소":"충청북도 제천시 용두천로 384",
            "세대수":80,
            "입주년차":0,
            "용적률점수":"--",
            "건폐율점수":"--",
            "세대당주차수":0,
            "난방방식":30,
            "공급면적":"--",
            "전용률":"--",
            "욕실수":50,
            "현관타입":10,
            "주거총점":37.0,
            "지역구공급총점":100.0,
            "역세권":"NA",
            "30분내 이동가능 거점":"NA",
            "1시간내 이동가능 거점":"NA",
            "교통총점":"NA",
            "백화점":0,
            "아울렛몰":0,
            "대형마트":0,
            "은행":0,
            "병원":0,
            "종합병원":100,
            "공원":100,
            "혐오시설":0,
            "인프라총점":23.0,
            "초등학군":88.32,
            "중학군":48.96,
            "학군총점":56.832,
            "인구수":14.27,
            "인구증감":-1.01,
            "인구총점":9.686,
            "일자리":6.8,
            "소득수준":53.84,
            "일자리총점":20.912,
            "가치 총점":36.358,
            "매매실거래년":20220113.0,
            "매매실거래가":6000.0,
            "전세실거래년":20211215.0,
            "전세실거래가":4500.0,
            "전세가율":75.0,
            "장기전세가율평균":71.02,
            "전세가율거품지수":-3.98,
            "검색코드":15339,
            "세대수":866.0,
            "준공년월":"1997-10-24",
            "준공년차":26.0,
            "가까운역이름":"NA",
            "가까운역거리":"NA",
            "역세권여부":"NA",
            "30분이내주요거점역":"NA",
            "1시간이내주요거점역":"NA",
            "3km이내백화점수":0,
            "5km이내아울렛몰수":0,
            "1km이내대형먀트수":0,
            "500m이내은행수":0,
            "500m이내병원수":1,
            "5km이내대형병원수":2,
            "500m이내공원수":3,
            "3km이내혐오시설수":0,
            "초등학교학업성취도":88.32,
            "중학교학업성취도":81.6,
            "용적률":205,
            "건폐율":22,
            "Y":37.159339,
            "X":128.217892,
            "rank":43.0,
            "area_info":"19평(63.92), 22평(75.22), 22평(75.24), 28평(94.21), 31평(102.96)",
            "last_sales":"2022-01-13,6000.0,19평(63.92)"
        },
        {
            "index":59,
            "아파트명":"미당한마음",
            "투자타입":"일반",
            "전용면적(m2)":"75.63",
            "전용면적(평)":"22평",
            "법정동주소":"충청북도 제천시 봉양읍 미당리 820",
            "도로명주소":"충청북도 제천시 용두대로36길 5-12",
            "세대수":50,
            "입주년차":40,
            "용적률점수":"--",
            "건폐율점수":"--",
            "세대당주차수":0,
            "난방방식":30,
            "공급면적":"--",
            "전용률":"--",
            "욕실수":50,
            "현관타입":100,
            "주거총점":43.5,
            "지역구공급총점":100.0,
            "역세권":"NA",
            "30분내 이동가능 거점":"NA",
            "1시간내 이동가능 거점":"NA",
            "교통총점":"NA",
            "백화점":0,
            "아울렛몰":0,
            "대형마트":0,
            "은행":0,
            "병원":0,
            "종합병원":80,
            "공원":0,
            "혐오시설":0,
            "인프라총점":16.0,
            "초등학군":91.11,
            "중학군":49.54,
            "학군총점":57.854,
            "인구수":14.27,
            "인구증감":-1.01,
            "인구총점":9.686,
            "일자리":6.8,
            "소득수준":53.84,
            "일자리총점":20.912,
            "가치 총점":36.0885,
            "매매실거래년":20211215.0,
            "매매실거래가":8150.0,
            "전세실거래년":20211012.0,
            "전세실거래가":6000.0,
            "전세가율":73.62,
            "장기전세가율평균":71.02,
            "전세가율거품지수":-2.6,
            "검색코드":102459,
            "세대수":495.0,
            "준공년월":"2004-12-31",
            "준공년차":19.0,
            "가까운역이름":"NA",
            "가까운역거리":"NA",
            "역세권여부":"NA",
            "30분이내주요거점역":"NA",
            "1시간이내주요거점역":"NA",
            "3km이내백화점수":0,
            "5km이내아울렛몰수":0,
            "1km이내대형먀트수":0,
            "500m이내은행수":0,
            "500m이내병원수":0,
            "5km이내대형병원수":1,
            "500m이내공원수":0,
            "3km이내혐오시설수":0,
            "초등학교학업성취도":91.11,
            "중학교학업성취도":82.3,
            "용적률":136,
            "건폐율":15,
            "Y":37.157884,
            "X":128.158126,
            "rank":44.0,
            "area_info":"22평(75.63)",
            "last_sales":"2021-12-15,8150.0,22평(75.63)"
        },
        {
            "index":121,
            "아파트명":"장락파라디아",
            "투자타입":"일반",
            "전용면적(m2)":"113.32",
            "전용면적(평)":"34평",
            "법정동주소":"충청북도 제천시 장락동 325",
            "도로명주소":"충청북도 제천시 내토로57길 19",
            "세대수":0,
            "입주년차":40,
            "용적률점수":"--",
            "건폐율점수":"--",
            "세대당주차수":60,
            "난방방식":30,
            "공급면적":"--",
            "전용률":"--",
            "욕실수":100,
            "현관타입":100,
            "주거총점":40.0,
            "지역구공급총점":100.0,
            "역세권":"NA",
            "30분내 이동가능 거점":"NA",
            "1시간내 이동가능 거점":"NA",
            "교통총점":"NA",
            "백화점":0,
            "아울렛몰":0,
            "대형마트":0,
            "은행":0,
            "병원":10,
            "종합병원":100,
            "공원":100,
            "혐오시설":0,
            "인프라총점":24.0,
            "초등학군":90.41,
            "중학군":37.8,
            "학군총점":48.322,
            "인구수":14.27,
            "인구증감":-1.01,
            "인구총점":9.686,
            "일자리":6.8,
            "소득수준":53.84,
            "일자리총점":20.912,
            "가치 총점":35.6805,
            "매매실거래년":20211225.0,
            "매매실거래가":30700.0,
            "전세실거래년":20190611.0,
            "전세실거래가":16500.0,
            "전세가율":76.74,
            "장기전세가율평균":71.02,
            "전세가율거품지수":-5.72,
            "검색코드":101182,
            "세대수":213.0,
            "준공년월":"2008-06-11",
            "준공년차":15.0,
            "가까운역이름":"NA",
            "가까운역거리":"NA",
            "역세권여부":"NA",
            "30분이내주요거점역":"NA",
            "1시간이내주요거점역":"NA",
            "3km이내백화점수":0,
            "5km이내아울렛몰수":0,
            "1km이내대형먀트수":0,
            "500m이내은행수":0,
            "500m이내병원수":2,
            "5km이내대형병원수":2,
            "500m이내공원수":2,
            "3km이내혐오시설수":0,
            "초등학교학업성취도":90.41,
            "중학교학업성취도":63.0,
            "용적률":230,
            "건폐율":19,
            "Y":37.149523,
            "X":128.224292,
            "rank":45.0,
            "area_info":"34평(113.32), 36평(120.32), 48평(159.95), 50평(166.24), 53평(177.24)",
            "last_sales":"2021-12-25,30700.0,53평(177.24)"
        },
        {
            "index":105,
            "아파트명":"장락로즈웰",
            "투자타입":"일반",
            "전용면적(m2)":"107.03",
            "전용면적(평)":"32평",
            "법정동주소":"충청북도 제천시 장락동 536-4",
            "도로명주소":"충청북도 제천시 장락로 169",
            "세대수":0,
            "입주년차":20,
            "용적률점수":"--",
            "건폐율점수":"--",
            "세대당주차수":30,
            "난방방식":30,
            "공급면적":"--",
            "전용률":"--",
            "욕실수":100,
            "현관타입":100,
            "주거총점":31.5,
            "지역구공급총점":100.0,
            "역세권":"NA",
            "30분내 이동가능 거점":"NA",
            "1시간내 이동가능 거점":"NA",
            "교통총점":"NA",
            "백화점":0,
            "아울렛몰":0,
            "대형마트":0,
            "은행":0,
            "병원":10,
            "종합병원":100,
            "공원":100,
            "혐오시설":0,
            "인프라총점":24.0,
            "초등학군":90.41,
            "중학군":48.96,
            "학군총점":57.25,
            "인구수":14.27,
            "인구증감":-1.01,
            "인구총점":9.686,
            "일자리":6.8,
            "소득수준":53.84,
            "일자리총점":20.912,
            "가치 총점":34.9375,
            "매매실거래년":20211008.0,
            "매매실거래가":27000.0,
            "전세실거래년":20191103.0,
            "전세실거래가":11000.0,
            "전세가율":71.43,
            "장기전세가율평균":71.02,
            "전세가율거품지수":-0.41,
            "검색코드":15352,
            "세대수":253.0,
            "준공년월":"2001-07-10",
            "준공년차":22.0,
            "가까운역이름":"NA",
            "가까운역거리":"NA",
            "역세권여부":"NA",
            "30분이내주요거점역":"NA",
            "1시간이내주요거점역":"NA",
            "3km이내백화점수":0,
            "5km이내아울렛몰수":0,
            "1km이내대형먀트수":0,
            "500m이내은행수":0,
            "500m이내병원수":2,
            "5km이내대형병원수":2,
            "500m이내공원수":2,
            "3km이내혐오시설수":0,
            "초등학교학업성취도":90.41,
            "중학교학업성취도":81.6,
            "용적률":240,
            "건폐율":21,
            "Y":37.157467,
            "X":128.226635,
            "rank":46.0,
            "area_info":"32평(107.03), 34평(114.92), 43평(143.49), 52평(174.52)",
            "last_sales":"2021-10-08,27000.0,52평(174.52)"
        },
        {
            "index":127,
            "아파트명":"천일베리굿",
            "투자타입":"일반",
            "전용면적(m2)":"74.99",
            "전용면적(평)":"22평",
            "법정동주소":"충청북도 제천시 장락동 460",
            "도로명주소":"충청북도 제천시 내토로65길 17",
            "세대수":0,
            "입주년차":20,
            "용적률점수":"--",
            "건폐율점수":"--",
            "세대당주차수":30,
            "난방방식":30,
            "공급면적":"--",
            "전용률":"--",
            "욕실수":100,
            "현관타입":100,
            "주거총점":31.5,
            "지역구공급총점":100.0,
            "역세권":"NA",
            "30분내 이동가능 거점":"NA",
            "1시간내 이동가능 거점":"NA",
            "교통총점":"NA",
            "백화점":0,
            "아울렛몰":0,
            "대형마트":0,
            "은행":0,
            "병원":10,
            "종합병원":100,
            "공원":100,
            "혐오시설":0,
            "인프라총점":24.0,
            "초등학군":90.41,
            "중학군":48.96,
            "학군총점":57.25,
            "인구수":14.27,
            "인구증감":-1.01,
            "인구총점":9.686,
            "일자리":6.8,
            "소득수준":53.84,
            "일자리총점":20.912,
            "가치 총점":34.9375,
            "매매실거래년":20211210.0,
            "매매실거래가":11000.0,
            "전세실거래년":20210403.0,
            "전세실거래가":10000.0,
            "전세가율":90.91,
            "장기전세가율평균":71.02,
            "전세가율거품지수":-19.89,
            "검색코드":100980,
            "세대수":266.0,
            "준공년월":"2003-07-31",
            "준공년차":20.0,
            "가까운역이름":"NA",
            "가까운역거리":"NA",
            "역세권여부":"NA",
            "30분이내주요거점역":"NA",
            "1시간이내주요거점역":"NA",
            "3km이내백화점수":0,
            "5km이내아울렛몰수":0,
            "1km이내대형먀트수":0,
            "500m이내은행수":0,
            "500m이내병원수":3,
            "5km이내대형병원수":2,
            "500m이내공원수":2,
            "3km이내혐오시설수":0,
            "초등학교학업성취도":90.41,
            "중학교학업성취도":81.6,
            "용적률":200,
            "건폐율":17,
            "Y":37.155986,
            "X":128.227377,
            "rank":46.0,
            "area_info":"22평(74.99), 33평(111.36)",
            "last_sales":"2021-12-10,11000.0,22평(74.99)"
        },
        {
            "index":69,
            "아파트명":"신백덕일한마음",
            "투자타입":"일반",
            "전용면적(m2)":"72.24",
            "전용면적(평)":"21평",
            "법정동주소":"충청북도 제천시 신백동 110",
            "도로명주소":"충청북도 제천시 탑안로4길 11",
            "세대수":80,
            "입주년차":0,
            "용적률점수":"--",
            "건폐율점수":"--",
            "세대당주차수":0,
            "난방방식":30,
            "공급면적":"--",
            "전용률":"--",
            "욕실수":50,
            "현관타입":10,
            "주거총점":37.0,
            "지역구공급총점":100.0,
            "역세권":"NA",
            "30분내 이동가능 거점":"NA",
            "1시간내 이동가능 거점":"NA",
            "교통총점":"NA",
            "백화점":0,
            "아울렛몰":0,
            "대형마트":0,
            "은행":0,
            "병원":10,
            "종합병원":100,
            "공원":0,
            "혐오시설":0,
            "인프라총점":21.0,
            "초등학군":90.0,
            "중학군":42.0,
            "학군총점":51.6,
            "인구수":14.27,
            "인구증감":-1.01,
            "인구총점":9.686,
            "일자리":6.8,
            "소득수준":53.84,
            "일자리총점":20.912,
            "가치 총점":34.25,
            "매매실거래년":20211204.0,
            "매매실거래가":6100.0,
            "전세실거래년":20211119.0,
            "전세실거래가":6500.0,
            "전세가율":106.56,
            "장기전세가율평균":71.02,
            "전세가율거품지수":-35.54,
            "검색코드":15345,
            "세대수":805.0,
            "준공년월":"1996-09-13",
            "준공년차":27.0,
            "가까운역이름":"NA",
            "가까운역거리":"NA",
            "역세권여부":"NA",
            "30분이내주요거점역":"NA",
            "1시간이내주요거점역":"NA",
            "3km이내백화점수":0,
            "5km이내아울렛몰수":0,
            "1km이내대형먀트수":0,
            "500m이내은행수":0,
            "500m이내병원수":3,
            "5km이내대형병원수":2,
            "500m이내공원수":0,
            "3km이내혐오시설수":0,
            "초등학교학업성취도":90.0,
            "중학교학업성취도":70.0,
            "용적률":204,
            "건폐율":22,
            "Y":37.13537,
            "X":128.22825,
            "rank":47.0,
            "area_info":"21평(72.24), 22평(75.08), 22평(75.14)",
            "last_sales":"2021-12-04,6100.0,21평(72.24)"
        },
        {
            "index":27,
            "아파트명":"금용",
            "투자타입":"일반",
            "전용면적(m2)":"74.86",
            "전용면적(평)":"22평",
            "법정동주소":"충청북도 제천시 고암동 1129-1",
            "도로명주소":"충청북도 제천시 용두천로44길 5",
            "세대수":30,
            "입주년차":0,
            "용적률점수":"--",
            "건폐율점수":"--",
            "세대당주차수":0,
            "난방방식":30,
            "공급면적":"--",
            "전용률":"--",
            "욕실수":50,
            "현관타입":100,
            "주거총점":28.5,
            "지역구공급총점":100.0,
            "역세권":"NA",
            "30분내 이동가능 거점":"NA",
            "1시간내 이동가능 거점":"NA",
            "교통총점":"NA",
            "백화점":0,
            "아울렛몰":0,
            "대형마트":0,
            "은행":0,
            "병원":0,
            "종합병원":100,
            "공원":100,
            "혐오시설":0,
            "인프라총점":23.0,
            "초등학군":91.87,
            "중학군":48.96,
            "학군총점":57.542,
            "인구수":14.27,
            "인구증감":-1.01,
            "인구총점":9.686,
            "일자리":6.8,
            "소득수준":53.84,
            "일자리총점":20.912,
            "가치 총점":33.5605,
            "매매실거래년":20211018.0,
            "매매실거래가":21000.0,
            "전세실거래년":20210730.0,
            "전세실거래가":1800.0,
            "전세가율":19.57,
            "장기전세가율평균":71.02,
            "전세가율거품지수":51.45,
            "검색코드":15338,
            "세대수":370.0,
            "준공년월":"1993-07-05",
            "준공년차":30.0,
            "가까운역이름":"NA",
            "가까운역거리":"NA",
            "역세권여부":"NA",
            "30분이내주요거점역":"NA",
            "1시간이내주요거점역":"NA",
            "3km이내백화점수":0,
            "5km이내아울렛몰수":0,
            "1km이내대형먀트수":0,
            "500m이내은행수":0,
            "500m이내병원수":1,
            "5km이내대형병원수":2,
            "500m이내공원수":4,
            "3km이내혐오시설수":0,
            "초등학교학업성취도":91.87,
            "중학교학업성취도":81.6,
            "용적률":276,
            "건폐율":22,
            "Y":37.157655,
            "X":128.217673,
            "rank":48.0,
            "area_info":"22평(74.86), 25평(83.76), 27평(89.96), 27평(89.96), 28평(94.42), 30평(101.95), 49평(163.61)",
            "last_sales":"2021-10-18,21000.0,49평(163.61)"
        },
        {
            "index":74,
            "아파트명":"장미",
            "투자타입":"일반",
            "전용면적(m2)":"83.28",
            "전용면적(평)":"25평",
            "법정동주소":"충청북도 제천시 신백동 205-5",
            "도로명주소":"충청북도 제천시 의병대로36길 28",
            "세대수":30,
            "입주년차":0,
            "용적률점수":"--",
            "건폐율점수":"--",
            "세대당주차수":0,
            "난방방식":30,
            "공급면적":"--",
            "전용률":"--",
            "욕실수":50,
            "현관타입":10,
            "주거총점":19.5,
            "지역구공급총점":100.0,
            "역세권":"NA",
            "30분내 이동가능 거점":"NA",
            "1시간내 이동가능 거점":"NA",
            "교통총점":"NA",
            "백화점":0,
            "아울렛몰":0,
            "대형마트":80,
            "은행":0,
            "병원":10,
            "종합병원":100,
            "공원":0,
            "혐오시설":0,
            "인프라총점":33.0,
            "초등학군":91.38,
            "중학군":42.0,
            "학군총점":51.876,
            "인구수":14.27,
            "인구증감":-1.01,
            "인구총점":9.686,
            "일자리":6.8,
            "소득수준":53.84,
            "일자리총점":20.912,
            "가치 총점":32.994,
            "매매실거래년":20211101.0,
            "매매실거래가":7000.0,
            "전세실거래년":20211031.0,
            "전세실거래가":6000.0,
            "전세가율":85.71,
            "장기전세가율평균":71.02,
            "전세가율거품지수":-14.69,
            "검색코드":15346,
            "세대수":330.0,
            "준공년월":"1994-08-09",
            "준공년차":29.0,
            "가까운역이름":"NA",
            "가까운역거리":"NA",
            "역세권여부":"NA",
            "30분이내주요거점역":"NA",
            "1시간이내주요거점역":"NA",
            "3km이내백화점수":0,
            "5km이내아울렛몰수":0,
            "1km이내대형먀트수":1,
            "500m이내은행수":0,
            "500m이내병원수":3,
            "5km이내대형병원수":2,
            "500m이내공원수":0,
            "3km이내혐오시설수":0,
            "초등학교학업성취도":91.38,
            "중학교학업성취도":70.0,
            "용적률":303,
            "건폐율":29,
            "Y":37.12984,
            "X":128.22709,
            "rank":49.0,
            "area_info":"25평(83.28)",
            "last_sales":"2021-11-01,7000.0,25평(83.28)"
        },
        {
            "index":57,
            "아파트명":"로즈웰모산힐",
            "투자타입":"일반",
            "전용면적(m2)":"86.08",
            "전용면적(평)":"26평",
            "법정동주소":"충청북도 제천시 모산동 543-9",
            "도로명주소":"충청북도 제천시 신죽하로 165",
            "세대수":0,
            "입주년차":20,
            "용적률점수":"--",
            "건폐율점수":"--",
            "세대당주차수":0,
            "난방방식":30,
            "공급면적":"--",
            "전용률":"--",
            "욕실수":100,
            "현관타입":100,
            "주거총점":27.0,
            "지역구공급총점":100.0,
            "역세권":"NA",
            "30분내 이동가능 거점":"NA",
            "1시간내 이동가능 거점":"NA",
            "교통총점":"NA",
            "백화점":0,
            "아울렛몰":0,
            "대형마트":0,
            "은행":0,
            "병원":0,
            "종합병원":100,
            "공원":100,
            "혐오시설":0,
            "인프라총점":23.0,
            "초등학군":88.32,
            "중학군":48.96,
            "학군총점":56.832,
            "인구수":14.27,
            "인구증감":-1.01,
            "인구총점":9.686,
            "일자리":6.8,
            "소득수준":53.84,
            "일자리총점":20.912,
            "가치 총점":32.858,
            "매매실거래년":20210928.0,
            "매매실거래가":19900.0,
            "전세실거래년":20161004.0,
            "전세실거래가":16000.0,
            "전세가율":91.95,
            "장기전세가율평균":71.02,
            "전세가율거품지수":-20.93,
            "검색코드":101022,
            "세대수":180.0,
            "준공년월":"2003-05-23",
            "준공년차":20.0,
            "가까운역이름":"NA",
            "가까운역거리":"NA",
            "역세권여부":"NA",
            "30분이내주요거점역":"NA",
            "1시간이내주요거점역":"NA",
            "3km이내백화점수":0,
            "5km이내아울렛몰수":0,
            "1km이내대형먀트수":0,
            "500m이내은행수":0,
            "500m이내병원수":1,
            "5km이내대형병원수":2,
            "500m이내공원수":2,
            "3km이내혐오시설수":0,
            "초등학교학업성취도":88.32,
            "중학교학업성취도":81.6,
            "용적률":209,
            "건폐율":19,
            "Y":37.159917,
            "X":128.212399,
            "rank":50.0,
            "area_info":"26평(86.08), 34평(112.53)",
            "last_sales":"2021-09-28,19900.0,34평(112.53)"
        },
        {
            "index":72,
            "아파트명":"신백덕일한마음2차",
            "투자타입":"일반",
            "전용면적(m2)":"74.84",
            "전용면적(평)":"22평",
            "법정동주소":"충청북도 제천시 신백동 134",
            "도로명주소":"충청북도 제천시 의병대로35길 28",
            "세대수":30,
            "입주년차":20,
            "용적률점수":"--",
            "건폐율점수":"--",
            "세대당주차수":0,
            "난방방식":30,
            "공급면적":"--",
            "전용률":"--",
            "욕실수":50,
            "현관타입":100,
            "주거총점":32.5,
            "지역구공급총점":100.0,
            "역세권":"NA",
            "30분내 이동가능 거점":"NA",
            "1시간내 이동가능 거점":"NA",
            "교통총점":"NA",
            "백화점":0,
            "아울렛몰":0,
            "대형마트":0,
            "은행":0,
            "병원":10,
            "종합병원":100,
            "공원":0,
            "혐오시설":0,
            "인프라총점":21.0,
            "초등학군":90.0,
            "중학군":42.0,
            "학군총점":51.6,
            "인구수":14.27,
            "인구증감":-1.01,
            "인구총점":9.686,
            "일자리":6.8,
            "소득수준":53.84,
            "일자리총점":20.912,
            "가치 총점":32.675,
            "매매실거래년":20211225.0,
            "매매실거래가":9000.0,
            "전세실거래년":null,
            "전세실거래가":null,
            "전세가율":null,
            "장기전세가율평균":71.02,
            "전세가율거품지수":null,
            "검색코드":17218,
            "세대수":308.0,
            "준공년월":"2000-07-24",
            "준공년차":23.0,
            "가까운역이름":"NA",
            "가까운역거리":"NA",
            "역세권여부":"NA",
            "30분이내주요거점역":"NA",
            "1시간이내주요거점역":"NA",
            "3km이내백화점수":0,
            "5km이내아울렛몰수":0,
            "1km이내대형먀트수":0,
            "500m이내은행수":0,
            "500m이내병원수":3,
            "5km이내대형병원수":2,
            "500m이내공원수":0,
            "3km이내혐오시설수":0,
            "초등학교학업성취도":90.0,
            "중학교학업성취도":70.0,
            "용적률":190,
            "건폐율":21,
            "Y":37.13461,
            "X":128.2271,
            "rank":51.0,
            "area_info":"22평(74.84), 22평(75.38)",
            "last_sales":"2021-12-25,9000.0,22평(75.38)"
        },
        {
            "index":16,
            "아파트명":"고암두진4차",
            "투자타입":"일반",
            "전용면적(m2)":"50.92",
            "전용면적(평)":"15평",
            "법정동주소":"충청북도 제천시 고암동 1142",
            "도로명주소":"충청북도 제천시 용두천로 378",
            "세대수":0,
            "입주년차":20,
            "용적률점수":"--",
            "건폐율점수":"--",
            "세대당주차수":0,
            "난방방식":30,
            "공급면적":"--",
            "전용률":"--",
            "욕실수":50,
            "현관타입":100,
            "주거총점":22.0,
            "지역구공급총점":100.0,
            "역세권":"NA",
            "30분내 이동가능 거점":"NA",
            "1시간내 이동가능 거점":"NA",
            "교통총점":"NA",
            "백화점":0,
            "아울렛몰":0,
            "대형마트":0,
            "은행":0,
            "병원":0,
            "종합병원":100,
            "공원":100,
            "혐오시설":0,
            "인프라총점":23.0,
            "초등학군":91.87,
            "중학군":48.96,
            "학군총점":57.542,
            "인구수":14.27,
            "인구증감":-1.01,
            "인구총점":9.686,
            "일자리":6.8,
            "소득수준":53.84,
            "일자리총점":20.912,
            "가치 총점":31.2855,
            "매매실거래년":20211231.0,
            "매매실거래가":3850.0,
            "전세실거래년":20211125.0,
            "전세실거래가":3000.0,
            "전세가율":77.92,
            "장기전세가율평균":71.02,
            "전세가율거품지수":-6.9,
            "검색코드":109066,
            "세대수":237.0,
            "준공년월":"2000-05-31",
            "준공년차":23.0,
            "가까운역이름":"NA",
            "가까운역거리":"NA",
            "역세권여부":"NA",
            "30분이내주요거점역":"NA",
            "1시간이내주요거점역":"NA",
            "3km이내백화점수":0,
            "5km이내아울렛몰수":0,
            "1km이내대형먀트수":0,
            "500m이내은행수":0,
            "500m이내병원수":1,
            "5km이내대형병원수":2,
            "500m이내공원수":3,
            "3km이내혐오시설수":0,
            "초등학교학업성취도":91.87,
            "중학교학업성취도":81.6,
            "용적률":346,
            "건폐율":41,
            "Y":37.158421,
            "X":128.217158,
            "rank":52.0,
            "area_info":"15평(50.92)",
            "last_sales":"2021-12-31,3850.0,15평(50.92)"
        },
        {
            "index":141,
            "아파트명":"성우한솔",
            "투자타입":"일반",
            "전용면적(m2)":"78.36",
            "전용면적(평)":"23평",
            "법정동주소":"충청북도 제천시 청전동 1069",
            "도로명주소":"충청북도 제천시 용두천로 257",
            "세대수":0,
            "입주년차":0,
            "용적률점수":"--",
            "건폐율점수":"--",
            "세대당주차수":0,
            "난방방식":30,
            "공급면적":"--",
            "전용률":"--",
            "욕실수":50,
            "현관타입":100,
            "주거총점":18.0,
            "지역구공급총점":100.0,
            "역세권":"NA",
            "30분내 이동가능 거점":"NA",
            "1시간내 이동가능 거점":"NA",
            "교통총점":"NA",
            "백화점":0,
            "아울렛몰":0,
            "대형마트":0,
            "은행":0,
            "병원":30,
            "종합병원":100,
            "공원":100,
            "혐오시설":0,
            "인프라총점":26.0,
            "초등학군":91.87,
            "중학군":48.96,
            "학군총점":57.542,
            "인구수":14.27,
            "인구증감":-1.01,
            "인구총점":9.686,
            "일자리":6.8,
            "소득수준":53.84,
            "일자리총점":20.912,
            "가치 총점":31.0855,
            "매매실거래년":20211110.0,
            "매매실거래가":11700.0,
            "전세실거래년":20191107.0,
            "전세실거래가":7000.0,
            "전세가율":59.83,
            "장기전세가율평균":71.02,
            "전세가율거품지수":11.19,
            "검색코드":6950,
            "세대수":148.0,
            "준공년월":"1995-05-30",
            "준공년차":28.0,
            "가까운역이름":"NA",
            "가까운역거리":"NA",
            "역세권여부":"NA",
            "30분이내주요거점역":"NA",
            "1시간이내주요거점역":"NA",
            "3km이내백화점수":0,
            "5km이내아울렛몰수":0,
            "1km이내대형먀트수":0,
            "500m이내은행수":1,
            "500m이내병원수":7,
            "5km이내대형병원수":2,
            "500m이내공원수":2,
            "3km이내혐오시설수":0,
            "초등학교학업성취도":91.87,
            "중학교학업성취도":81.6,
            "용적률":254,
            "건폐율":22,
            "Y":37.149208,
            "X":128.219518,
            "rank":53.0,
            "area_info":"23평(78.36), 26평(87.4), 31평(104.01)",
            "last_sales":"2021-11-10,11700.0,23평(78.36)"
        },
        {
            "index":49,
            "아파트명":"두진",
            "투자타입":"일반",
            "전용면적(m2)":"78.86",
            "전용면적(평)":"23평",
            "법정동주소":"충청북도 제천시 교동 1-1",
            "도로명주소":"충청북도 제천시 독순로23길 19",
            "세대수":30,
            "입주년차":0,
            "용적률점수":"--",
            "건폐율점수":"--",
            "세대당주차수":0,
            "난방방식":30,
            "공급면적":"--",
            "전용률":"--",
            "욕실수":50,
            "현관타입":100,
            "주거총점":28.5,
            "지역구공급총점":100.0,
            "역세권":"NA",
            "30분내 이동가능 거점":"NA",
            "1시간내 이동가능 거점":"NA",
            "교통총점":"NA",
            "백화점":0,
            "아울렛몰":0,
            "대형마트":0,
            "은행":0,
            "병원":0,
            "종합병원":100,
            "공원":80,
            "혐오시설":0,
            "인프라총점":22.4,
            "초등학군":84.81,
            "중학군":37.8,
            "학군총점":47.202,
            "인구수":14.27,
            "인구증감":-1.01,
            "인구총점":9.686,
            "일자리":6.8,
            "소득수준":53.84,
            "일자리총점":20.912,
            "가치 총점":30.7355,
            "매매실거래년":20220113.0,
            "매매실거래가":11500.0,
            "전세실거래년":20210702.0,
            "전세실거래가":7000.0,
            "전세가율":98.59,
            "장기전세가율평균":71.02,
            "전세가율거품지수":-27.57,
            "검색코드":6938,
            "세대수":363.0,
            "준공년월":"1994-11-30",
            "준공년차":29.0,
            "가까운역이름":"NA",
            "가까운역거리":"NA",
            "역세권여부":"NA",
            "30분이내주요거점역":"NA",
            "1시간이내주요거점역":"NA",
            "3km이내백화점수":0,
            "5km이내아울렛몰수":0,
            "1km이내대형먀트수":0,
            "500m이내은행수":0,
            "500m이내병원수":0,
            "5km이내대형병원수":2,
            "500m이내공원수":1,
            "3km이내혐오시설수":0,
            "초등학교학업성취도":84.81,
            "중학교학업성취도":63.0,
            "용적률":264,
            "건폐율":23,
            "Y":37.138276,
            "X":128.22015,
            "rank":54.0,
            "area_info":"23평(78.86), 31평(103.54)",
            "last_sales":"2022-01-13,11500.0,31평(103.54)"
        },
        {
            "index":56,
            "아파트명":"일동",
            "투자타입":"일반",
            "전용면적(m2)":"80.93",
            "전용면적(평)":"24평",
            "법정동주소":"충청북도 제천시 동현동 109",
            "도로명주소":"충청북도 제천시 의병대로 182",
            "세대수":0,
            "입주년차":0,
            "용적률점수":"--",
            "건폐율점수":"--",
            "세대당주차수":0,
            "난방방식":30,
            "공급면적":"--",
            "전용률":"--",
            "욕실수":50,
            "현관타입":100,
            "주거총점":18.0,
            "지역구공급총점":100.0,
            "역세권":"NA",
            "30분내 이동가능 거점":"NA",
            "1시간내 이동가능 거점":"NA",
            "교통총점":"NA",
            "백화점":0,
            "아울렛몰":0,
            "대형마트":0,
            "은행":0,
            "병원":10,
            "종합병원":100,
            "공원":100,
            "혐오시설":0,
            "인프라총점":24.0,
            "초등학군":84.81,
            "중학군":42.0,
            "학군총점":50.562,
            "인구수":14.27,
            "인구증감":-1.01,
            "인구총점":9.686,
            "일자리":6.8,
            "소득수준":53.84,
            "일자리총점":20.912,
            "가치 총점":28.5405,
            "매매실거래년":20211227.0,
            "매매실거래가":7850.0,
            "전세실거래년":20200618.0,
            "전세실거래가":5500.0,
            "전세가율":70.06,
            "장기전세가율평균":71.02,
            "전세가율거품지수":0.96,
            "검색코드":10076,
            "세대수":120.0,
            "준공년월":"1997-09-22",
            "준공년차":26.0,
            "가까운역이름":"NA",
            "가까운역거리":"NA",
            "역세권여부":"NA",
            "30분이내주요거점역":"NA",
            "1시간이내주요거점역":"NA",
            "3km이내백화점수":0,
            "5km이내아울렛몰수":0,
            "1km이내대형먀트수":0,
            "500m이내은행수":0,
            "500m이내병원수":2,
            "5km이내대형병원수":2,
            "500m이내공원수":2,
            "3km이내혐오시설수":0,
            "초등학교학업성취도":84.81,
            "중학교학업성취도":70.0,
            "용적률":0,
            "건폐율":0,
            "Y":37.13308,
            "X":128.2206,
            "rank":55.0,
            "area_info":"24평(80.93)",
            "last_sales":"2021-12-27,7850.0,24평(80.93)"
        },
        {
            "index":137,
            "아파트명":"덕일",
            "투자타입":"재건축",
            "전용면적(m2)":"109.13",
            "전용면적(평)":"33평",
            "법정동주소":"충청북도 제천시 청전동 626",
            "도로명주소":"충청북도 제천시 용두천로 313",
            "세대수":0,
            "입주년차":"--",
            "용적률점수":0,
            "건폐율점수":0,
            "세대당주차수":"--",
            "난방방식":"--",
            "공급면적":90,
            "전용률":60,
            "욕실수":"--",
            "현관타입":"--",
            "주거총점":7.5,
            "지역구공급총점":100.0,
            "역세권":"NA",
            "30분내 이동가능 거점":"NA",
            "1시간내 이동가능 거점":"NA",
            "교통총점":"NA",
            "백화점":0,
            "아울렛몰":0,
            "대형마트":0,
            "은행":0,
            "병원":30,
            "종합병원":100,
            "공원":100,
            "혐오시설":0,
            "인프라총점":26.0,
            "초등학군":91.87,
            "중학군":48.96,
            "학군총점":57.542,
            "인구수":14.27,
            "인구증감":-1.01,
            "인구총점":9.686,
            "일자리":6.8,
            "소득수준":53.84,
            "일자리총점":20.912,
            "가치 총점":27.4105,
            "매매실거래년":20220112.0,
            "매매실거래가":13700.0,
            "전세실거래년":20210930.0,
            "전세실거래가":12000.0,
            "전세가율":87.59,
            "장기전세가율평균":71.02,
            "전세가율거품지수":-16.57,
            "검색코드":6957,
            "세대수":275.0,
            "준공년월":"1991-01-15",
            "준공년차":32.0,
            "가까운역이름":"NA",
            "가까운역거리":"NA",
            "역세권여부":"NA",
            "30분이내주요거점역":"NA",
            "1시간이내주요거점역":"NA",
            "3km이내백화점수":0,
            "5km이내아울렛몰수":0,
            "1km이내대형먀트수":0,
            "500m이내은행수":1,
            "500m이내병원수":7,
            "5km이내대형병원수":2,
            "500m이내공원수":4,
            "3km이내혐오시설수":0,
            "초등학교학업성취도":91.87,
            "중학교학업성취도":81.6,
            "용적률":0,
            "건폐율":0,
            "Y":37.153069,
            "X":128.21694,
            "rank":56.0,
            "area_info":"33평(109.13), 33평(109.9), 57평(191.26)",
            "last_sales":"2022-01-12,13700.0,33평(109.13)"
        },
        {
            "index":196,
            "아파트명":"삼익",
            "투자타입":"일반",
            "전용면적(m2)":"73.59",
            "전용면적(평)":"22평",
            "법정동주소":"충청북도 제천시 화산동 237-19",
            "도로명주소":"충청북도 제천시 의림대로2길 9",
            "세대수":0,
            "입주년차":0,
            "용적률점수":"--",
            "건폐율점수":"--",
            "세대당주차수":0,
            "난방방식":80,
            "공급면적":"--",
            "전용률":"--",
            "욕실수":50,
            "현관타입":10,
            "주거총점":14.0,
            "지역구공급총점":100.0,
            "역세권":"NA",
            "30분내 이동가능 거점":"NA",
            "1시간내 이동가능 거점":"NA",
            "교통총점":"NA",
            "백화점":0,
            "아울렛몰":0,
            "대형마트":0,
            "은행":0,
            "병원":0,
            "종합병원":100,
            "공원":100,
            "혐오시설":0,
            "인프라총점":23.0,
            "초등학군":85.27,
            "중학군":40.62,
            "학군총점":49.55,
            "인구수":14.27,
            "인구증감":-1.01,
            "인구총점":9.686,
            "일자리":6.8,
            "소득수준":53.84,
            "일자리총점":20.912,
            "가치 총점":26.4875,
            "매매실거래년":20211201.0,
            "매매실거래가":6700.0,
            "전세실거래년":20180427.0,
            "전세실거래가":5500.0,
            "전세가율":114.58,
            "장기전세가율평균":71.02,
            "전세가율거품지수":-43.56,
            "검색코드":6986,
            "세대수":110.0,
            "준공년월":"1994-01-03",
            "준공년차":29.0,
            "가까운역이름":"NA",
            "가까운역거리":"NA",
            "역세권여부":"NA",
            "30분이내주요거점역":"NA",
            "1시간이내주요거점역":"NA",
            "3km이내백화점수":0,
            "5km이내아울렛몰수":0,
            "1km이내대형먀트수":0,
            "500m이내은행수":1,
            "500m이내병원수":1,
            "5km이내대형병원수":2,
            "500m이내공원수":2,
            "3km이내혐오시설수":0,
            "초등학교학업성취도":85.27,
            "중학교학업성취도":67.5,
            "용적률":374,
            "건폐율":70,
            "Y":37.128918,
            "X":128.207,
            "rank":57.0,
            "area_info":"22평(73.59), 23평(76.9)",
            "last_sales":"2021-12-01,6700.0,23평(76.9)"
        },
        {
            "index":147,
            "아파트명":"제천현대",
            "투자타입":"재건축",
            "전용면적(m2)":"89.13",
            "전용면적(평)":"26평",
            "법정동주소":"충청북도 제천시 청전동 326-5",
            "도로명주소":"충청북도 제천시 의림대로 348",
            "세대수":0,
            "입주년차":"--",
            "용적률점수":0,
            "건폐율점수":0,
            "세대당주차수":"--",
            "난방방식":"--",
            "공급면적":70,
            "전용률":80,
            "욕실수":"--",
            "현관타입":"--",
            "주거총점":7.5,
            "지역구공급총점":100.0,
            "역세권":"NA",
            "30분내 이동가능 거점":"NA",
            "1시간내 이동가능 거점":"NA",
            "교통총점":"NA",
            "백화점":0,
            "아울렛몰":0,
            "대형마트":0,
            "은행":0,
            "병원":0,
            "종합병원":100,
            "공원":100,
            "혐오시설":0,
            "인프라총점":23.0,
            "초등학군":91.87,
            "중학군":48.96,
            "학군총점":57.542,
            "인구수":14.27,
            "인구증감":-1.01,
            "인구총점":9.686,
            "일자리":6.8,
            "소득수준":53.84,
            "일자리총점":20.912,
            "가치 총점":26.2105,
            "매매실거래년":20210721.0,
            "매매실거래가":12400.0,
            "전세실거래년":20191116.0,
            "전세실거래가":7000.0,
            "전세가율":77.78,
            "장기전세가율평균":71.02,
            "전세가율거품지수":-6.76,
            "검색코드":15362,
            "세대수":205.0,
            "준공년월":"1990-10-22",
            "준공년차":33.0,
            "가까운역이름":"NA",
            "가까운역거리":"NA",
            "역세권여부":"NA",
            "30분이내주요거점역":"NA",
            "1시간이내주요거점역":"NA",
            "3km이내백화점수":0,
            "5km이내아울렛몰수":0,
            "1km이내대형먀트수":0,
            "500m이내은행수":0,
            "500m이내병원수":1,
            "5km이내대형병원수":2,
            "500m이내공원수":3,
            "3km이내혐오시설수":0,
            "초등학교학업성취도":91.87,
            "중학교학업성취도":81.6,
            "용적률":241,
            "건폐율":52,
            "Y":37.1581,
            "X":128.21216,
            "rank":58.0,
            "area_info":"26평(89.13), 31평(103.68), 31평(104.79)",
            "last_sales":"2021-07-21,12400.0,31평(104.79)"
        },
        {
            "index":60,
            "아파트명":"중앙",
            "투자타입":"일반",
            "전용면적(m2)":"66.54",
            "전용면적(평)":"20평",
            "법정동주소":"충청북도 제천시 봉양읍 주포리 235",
            "도로명주소":"충청북도 제천시 제원로2길 7",
            "세대수":50,
            "입주년차":0,
            "용적률점수":"--",
            "건폐율점수":"--",
            "세대당주차수":0,
            "난방방식":30,
            "공급면적":"--",
            "전용률":"--",
            "욕실수":50,
            "현관타입":10,
            "주거총점":26.5,
            "지역구공급총점":100.0,
            "역세권":"NA",
            "30분내 이동가능 거점":"NA",
            "1시간내 이동가능 거점":"NA",
            "교통총점":"NA",
            "백화점":0,
            "아울렛몰":0,
            "대형마트":80,
            "은행":0,
            "병원":0,
            "종합병원":0,
            "공원":80,
            "혐오시설":0,
            "인프라총점":14.4,
            "초등학군":87.26,
            "중학군":22.68,
            "학군총점":35.596,
            "인구수":14.27,
            "인구증감":-1.01,
            "인구총점":9.686,
            "일자리":6.8,
            "소득수준":53.84,
            "일자리총점":20.912,
            "가치 총점":23.934,
            "매매실거래년":20211218.0,
            "매매실거래가":6500.0,
            "전세실거래년":20210821.0,
            "전세실거래가":3000.0,
            "전세가율":66.67,
            "장기전세가율평균":71.02,
            "전세가율거품지수":4.35,
            "검색코드":12044,
            "세대수":447.0,
            "준공년월":"1994-02-07",
            "준공년차":29.0,
            "가까운역이름":"NA",
            "가까운역거리":"NA",
            "역세권여부":"NA",
            "30분이내주요거점역":"NA",
            "1시간이내주요거점역":"NA",
            "3km이내백화점수":0,
            "5km이내아울렛몰수":0,
            "1km이내대형먀트수":1,
            "500m이내은행수":0,
            "500m이내병원수":1,
            "5km이내대형병원수":0,
            "500m이내공원수":1,
            "3km이내혐오시설수":0,
            "초등학교학업성취도":87.26,
            "중학교학업성취도":37.8,
            "용적률":226,
            "건폐율":18,
            "Y":37.133014,
            "X":128.126853,
            "rank":59.0,
            "area_info":"20평(66.54), 22평(73.97), 23평(76.27), 30평(102.41)",
            "last_sales":"2021-12-18,6500.0,30평(102.41)"
        }
    ]
}