{
    "schema":{
        "fields":[
            {
                "name":"index",
                "type":"integer"
            },
            {
                "name":"아파트명",
                "type":"string"
            },
            {
                "name":"투자타입",
                "type":"string"
            },
            {
                "name":"전용면적(m2)",
                "type":"string"
            },
            {
                "name":"전용면적(평)",
                "type":"string"
            },
            {
                "name":"법정동주소",
                "type":"string"
            },
            {
                "name":"도로명주소",
                "type":"string"
            },
            {
                "name":"세대수",
                "type":"integer"
            },
            {
                "name":"입주년차",
                "type":"string"
            },
            {
                "name":"용적률점수",
                "type":"string"
            },
            {
                "name":"건폐율점수",
                "type":"string"
            },
            {
                "name":"세대당주차수",
                "type":"string"
            },
            {
                "name":"난방방식",
                "type":"string"
            },
            {
                "name":"공급면적",
                "type":"string"
            },
            {
                "name":"전용률",
                "type":"string"
            },
            {
                "name":"욕실수",
                "type":"string"
            },
            {
                "name":"현관타입",
                "type":"string"
            },
            {
                "name":"주거총점",
                "type":"number"
            },
            {
                "name":"지역구공급총점",
                "type":"number"
            },
            {
                "name":"역세권",
                "type":"string"
            },
            {
                "name":"30분내 이동가능 거점",
                "type":"string"
            },
            {
                "name":"1시간내 이동가능 거점",
                "type":"string"
            },
            {
                "name":"교통총점",
                "type":"string"
            },
            {
                "name":"백화점",
                "type":"integer"
            },
            {
                "name":"아울렛몰",
                "type":"integer"
            },
            {
                "name":"대형마트",
                "type":"integer"
            },
            {
                "name":"은행",
                "type":"integer"
            },
            {
                "name":"병원",
                "type":"integer"
            },
            {
                "name":"종합병원",
                "type":"integer"
            },
            {
                "name":"공원",
                "type":"integer"
            },
            {
                "name":"혐오시설",
                "type":"integer"
            },
            {
                "name":"인프라총점",
                "type":"number"
            },
            {
                "name":"초등학군",
                "type":"number"
            },
            {
                "name":"중학군",
                "type":"number"
            },
            {
                "name":"학군총점",
                "type":"number"
            },
            {
                "name":"인구수",
                "type":"number"
            },
            {
                "name":"인구증감",
                "type":"number"
            },
            {
                "name":"인구총점",
                "type":"number"
            },
            {
                "name":"일자리",
                "type":"number"
            },
            {
                "name":"소득수준",
                "type":"number"
            },
            {
                "name":"일자리총점",
                "type":"number"
            },
            {
                "name":"가치 총점",
                "type":"number"
            },
            {
                "name":"매매실거래년",
                "type":"string"
            },
            {
                "name":"매매실거래가",
                "type":"number"
            },
            {
                "name":"전세실거래년",
                "type":"number"
            },
            {
                "name":"전세실거래가",
                "type":"number"
            },
            {
                "name":"전세가율",
                "type":"number"
            },
            {
                "name":"장기전세가율평균",
                "type":"number"
            },
            {
                "name":"전세가율거품지수",
                "type":"number"
            },
            {
                "name":"검색코드",
                "type":"integer"
            },
            {
                "name":"세대수",
                "type":"number"
            },
            {
                "name":"준공년월",
                "type":"string"
            },
            {
                "name":"준공년차",
                "type":"number"
            },
            {
                "name":"가까운역이름",
                "type":"string"
            },
            {
                "name":"가까운역거리",
                "type":"string"
            },
            {
                "name":"역세권여부",
                "type":"string"
            },
            {
                "name":"30분이내주요거점역",
                "type":"string"
            },
            {
                "name":"1시간이내주요거점역",
                "type":"string"
            },
            {
                "name":"3km이내백화점수",
                "type":"integer"
            },
            {
                "name":"5km이내아울렛몰수",
                "type":"integer"
            },
            {
                "name":"1km이내대형먀트수",
                "type":"integer"
            },
            {
                "name":"500m이내은행수",
                "type":"integer"
            },
            {
                "name":"500m이내병원수",
                "type":"integer"
            },
            {
                "name":"5km이내대형병원수",
                "type":"integer"
            },
            {
                "name":"500m이내공원수",
                "type":"integer"
            },
            {
                "name":"3km이내혐오시설수",
                "type":"integer"
            },
            {
                "name":"초등학교학업성취도",
                "type":"number"
            },
            {
                "name":"중학교학업성취도",
                "type":"number"
            },
            {
                "name":"용적률",
                "type":"integer"
            },
            {
                "name":"건폐율",
                "type":"integer"
            },
            {
                "name":"Y",
                "type":"number"
            },
            {
                "name":"X",
                "type":"number"
            },
            {
                "name":"rank",
                "type":"number"
            },
            {
                "name":"area_info",
                "type":"string"
            },
            {
                "name":"last_sales",
                "type":"string"
            }
        ],
        "primaryKey":[
            "index"
        ],
        "pandas_version":"1.4.0"
    },
    "data":[
        {
            "index":228,
            "아파트명":"신부도솔노블시티동문굿모닝힐",
            "투자타입":"일반",
            "전용면적(m2)":"81.21",
            "전용면적(평)":"24평",
            "법정동주소":"충청남도 천안시 동남구 신부동 988",
            "도로명주소":"충청남도 천안시 동남구 신부8길 21",
            "세대수":100,
            "입주년차":80,
            "용적률점수":"--",
            "건폐율점수":"--",
            "세대당주차수":30,
            "난방방식":30,
            "공급면적":"--",
            "전용률":"--",
            "욕실수":100,
            "현관타입":100,
            "주거총점":78.5,
            "지역구공급총점":0.0,
            "역세권":"NA",
            "30분내 이동가능 거점":"NA",
            "1시간내 이동가능 거점":"NA",
            "교통총점":"NA",
            "백화점":100,
            "아울렛몰":0,
            "대형마트":80,
            "은행":70,
            "병원":60,
            "종합병원":100,
            "공원":100,
            "혐오시설":0,
            "인프라총점":78.0,
            "초등학군":90.52,
            "중학군":36.06,
            "학군총점":46.952,
            "인구수":29.33,
            "인구증감":3.5,
            "인구총점":21.581,
            "일자리":6.4,
            "소득수준":59.57,
            "일자리총점":22.351,
            "가치 총점":70.413,
            "매매실거래년":20220104.0,
            "매매실거래가":55300.0,
            "전세실거래년":20210327.0,
            "전세실거래가":19950.0,
            "전세가율":58.6,
            "장기전세가율평균":75.45,
            "전세가율거품지수":16.85,
            "검색코드":109735,
            "세대수":2144.0,
            "준공년월":"2018-05-01",
            "준공년차":5.0,
            "가까운역이름":"NA",
            "가까운역거리":"NA",
            "역세권여부":"NA",
            "30분이내주요거점역":"NA",
            "1시간이내주요거점역":"NA",
            "3km이내백화점수":1,
            "5km이내아울렛몰수":0,
            "1km이내대형먀트수":1,
            "500m이내은행수":3,
            "500m이내병원수":29,
            "5km이내대형병원수":4,
            "500m이내공원수":4,
            "3km이내혐오시설수":0,
            "초등학교학업성취도":90.52,
            "중학교학업성취도":59.9,
            "용적률":279,
            "건폐율":15,
            "Y":36.816732,
            "X":127.162537,
            "rank":1.0,
            "area_info":"24평(81.21), 24평(81.44), 24평(82.59), 29평(99.07), 30평(99.31), 30평(100.45), 30평(100.42), 30평(100.67), 34평(113.93), 34평(114.21)",
            "last_sales":"2022-01-04,55300.0,34평(113.93)"
        },
        {
            "index":253,
            "아파트명":"힐스테이트천안신부",
            "투자타입":"일반",
            "전용면적(m2)":"80.47",
            "전용면적(평)":"24평",
            "법정동주소":"충청남도 천안시 동남구 신부동 978",
            "도로명주소":"충청남도 천안시 동남구 북일로 70",
            "세대수":90,
            "입주년차":80,
            "용적률점수":"--",
            "건폐율점수":"--",
            "세대당주차수":30,
            "난방방식":30,
            "공급면적":"--",
            "전용률":"--",
            "욕실수":100,
            "현관타입":100,
            "주거총점":75.0,
            "지역구공급총점":0.0,
            "역세권":"NA",
            "30분내 이동가능 거점":"NA",
            "1시간내 이동가능 거점":"NA",
            "교통총점":"NA",
            "백화점":100,
            "아울렛몰":0,
            "대형마트":80,
            "은행":0,
            "병원":0,
            "종합병원":100,
            "공원":0,
            "혐오시설":0,
            "인프라총점":62.0,
            "초등학군":100.0,
            "중학군":36.06,
            "학군총점":48.848,
            "인구수":29.33,
            "인구증감":3.5,
            "인구총점":21.581,
            "일자리":6.4,
            "소득수준":59.57,
            "일자리총점":22.351,
            "가치 총점":63.262,
            "매매실거래년":20220106.0,
            "매매실거래가":38500.0,
            "전세실거래년":20211226.0,
            "전세실거래가":28000.0,
            "전세가율":72.73,
            "장기전세가율평균":75.45,
            "전세가율거품지수":2.72,
            "검색코드":110256,
            "세대수":984.0,
            "준공년월":"2017-08-01",
            "준공년차":6.0,
            "가까운역이름":"NA",
            "가까운역거리":"NA",
            "역세권여부":"NA",
            "30분이내주요거점역":"NA",
            "1시간이내주요거점역":"NA",
            "3km이내백화점수":1,
            "5km이내아울렛몰수":0,
            "1km이내대형먀트수":1,
            "500m이내은행수":0,
            "500m이내병원수":0,
            "5km이내대형병원수":3,
            "500m이내공원수":0,
            "3km이내혐오시설수":0,
            "초등학교학업성취도":100.0,
            "중학교학업성취도":59.9,
            "용적률":242,
            "건폐율":22,
            "Y":36.828176,
            "X":127.156768,
            "rank":2.0,
            "area_info":"24평(80.47), 30평(100.71), 34평(113.89)",
            "last_sales":"2022-01-06,38500.0,24평(80.47)"
        },
        {
            "index":363,
            "아파트명":"용곡한라비발디",
            "투자타입":"일반",
            "전용면적(m2)":"115.51",
            "전용면적(평)":"34평",
            "법정동주소":"충청남도 천안시 동남구 용곡동 596",
            "도로명주소":"충청남도 천안시 동남구 용곡2길 43-11",
            "세대수":90,
            "입주년차":60,
            "용적률점수":"--",
            "건폐율점수":"--",
            "세대당주차수":60,
            "난방방식":30,
            "공급면적":"--",
            "전용률":"--",
            "욕실수":100,
            "현관타입":100,
            "주거총점":75.5,
            "지역구공급총점":0.0,
            "역세권":"NA",
            "30분내 이동가능 거점":"NA",
            "1시간내 이동가능 거점":"NA",
            "교통총점":"NA",
            "백화점":100,
            "아울렛몰":0,
            "대형마트":0,
            "은행":0,
            "병원":30,
            "종합병원":100,
            "공원":100,
            "혐오시설":0,
            "인프라총점":56.0,
            "초등학군":90.52,
            "중학군":48.44,
            "학군총점":56.856,
            "인구수":29.33,
            "인구증감":3.5,
            "인구총점":21.581,
            "일자리":6.4,
            "소득수준":59.57,
            "일자리총점":22.351,
            "가치 총점":63.039,
            "매매실거래년":20211229.0,
            "매매실거래가":36500.0,
            "전세실거래년":20220108.0,
            "전세실거래가":23100.0,
            "전세가율":63.29,
            "장기전세가율평균":75.45,
            "전세가율거품지수":12.16,
            "검색코드":26258,
            "세대수":1163.0,
            "준공년월":"2010-06-24",
            "준공년차":13.0,
            "가까운역이름":"NA",
            "가까운역거리":"NA",
            "역세권여부":"NA",
            "30분이내주요거점역":"NA",
            "1시간이내주요거점역":"NA",
            "3km이내백화점수":1,
            "5km이내아울렛몰수":0,
            "1km이내대형먀트수":0,
            "500m이내은행수":0,
            "500m이내병원수":8,
            "5km이내대형병원수":3,
            "500m이내공원수":4,
            "3km이내혐오시설수":0,
            "초등학교학업성취도":90.52,
            "중학교학업성취도":80.0,
            "용적률":238,
            "건폐율":18,
            "Y":36.787816,
            "X":127.133413,
            "rank":3.0,
            "area_info":"34평(115.51), 34평(115.54), 36평(120.88), 44평(146.05), 50평(167.36), 63평(209.56)",
            "last_sales":"2021-12-29,36500.0,34평(115.51)"
        },
        {
            "index":158,
            "아파트명":"성지새말2단지",
            "투자타입":"일반",
            "전용면적(m2)":"79.91",
            "전용면적(평)":"24평",
            "법정동주소":"충청남도 천안시 동남구 신방동 874",
            "도로명주소":"충청남도 천안시 동남구 일봉로 20",
            "세대수":80,
            "입주년차":0,
            "용적률점수":"--",
            "건폐율점수":"--",
            "세대당주차수":0,
            "난방방식":30,
            "공급면적":"--",
            "전용률":"--",
            "욕실수":50,
            "현관타입":100,
            "주거총점":46.0,
            "지역구공급총점":0.0,
            "역세권":"NA",
            "30분내 이동가능 거점":"NA",
            "1시간내 이동가능 거점":"NA",
            "교통총점":"NA",
            "백화점":100,
            "아울렛몰":0,
            "대형마트":80,
            "은행":70,
            "병원":100,
            "종합병원":100,
            "공원":100,
            "혐오시설":0,
            "인프라총점":82.0,
            "초등학군":90.23,
            "중학군":46.74,
            "학군총점":55.438,
            "인구수":29.33,
            "인구증감":3.5,
            "인구총점":21.581,
            "일자리":6.4,
            "소득수준":59.57,
            "일자리총점":22.351,
            "가치 총점":62.7595,
            "매매실거래년":20211218.0,
            "매매실거래가":18750.0,
            "전세실거래년":20220108.0,
            "전세실거래가":15500.0,
            "전세가율":82.67,
            "장기전세가율평균":75.45,
            "전세가율거품지수":-7.22,
            "검색코드":7392,
            "세대수":840.0,
            "준공년월":"1997-03-31",
            "준공년차":26.0,
            "가까운역이름":"NA",
            "가까운역거리":"NA",
            "역세권여부":"NA",
            "30분이내주요거점역":"NA",
            "1시간이내주요거점역":"NA",
            "3km이내백화점수":1,
            "5km이내아울렛몰수":0,
            "1km이내대형먀트수":1,
            "500m이내은행수":3,
            "500m이내병원수":63,
            "5km이내대형병원수":3,
            "500m이내공원수":4,
            "3km이내혐오시설수":0,
            "초등학교학업성취도":90.23,
            "중학교학업성취도":76.5,
            "용적률":267,
            "건폐율":18,
            "Y":36.792821,
            "X":127.130264,
            "rank":4.0,
            "area_info":"24평(79.91), 27평(91.63), 32평(107.16)",
            "last_sales":"2021-12-18,18750.0,24평(79.91)"
        },
        {
            "index":184,
            "아파트명":"한라동백2차",
            "투자타입":"일반",
            "전용면적(m2)":"80.3",
            "전용면적(평)":"24평",
            "법정동주소":"충청남도 천안시 동남구 신방동 909",
            "도로명주소":"충청남도 천안시 동남구 서부대로 226-12",
            "세대수":90,
            "입주년차":0,
            "용적률점수":"--",
            "건폐율점수":"--",
            "세대당주차수":30,
            "난방방식":30,
            "공급면적":"--",
            "전용률":"--",
            "욕실수":50,
            "현관타입":100,
            "주거총점":54.0,
            "지역구공급총점":0.0,
            "역세권":"NA",
            "30분내 이동가능 거점":"NA",
            "1시간내 이동가능 거점":"NA",
            "교통총점":"NA",
            "백화점":100,
            "아울렛몰":0,
            "대형마트":100,
            "은행":0,
            "병원":60,
            "종합병원":100,
            "공원":100,
            "혐오시설":0,
            "인프라총점":74.0,
            "초등학군":90.52,
            "중학군":48.44,
            "학군총점":56.856,
            "인구수":29.33,
            "인구증감":3.5,
            "인구총점":21.581,
            "일자리":6.4,
            "소득수준":59.57,
            "일자리총점":22.351,
            "가치 총점":62.714,
            "매매실거래년":20220106.0,
            "매매실거래가":17400.0,
            "전세실거래년":20211222.0,
            "전세실거래가":16500.0,
            "전세가율":94.83,
            "장기전세가율평균":75.45,
            "전세가율거품지수":-19.38,
            "검색코드":7395,
            "세대수":1139.0,
            "준공년월":"1998-09-19",
            "준공년차":25.0,
            "가까운역이름":"NA",
            "가까운역거리":"NA",
            "역세권여부":"NA",
            "30분이내주요거점역":"NA",
            "1시간이내주요거점역":"NA",
            "3km이내백화점수":1,
            "5km이내아울렛몰수":0,
            "1km이내대형먀트수":2,
            "500m이내은행수":1,
            "500m이내병원수":10,
            "5km이내대형병원수":3,
            "500m이내공원수":4,
            "3km이내혐오시설수":0,
            "초등학교학업성취도":90.52,
            "중학교학업성취도":80.0,
            "용적률":293,
            "건폐율":20,
            "Y":36.787554,
            "X":127.129696,
            "rank":5.0,
            "area_info":"24평(80.3), 24평(80.1), 28평(95.84), 32평(108.5), 49평(165.2)",
            "last_sales":"2022-01-06,17400.0,24평(80.3)"
        },
        {
            "index":246,
            "아파트명":"휴먼시아",
            "투자타입":"일반",
            "전용면적(m2)":"68.84",
            "전용면적(평)":"20평",
            "법정동주소":"충청남도 천안시 동남구 신부동 970",
            "도로명주소":"충청남도 천안시 동남구 천안천8길 45",
            "세대수":50,
            "입주년차":60,
            "용적률점수":"--",
            "건폐율점수":"--",
            "세대당주차수":30,
            "난방방식":30,
            "공급면적":"--",
            "전용률":"--",
            "욕실수":50,
            "현관타입":100,
            "주거총점":52.0,
            "지역구공급총점":0.0,
            "역세권":"NA",
            "30분내 이동가능 거점":"NA",
            "1시간내 이동가능 거점":"NA",
            "교통총점":"NA",
            "백화점":100,
            "아울렛몰":0,
            "대형마트":80,
            "은행":70,
            "병원":100,
            "종합병원":100,
            "공원":100,
            "혐오시설":0,
            "인프라총점":82.0,
            "초등학군":73.74,
            "중학군":36.06,
            "학군총점":43.596,
            "인구수":29.33,
            "인구증감":3.5,
            "인구총점":21.581,
            "일자리":6.4,
            "소득수준":59.57,
            "일자리총점":22.351,
            "가치 총점":61.899,
            "매매실거래년":20211217.0,
            "매매실거래가":21600.0,
            "전세실거래년":20211016.0,
            "전세실거래가":19530.0,
            "전세가율":90.42,
            "장기전세가율평균":75.45,
            "전세가율거품지수":-14.97,
            "검색코드":26534,
            "세대수":497.0,
            "준공년월":"2009-09-15",
            "준공년차":14.0,
            "가까운역이름":"NA",
            "가까운역거리":"NA",
            "역세권여부":"NA",
            "30분이내주요거점역":"NA",
            "1시간이내주요거점역":"NA",
            "3km이내백화점수":1,
            "5km이내아울렛몰수":0,
            "1km이내대형먀트수":1,
            "500m이내은행수":3,
            "500m이내병원수":84,
            "5km이내대형병원수":3,
            "500m이내공원수":7,
            "3km이내혐오시설수":0,
            "초등학교학업성취도":73.74,
            "중학교학업성취도":59.9,
            "용적률":204,
            "건폐율":15,
            "Y":36.821911,
            "X":127.155223,
            "rank":6.0,
            "area_info":"20평(68.84), 24평(79.66), 24평(79.34), 34평(112.9), 34평(112.9), 34평(113.16), 34평(113.09)",
            "last_sales":"2021-12-17,21600.0,20평(68.84)"
        },
        {
            "index":189,
            "아파트명":"향촌현대",
            "투자타입":"일반",
            "전용면적(m2)":"76.05",
            "전용면적(평)":"23평",
            "법정동주소":"충청남도 천안시 동남구 신방동 905",
            "도로명주소":"충청남도 천안시 동남구 서부대로 226-11",
            "세대수":90,
            "입주년차":0,
            "용적률점수":"--",
            "건폐율점수":"--",
            "세대당주차수":0,
            "난방방식":30,
            "공급면적":"--",
            "전용률":"--",
            "욕실수":50,
            "현관타입":100,
            "주거총점":49.5,
            "지역구공급총점":0.0,
            "역세권":"NA",
            "30분내 이동가능 거점":"NA",
            "1시간내 이동가능 거점":"NA",
            "교통총점":"NA",
            "백화점":100,
            "아울렛몰":0,
            "대형마트":100,
            "은행":0,
            "병원":60,
            "종합병원":100,
            "공원":100,
            "혐오시설":0,
            "인프라총점":74.0,
            "초등학군":90.52,
            "중학군":48.44,
            "학군총점":56.856,
            "인구수":29.33,
            "인구증감":3.5,
            "인구총점":21.581,
            "일자리":6.4,
            "소득수준":59.57,
            "일자리총점":22.351,
            "가치 총점":61.139,
            "매매실거래년":20211214.0,
            "매매실거래가":22000.0,
            "전세실거래년":20211225.0,
            "전세실거래가":15500.0,
            "전세가율":86.11,
            "장기전세가율평균":75.45,
            "전세가율거품지수":-10.66,
            "검색코드":7400,
            "세대수":998.0,
            "준공년월":"1997-12-24",
            "준공년차":26.0,
            "가까운역이름":"NA",
            "가까운역거리":"NA",
            "역세권여부":"NA",
            "30분이내주요거점역":"NA",
            "1시간이내주요거점역":"NA",
            "3km이내백화점수":1,
            "5km이내아울렛몰수":0,
            "1km이내대형먀트수":2,
            "500m이내은행수":1,
            "500m이내병원수":21,
            "5km이내대형병원수":3,
            "500m이내공원수":5,
            "3km이내혐오시설수":0,
            "초등학교학업성취도":90.52,
            "중학교학업성취도":80.0,
            "용적률":262,
            "건폐율":18,
            "Y":36.789188,
            "X":127.130025,
            "rank":7.0,
            "area_info":"23평(76.05), 28평(95.04), 32평(107.66), 38평(126.93)",
            "last_sales":"2021-12-14,22000.0,32평(107.66)"
        },
        {
            "index":164,
            "아파트명":"신방대주피오레",
            "투자타입":"일반",
            "전용면적(m2)":"131.75",
            "전용면적(평)":"39평",
            "법정동주소":"충청남도 천안시 동남구 신방동 935",
            "도로명주소":"충청남도 천안시 동남구 서부대로 257-8",
            "세대수":0,
            "입주년차":40,
            "용적률점수":"--",
            "건폐율점수":"--",
            "세대당주차수":60,
            "난방방식":30,
            "공급면적":"--",
            "전용률":"--",
            "욕실수":100,
            "현관타입":100,
            "주거총점":40.0,
            "지역구공급총점":0.0,
            "역세권":"NA",
            "30분내 이동가능 거점":"NA",
            "1시간내 이동가능 거점":"NA",
            "교통총점":"NA",
            "백화점":100,
            "아울렛몰":0,
            "대형마트":100,
            "은행":70,
            "병원":80,
            "종합병원":100,
            "공원":100,
            "혐오시설":0,
            "인프라총점":83.0,
            "초등학군":86.3,
            "중학군":46.74,
            "학군총점":54.652,
            "인구수":29.33,
            "인구증감":3.5,
            "인구총점":21.581,
            "일자리":6.4,
            "소득수준":59.57,
            "일자리총점":22.351,
            "가치 총점":60.863,
            "매매실거래년":20211211.0,
            "매매실거래가":35000.0,
            "전세실거래년":20211016.0,
            "전세실거래가":18000.0,
            "전세가율":64.75,
            "장기전세가율평균":75.45,
            "전세가율거품지수":10.7,
            "검색코드":17849,
            "세대수":297.0,
            "준공년월":"2006-03-29",
            "준공년차":17.0,
            "가까운역이름":"NA",
            "가까운역거리":"NA",
            "역세권여부":"NA",
            "30분이내주요거점역":"NA",
            "1시간이내주요거점역":"NA",
            "3km이내백화점수":1,
            "5km이내아울렛몰수":0,
            "1km이내대형먀트수":2,
            "500m이내은행수":3,
            "500m이내병원수":55,
            "5km이내대형병원수":3,
            "500m이내공원수":4,
            "3km이내혐오시설수":0,
            "초등학교학업성취도":86.3,
            "중학교학업성취도":76.5,
            "용적률":206,
            "건폐율":17,
            "Y":36.791736,
            "X":127.127229,
            "rank":8.0,
            "area_info":"39평(131.75), 45평(149.21)",
            "last_sales":"2021-12-11,35000.0,45평(149.21)"
        },
        {
            "index":210,
            "아파트명":"동남로얄",
            "투자타입":"재건축",
            "전용면적(m2)":"58.51",
            "전용면적(평)":"17평",
            "법정동주소":"충청남도 천안시 동남구 신부동 58-24",
            "도로명주소":"충청남도 천안시 동남구 신원3길 33",
            "세대수":0,
            "입주년차":"--",
            "용적률점수":100,
            "건폐율점수":80,
            "세대당주차수":"--",
            "난방방식":"--",
            "공급면적":50,
            "전용률":80,
            "욕실수":"--",
            "현관타입":"--",
            "주거총점":62.5,
            "지역구공급총점":0.0,
            "역세권":"NA",
            "30분내 이동가능 거점":"NA",
            "1시간내 이동가능 거점":"NA",
            "교통총점":"NA",
            "백화점":100,
            "아울렛몰":0,
            "대형마트":80,
            "은행":0,
            "병원":10,
            "종합병원":100,
            "공원":100,
            "혐오시설":0,
            "인프라총점":66.0,
            "초등학군":90.52,
            "중학군":37.8,
            "학군총점":48.344,
            "인구수":29.33,
            "인구증감":3.5,
            "인구총점":21.581,
            "일자리":6.4,
            "소득수준":59.57,
            "일자리총점":22.351,
            "가치 총점":60.361,
            "매매실거래년":"18000101",
            "매매실거래가":null,
            "전세실거래년":null,
            "전세실거래가":null,
            "전세가율":null,
            "장기전세가율평균":75.45,
            "전세가율거품지수":null,
            "검색코드":11974,
            "세대수":185.0,
            "준공년월":"1985-09-25",
            "준공년차":38.0,
            "가까운역이름":"NA",
            "가까운역거리":"NA",
            "역세권여부":"NA",
            "30분이내주요거점역":"NA",
            "1시간이내주요거점역":"NA",
            "3km이내백화점수":1,
            "5km이내아울렛몰수":0,
            "1km이내대형먀트수":1,
            "500m이내은행수":1,
            "500m이내병원수":2,
            "5km이내대형병원수":4,
            "500m이내공원수":2,
            "3km이내혐오시설수":0,
            "초등학교학업성취도":90.52,
            "중학교학업성취도":63.0,
            "용적률":136,
            "건폐율":27,
            "Y":36.814715,
            "X":127.16354,
            "rank":9.0,
            "area_info":"17평(58.51), 21평(70.09)",
            "last_sales":"1800-01-01,nan,17평(58.51)"
        },
        {
            "index":256,
            "아파트명":"대우목화4차",
            "투자타입":"재건축",
            "전용면적(m2)":"77.64",
            "전용면적(평)":"23평",
            "법정동주소":"충청남도 천안시 동남구 쌍용동 554",
            "도로명주소":"충청남도 천안시 동남구 봉명1길 17",
            "세대수":0,
            "입주년차":"--",
            "용적률점수":80,
            "건폐율점수":100,
            "세대당주차수":"--",
            "난방방식":"--",
            "공급면적":50,
            "전용률":60,
            "욕실수":"--",
            "현관타입":"--",
            "주거총점":57.5,
            "지역구공급총점":0.0,
            "역세권":"NA",
            "30분내 이동가능 거점":"NA",
            "1시간내 이동가능 거점":"NA",
            "교통총점":"NA",
            "백화점":100,
            "아울렛몰":0,
            "대형마트":80,
            "은행":0,
            "병원":30,
            "종합병원":100,
            "공원":100,
            "혐오시설":0,
            "인프라총점":68.0,
            "초등학군":84.38,
            "중학군":43.02,
            "학군총점":51.292,
            "인구수":29.33,
            "인구증감":3.5,
            "인구총점":21.581,
            "일자리":6.4,
            "소득수준":59.57,
            "일자리총점":22.351,
            "가치 총점":60.148,
            "매매실거래년":20211128.0,
            "매매실거래가":18000.0,
            "전세실거래년":null,
            "전세실거래가":null,
            "전세가율":null,
            "장기전세가율평균":75.45,
            "전세가율거품지수":null,
            "검색코드":7441,
            "세대수":248.0,
            "준공년월":"1990-12-05",
            "준공년차":33.0,
            "가까운역이름":"NA",
            "가까운역거리":"NA",
            "역세권여부":"NA",
            "30분이내주요거점역":"NA",
            "1시간이내주요거점역":"NA",
            "3km이내백화점수":2,
            "5km이내아울렛몰수":0,
            "1km이내대형먀트수":1,
            "500m이내은행수":1,
            "500m이내병원수":9,
            "5km이내대형병원수":2,
            "500m이내공원수":6,
            "3km이내혐오시설수":0,
            "초등학교학업성취도":84.38,
            "중학교학업성취도":71.1,
            "용적률":168,
            "건폐율":15,
            "Y":36.802236,
            "X":127.133255,
            "rank":10.0,
            "area_info":"23평(77.64), 28평(93.63), 32평(106.63), 32평(107.05)",
            "last_sales":"2021-11-28,18000.0,32평(107.05)"
        },
        {
            "index":142,
            "아파트명":"두레현대2차",
            "투자타입":"일반",
            "전용면적(m2)":"77.59",
            "전용면적(평)":"23평",
            "법정동주소":"충청남도 천안시 동남구 신방동 897",
            "도로명주소":"충청남도 천안시 동남구 서부대로 252",
            "세대수":80,
            "입주년차":0,
            "용적률점수":"--",
            "건폐율점수":"--",
            "세대당주차수":0,
            "난방방식":30,
            "공급면적":"--",
            "전용률":"--",
            "욕실수":50,
            "현관타입":100,
            "주거총점":46.0,
            "지역구공급총점":0.0,
            "역세권":"NA",
            "30분내 이동가능 거점":"NA",
            "1시간내 이동가능 거점":"NA",
            "교통총점":"NA",
            "백화점":100,
            "아울렛몰":0,
            "대형마트":80,
            "은행":20,
            "병원":80,
            "종합병원":100,
            "공원":100,
            "혐오시설":0,
            "인프라총점":75.0,
            "초등학군":90.23,
            "중학군":46.74,
            "학군총점":55.438,
            "인구수":29.33,
            "인구증감":3.5,
            "인구총점":21.581,
            "일자리":6.4,
            "소득수준":59.57,
            "일자리총점":22.351,
            "가치 총점":59.9595,
            "매매실거래년":20211230.0,
            "매매실거래가":16700.0,
            "전세실거래년":20211227.0,
            "전세실거래가":17500.0,
            "전세가율":104.79,
            "장기전세가율평균":75.45,
            "전세가율거품지수":-29.34,
            "검색코드":17300,
            "세대수":740.0,
            "준공년월":"1997-06-14",
            "준공년차":26.0,
            "가까운역이름":"NA",
            "가까운역거리":"NA",
            "역세권여부":"NA",
            "30분이내주요거점역":"NA",
            "1시간이내주요거점역":"NA",
            "3km이내백화점수":1,
            "5km이내아울렛몰수":0,
            "1km이내대형먀트수":1,
            "500m이내은행수":2,
            "500m이내병원수":30,
            "5km이내대형병원수":3,
            "500m이내공원수":5,
            "3km이내혐오시설수":0,
            "초등학교학업성취도":90.23,
            "중학교학업성취도":76.5,
            "용적률":255,
            "건폐율":17,
            "Y":36.791,
            "X":127.130072,
            "rank":11.0,
            "area_info":"23평(77.59), 27평(89.93), 31평(104.48)",
            "last_sales":"2021-12-30,16700.0,23평(77.59)"
        },
        {
            "index":198,
            "아파트명":"경남아너스빌",
            "투자타입":"일반",
            "전용면적(m2)":"77.55",
            "전용면적(평)":"23평",
            "법정동주소":"충청남도 천안시 동남구 신부동 85",
            "도로명주소":"충청남도 천안시 동남구 충절로 42",
            "세대수":50,
            "입주년차":20,
            "용적률점수":"--",
            "건폐율점수":"--",
            "세대당주차수":30,
            "난방방식":30,
            "공급면적":"--",
            "전용률":"--",
            "욕실수":50,
            "현관타입":100,
            "주거총점":44.0,
            "지역구공급총점":0.0,
            "역세권":"NA",
            "30분내 이동가능 거점":"NA",
            "1시간내 이동가능 거점":"NA",
            "교통총점":"NA",
            "백화점":100,
            "아울렛몰":0,
            "대형마트":80,
            "은행":70,
            "병원":80,
            "종합병원":100,
            "공원":100,
            "혐오시설":0,
            "인프라총점":80.0,
            "초등학군":90.52,
            "중학군":36.06,
            "학군총점":46.952,
            "인구수":29.33,
            "인구증감":3.5,
            "인구총점":21.581,
            "일자리":6.4,
            "소득수준":59.57,
            "일자리총점":22.351,
            "가치 총점":59.138,
            "매매실거래년":20211130.0,
            "매매실거래가":27000.0,
            "전세실거래년":20200224.0,
            "전세실거래가":10000.0,
            "전세가율":55.56,
            "장기전세가율평균":75.45,
            "전세가율거품지수":19.89,
            "검색코드":7421,
            "세대수":619.0,
            "준공년월":"2000-03-31",
            "준공년차":23.0,
            "가까운역이름":"NA",
            "가까운역거리":"NA",
            "역세권여부":"NA",
            "30분이내주요거점역":"NA",
            "1시간이내주요거점역":"NA",
            "3km이내백화점수":1,
            "5km이내아울렛몰수":0,
            "1km이내대형먀트수":1,
            "500m이내은행수":3,
            "500m이내병원수":59,
            "5km이내대형병원수":4,
            "500m이내공원수":4,
            "3km이내혐오시설수":0,
            "초등학교학업성취도":90.52,
            "중학교학업성취도":59.9,
            "용적률":346,
            "건폐율":34,
            "Y":36.815178,
            "X":127.157651,
            "rank":12.0,
            "area_info":"23평(77.55), 24평(79.79), 32평(107.91), 43평(145.18)",
            "last_sales":"2021-11-30,27000.0,43평(145.18)"
        },
        {
            "index":399,
            "아파트명":"천안청수한양수자인",
            "투자타입":"일반",
            "전용면적(m2)":"110.11",
            "전용면적(평)":"33평",
            "법정동주소":"충청남도 천안시 동남구 청당동 458",
            "도로명주소":"충청남도 천안시 동남구 청수4로 11",
            "세대수":90,
            "입주년차":60,
            "용적률점수":"--",
            "건폐율점수":"--",
            "세대당주차수":60,
            "난방방식":100,
            "공급면적":"--",
            "전용률":"--",
            "욕실수":100,
            "현관타입":100,
            "주거총점":82.5,
            "지역구공급총점":0.0,
            "역세권":"NA",
            "30분내 이동가능 거점":"NA",
            "1시간내 이동가능 거점":"NA",
            "교통총점":"NA",
            "백화점":0,
            "아울렛몰":0,
            "대형마트":100,
            "은행":0,
            "병원":60,
            "종합병원":100,
            "공원":100,
            "혐오시설":0,
            "인프라총점":44.0,
            "초등학군":90.0,
            "중학군":40.74,
            "학군총점":50.592,
            "인구수":29.33,
            "인구증감":3.5,
            "인구총점":21.581,
            "일자리":6.4,
            "소득수준":59.57,
            "일자리총점":22.351,
            "가치 총점":59.123,
            "매매실거래년":20220108.0,
            "매매실거래가":37800.0,
            "전세실거래년":20211207.0,
            "전세실거래가":25000.0,
            "전세가율":67.02,
            "장기전세가율평균":75.45,
            "전세가율거품지수":8.43,
            "검색코드":26891,
            "세대수":1020.0,
            "준공년월":"2011-01-29",
            "준공년차":12.0,
            "가까운역이름":"NA",
            "가까운역거리":"NA",
            "역세권여부":"NA",
            "30분이내주요거점역":"NA",
            "1시간이내주요거점역":"NA",
            "3km이내백화점수":0,
            "5km이내아울렛몰수":0,
            "1km이내대형먀트수":2,
            "500m이내은행수":1,
            "500m이내병원수":15,
            "5km이내대형병원수":3,
            "500m이내공원수":2,
            "3km이내혐오시설수":0,
            "초등학교학업성취도":90.0,
            "중학교학업성취도":67.3,
            "용적률":224,
            "건폐율":20,
            "Y":36.783498,
            "X":127.150693,
            "rank":13.0,
            "area_info":"33평(110.11), 33평(110.46), 33평(110.67), 33평(111.95), 33평(112.08)",
            "last_sales":"2022-01-08,37800.0,33평(110.46)"
        },
        {
            "index":155,
            "아파트명":"성지새말1단지",
            "투자타입":"일반",
            "전용면적(m2)":"77.92",
            "전용면적(평)":"23평",
            "법정동주소":"충청남도 천안시 동남구 신방동 873",
            "도로명주소":"충청남도 천안시 동남구 일봉로 17",
            "세대수":50,
            "입주년차":0,
            "용적률점수":"--",
            "건폐율점수":"--",
            "세대당주차수":0,
            "난방방식":30,
            "공급면적":"--",
            "전용률":"--",
            "욕실수":50,
            "현관타입":100,
            "주거총점":35.5,
            "지역구공급총점":0.0,
            "역세권":"NA",
            "30분내 이동가능 거점":"NA",
            "1시간내 이동가능 거점":"NA",
            "교통총점":"NA",
            "백화점":100,
            "아울렛몰":0,
            "대형마트":80,
            "은행":70,
            "병원":100,
            "종합병원":100,
            "공원":100,
            "혐오시설":0,
            "인프라총점":82.0,
            "초등학군":90.23,
            "중학군":46.74,
            "학군총점":55.438,
            "인구수":29.33,
            "인구증감":3.5,
            "인구총점":21.581,
            "일자리":6.4,
            "소득수준":59.57,
            "일자리총점":22.351,
            "가치 총점":59.0845,
            "매매실거래년":20211215.0,
            "매매실거래가":18800.0,
            "전세실거래년":20220111.0,
            "전세실거래가":15500.0,
            "전세가율":94.51,
            "장기전세가율평균":75.45,
            "전세가율거품지수":-19.06,
            "검색코드":7389,
            "세대수":612.0,
            "준공년월":"1997-03-31",
            "준공년차":26.0,
            "가까운역이름":"NA",
            "가까운역거리":"NA",
            "역세권여부":"NA",
            "30분이내주요거점역":"NA",
            "1시간이내주요거점역":"NA",
            "3km이내백화점수":1,
            "5km이내아울렛몰수":0,
            "1km이내대형먀트수":1,
            "500m이내은행수":3,
            "500m이내병원수":63,
            "5km이내대형병원수":3,
            "500m이내공원수":4,
            "3km이내혐오시설수":0,
            "초등학교학업성취도":90.23,
            "중학교학업성취도":76.5,
            "용적률":254,
            "건폐율":17,
            "Y":36.794253,
            "X":127.130091,
            "rank":14.0,
            "area_info":"23평(77.92), 27평(89.7), 31평(104.81)",
            "last_sales":"2021-12-15,18800.0,31평(104.81)"
        },
        {
            "index":323,
            "아파트명":"동훈더쉴",
            "투자타입":"일반",
            "전용면적(m2)":"152.6",
            "전용면적(평)":"46평",
            "법정동주소":"충청남도 천안시 동남구 용곡동 482-16",
            "도로명주소":"충청남도 천안시 동남구 새말1길 47",
            "세대수":0,
            "입주년차":60,
            "용적률점수":"--",
            "건폐율점수":"--",
            "세대당주차수":80,
            "난방방식":30,
            "공급면적":"--",
            "전용률":"--",
            "욕실수":100,
            "현관타입":100,
            "주거총점":47.0,
            "지역구공급총점":0.0,
            "역세권":"NA",
            "30분내 이동가능 거점":"NA",
            "1시간내 이동가능 거점":"NA",
            "교통총점":"NA",
            "백화점":100,
            "아울렛몰":0,
            "대형마트":80,
            "은행":0,
            "병원":60,
            "종합병원":100,
            "공원":100,
            "혐오시설":0,
            "인프라총점":71.0,
            "초등학군":90.23,
            "중학군":48.44,
            "학군총점":56.798,
            "인구수":29.33,
            "인구증감":3.5,
            "인구총점":21.581,
            "일자리":6.4,
            "소득수준":59.57,
            "일자리총점":22.351,
            "가치 총점":59.0495,
            "매매실거래년":20211023.0,
            "매매실거래가":41000.0,
            "전세실거래년":20200325.0,
            "전세실거래가":26500.0,
            "전세가율":64.63,
            "장기전세가율평균":75.45,
            "전세가율거품지수":10.82,
            "검색코드":100031,
            "세대수":230.0,
            "준공년월":"2009-06-24",
            "준공년차":14.0,
            "가까운역이름":"NA",
            "가까운역거리":"NA",
            "역세권여부":"NA",
            "30분이내주요거점역":"NA",
            "1시간이내주요거점역":"NA",
            "3km이내백화점수":1,
            "5km이내아울렛몰수":0,
            "1km이내대형먀트수":1,
            "500m이내은행수":1,
            "500m이내병원수":20,
            "5km이내대형병원수":3,
            "500m이내공원수":6,
            "3km이내혐오시설수":0,
            "초등학교학업성취도":90.23,
            "중학교학업성취도":80.0,
            "용적률":248,
            "건폐율":24,
            "Y":36.789561,
            "X":127.131803,
            "rank":15.0,
            "area_info":"46평(152.6), 58평(192.49), 72평(238.97)",
            "last_sales":"2021-10-23,41000.0,46평(152.6)"
        },
        {
            "index":86,
            "아파트명":"힐스테이트천안",
            "투자타입":"일반",
            "전용면적(m2)":"86.67",
            "전용면적(평)":"26평",
            "법정동주소":"충청남도 천안시 동남구 문화동 179",
            "도로명주소":"충청남도 천안시 동남구 옛시청길 29",
            "세대수":50,
            "입주년차":100,
            "용적률점수":"--",
            "건폐율점수":"--",
            "세대당주차수":30,
            "난방방식":30,
            "공급면적":"--",
            "전용률":"--",
            "욕실수":100,
            "현관타입":100,
            "주거총점":65.0,
            "지역구공급총점":0.0,
            "역세권":"NA",
            "30분내 이동가능 거점":"NA",
            "1시간내 이동가능 거점":"NA",
            "교통총점":"NA",
            "백화점":100,
            "아울렛몰":0,
            "대형마트":0,
            "은행":70,
            "병원":30,
            "종합병원":100,
            "공원":0,
            "혐오시설":0,
            "인프라총점":60.0,
            "초등학군":88.04,
            "중학군":37.8,
            "학군총점":47.848,
            "인구수":29.33,
            "인구증감":3.5,
            "인구총점":21.581,
            "일자리":6.4,
            "소득수준":59.57,
            "일자리총점":22.351,
            "가치 총점":58.712,
            "매매실거래년":20210420.0,
            "매매실거래가":33620.0,
            "전세실거래년":20211004.0,
            "전세실거래가":26000.0,
            "전세가율":77.33,
            "장기전세가율평균":75.45,
            "전세가율거품지수":-1.88,
            "검색코드":121930,
            "세대수":451.0,
            "준공년월":"2021-03-15",
            "준공년차":2.0,
            "가까운역이름":"NA",
            "가까운역거리":"NA",
            "역세권여부":"NA",
            "30분이내주요거점역":"NA",
            "1시간이내주요거점역":"NA",
            "3km이내백화점수":1,
            "5km이내아울렛몰수":0,
            "1km이내대형먀트수":0,
            "500m이내은행수":4,
            "500m이내병원수":9,
            "5km이내대형병원수":4,
            "500m이내공원수":0,
            "3km이내혐오시설수":0,
            "초등학교학업성취도":88.04,
            "중학교학업성취도":63.0,
            "용적률":607,
            "건폐율":68,
            "Y":36.806933,
            "X":127.150105,
            "rank":16.0,
            "area_info":"26평(86.67), 32평(106.65), 36평(120.32)",
            "last_sales":"2021-04-20,33620.0,26평(86.67)"
        },
        {
            "index":381,
            "아파트명":"버들마을우미린",
            "투자타입":"일반",
            "전용면적(m2)":"144.2",
            "전용면적(평)":"43평",
            "법정동주소":"충청남도 천안시 동남구 청당동 456",
            "도로명주소":"충청남도 천안시 동남구 청수14로 16",
            "세대수":80,
            "입주년차":60,
            "용적률점수":"--",
            "건폐율점수":"--",
            "세대당주차수":80,
            "난방방식":100,
            "공급면적":"--",
            "전용률":"--",
            "욕실수":100,
            "현관타입":100,
            "주거총점":82.0,
            "지역구공급총점":0.0,
            "역세권":"NA",
            "30분내 이동가능 거점":"NA",
            "1시간내 이동가능 거점":"NA",
            "교통총점":"NA",
            "백화점":0,
            "아울렛몰":0,
            "대형마트":100,
            "은행":0,
            "병원":60,
            "종합병원":100,
            "공원":80,
            "혐오시설":0,
            "인프라총점":43.4,
            "초등학군":90.0,
            "중학군":40.74,
            "학군총점":50.592,
            "인구수":29.33,
            "인구증감":3.5,
            "인구총점":21.581,
            "일자리":6.4,
            "소득수준":59.57,
            "일자리총점":22.351,
            "가치 총점":58.708,
            "매매실거래년":20220104.0,
            "매매실거래가":69000.0,
            "전세실거래년":20201223.0,
            "전세실거래가":27300.0,
            "전세가율":60.67,
            "장기전세가율평균":75.45,
            "전세가율거품지수":14.78,
            "검색코드":26943,
            "세대수":724.0,
            "준공년월":"2010-08-20",
            "준공년차":13.0,
            "가까운역이름":"NA",
            "가까운역거리":"NA",
            "역세권여부":"NA",
            "30분이내주요거점역":"NA",
            "1시간이내주요거점역":"NA",
            "3km이내백화점수":0,
            "5km이내아울렛몰수":0,
            "1km이내대형먀트수":2,
            "500m이내은행수":1,
            "500m이내병원수":11,
            "5km이내대형병원수":3,
            "500m이내공원수":1,
            "3km이내혐오시설수":0,
            "초등학교학업성취도":90.0,
            "중학교학업성취도":67.3,
            "용적률":233,
            "건폐율":19,
            "Y":36.783872,
            "X":127.147552,
            "rank":17.0,
            "area_info":"43평(144.2), 44평(145.66), 44평(145.7), 44평(145.7), 44평(148.13), 47평(158.59), 53평(177.98), 54평(180.23), 59평(196.8), 59평(197.24)",
            "last_sales":"2022-01-04,69000.0,59평(197.24)"
        },
        {
            "index":139,
            "아파트명":"두레현대1차",
            "투자타입":"일반",
            "전용면적(m2)":"77.59",
            "전용면적(평)":"23평",
            "법정동주소":"충청남도 천안시 동남구 신방동 895",
            "도로명주소":"충청남도 천안시 동남구 일봉로 34",
            "세대수":50,
            "입주년차":0,
            "용적률점수":"--",
            "건폐율점수":"--",
            "세대당주차수":0,
            "난방방식":30,
            "공급면적":"--",
            "전용률":"--",
            "욕실수":50,
            "현관타입":100,
            "주거총점":35.5,
            "지역구공급총점":0.0,
            "역세권":"NA",
            "30분내 이동가능 거점":"NA",
            "1시간내 이동가능 거점":"NA",
            "교통총점":"NA",
            "백화점":100,
            "아울렛몰":0,
            "대형마트":80,
            "은행":70,
            "병원":80,
            "종합병원":100,
            "공원":100,
            "혐오시설":0,
            "인프라총점":80.0,
            "초등학군":90.23,
            "중학군":48.44,
            "학군총점":56.798,
            "인구수":29.33,
            "인구증감":3.5,
            "인구총점":21.581,
            "일자리":6.4,
            "소득수준":59.57,
            "일자리총점":22.351,
            "가치 총점":58.6245,
            "매매실거래년":20211217.0,
            "매매실거래가":18350.0,
            "전세실거래년":20211229.0,
            "전세실거래가":16500.0,
            "전세가율":89.92,
            "장기전세가율평균":75.45,
            "전세가율거품지수":-14.47,
            "검색코드":7387,
            "세대수":676.0,
            "준공년월":"1997-06-05",
            "준공년차":26.0,
            "가까운역이름":"NA",
            "가까운역거리":"NA",
            "역세권여부":"NA",
            "30분이내주요거점역":"NA",
            "1시간이내주요거점역":"NA",
            "3km이내백화점수":1,
            "5km이내아울렛몰수":0,
            "1km이내대형먀트수":1,
            "500m이내은행수":3,
            "500m이내병원수":33,
            "5km이내대형병원수":3,
            "500m이내공원수":5,
            "3km이내혐오시설수":0,
            "초등학교학업성취도":90.23,
            "중학교학업성취도":80.0,
            "용적률":258,
            "건폐율":18,
            "Y":36.792879,
            "X":127.131956,
            "rank":18.0,
            "area_info":"23평(77.59), 27평(89.99), 31평(105.07)",
            "last_sales":"2021-12-17,18350.0,23평(77.59)"
        },
        {
            "index":161,
            "아파트명":"신동아목련",
            "투자타입":"일반",
            "전용면적(m2)":"77.38",
            "전용면적(평)":"23평",
            "법정동주소":"충청남도 천안시 동남구 신방동 869",
            "도로명주소":"충청남도 천안시 동남구 새말4길 5",
            "세대수":50,
            "입주년차":0,
            "용적률점수":"--",
            "건폐율점수":"--",
            "세대당주차수":0,
            "난방방식":30,
            "공급면적":"--",
            "전용률":"--",
            "욕실수":50,
            "현관타입":100,
            "주거총점":35.5,
            "지역구공급총점":0.0,
            "역세권":"NA",
            "30분내 이동가능 거점":"NA",
            "1시간내 이동가능 거점":"NA",
            "교통총점":"NA",
            "백화점":100,
            "아울렛몰":0,
            "대형마트":80,
            "은행":70,
            "병원":80,
            "종합병원":100,
            "공원":100,
            "혐오시설":0,
            "인프라총점":80.0,
            "초등학군":90.23,
            "중학군":48.44,
            "학군총점":56.798,
            "인구수":29.33,
            "인구증감":3.5,
            "인구총점":21.581,
            "일자리":6.4,
            "소득수준":59.57,
            "일자리총점":22.351,
            "가치 총점":58.6245,
            "매매실거래년":20211224.0,
            "매매실거래가":15500.0,
            "전세실거래년":20211109.0,
            "전세실거래가":16000.0,
            "전세가율":103.23,
            "장기전세가율평균":75.45,
            "전세가율거품지수":-27.78,
            "검색코드":7393,
            "세대수":498.0,
            "준공년월":"1996-04-19",
            "준공년차":27.0,
            "가까운역이름":"NA",
            "가까운역거리":"NA",
            "역세권여부":"NA",
            "30분이내주요거점역":"NA",
            "1시간이내주요거점역":"NA",
            "3km이내백화점수":1,
            "5km이내아울렛몰수":0,
            "1km이내대형먀트수":1,
            "500m이내은행수":3,
            "500m이내병원수":42,
            "5km이내대형병원수":3,
            "500m이내공원수":5,
            "3km이내혐오시설수":0,
            "초등학교학업성취도":90.23,
            "중학교학업성취도":80.0,
            "용적률":258,
            "건폐율":24,
            "Y":36.794026,
            "X":127.132324,
            "rank":18.0,
            "area_info":"23평(77.38), 32평(106.34), 40평(132.5)",
            "last_sales":"2021-12-24,15500.0,23평(77.38)"
        },
        {
            "index":183,
            "아파트명":"초원그린타운",
            "투자타입":"일반",
            "전용면적(m2)":"55.58",
            "전용면적(평)":"16평",
            "법정동주소":"충청남도 천안시 동남구 신방동 920",
            "도로명주소":"충청남도 천안시 동남구 신촌4로 16",
            "세대수":100,
            "입주년차":0,
            "용적률점수":"--",
            "건폐율점수":"--",
            "세대당주차수":0,
            "난방방식":30,
            "공급면적":"--",
            "전용률":"--",
            "욕실수":50,
            "현관타입":10,
            "주거총점":44.0,
            "지역구공급총점":0.0,
            "역세권":"NA",
            "30분내 이동가능 거점":"NA",
            "1시간내 이동가능 거점":"NA",
            "교통총점":"NA",
            "백화점":100,
            "아울렛몰":0,
            "대형마트":100,
            "은행":0,
            "병원":60,
            "종합병원":100,
            "공원":100,
            "혐오시설":0,
            "인프라총점":74.0,
            "초등학군":83.84,
            "중학군":46.74,
            "학군총점":54.16,
            "인구수":29.33,
            "인구증감":3.5,
            "인구총점":21.581,
            "일자리":6.4,
            "소득수준":59.57,
            "일자리총점":22.351,
            "가치 총점":58.54,
            "매매실거래년":20220111.0,
            "매매실거래가":8050.0,
            "전세실거래년":20220112.0,
            "전세실거래가":8000.0,
            "전세가율":99.38,
            "장기전세가율평균":75.45,
            "전세가율거품지수":-23.93,
            "검색코드":13543,
            "세대수":4168.0,
            "준공년월":"1998-12-21",
            "준공년차":25.0,
            "가까운역이름":"NA",
            "가까운역거리":"NA",
            "역세권여부":"NA",
            "30분이내주요거점역":"NA",
            "1시간이내주요거점역":"NA",
            "3km이내백화점수":1,
            "5km이내아울렛몰수":0,
            "1km이내대형먀트수":2,
            "500m이내은행수":1,
            "500m이내병원수":10,
            "5km이내대형병원수":3,
            "500m이내공원수":3,
            "3km이내혐오시설수":0,
            "초등학교학업성취도":83.84,
            "중학교학업성취도":76.5,
            "용적률":280,
            "건폐율":23,
            "Y":36.78753,
            "X":127.126414,
            "rank":19.0,
            "area_info":"16평(55.58)",
            "last_sales":"2022-01-11,8050.0,16평(55.58)"
        },
        {
            "index":108,
            "아파트명":"e편한세상봉명아너리움",
            "투자타입":"일반",
            "전용면적(m2)":"84.73",
            "전용면적(평)":"25평",
            "법정동주소":"충청남도 천안시 동남구 봉명동 204-3",
            "도로명주소":"충청남도 천안시 동남구",
            "세대수":50,
            "입주년차":100,
            "용적률점수":"--",
            "건폐율점수":"--",
            "세대당주차수":30,
            "난방방식":30,
            "공급면적":"--",
            "전용률":"--",
            "욕실수":100,
            "현관타입":100,
            "주거총점":65.0,
            "지역구공급총점":0.0,
            "역세권":"NA",
            "30분내 이동가능 거점":"NA",
            "1시간내 이동가능 거점":"NA",
            "교통총점":"NA",
            "백화점":100,
            "아울렛몰":0,
            "대형마트":0,
            "은행":0,
            "병원":30,
            "종합병원":100,
            "공원":100,
            "혐오시설":0,
            "인프라총점":56.0,
            "초등학군":93.19,
            "중학군":42.9,
            "학군총점":52.958,
            "인구수":29.33,
            "인구증감":3.5,
            "인구총점":21.581,
            "일자리":6.4,
            "소득수준":59.57,
            "일자리총점":22.351,
            "가치 총점":58.3895,
            "매매실거래년":20211009.0,
            "매매실거래가":31000.0,
            "전세실거래년":20220105.0,
            "전세실거래가":25000.0,
            "전세가율":80.65,
            "장기전세가율평균":75.45,
            "전세가율거품지수":-5.2,
            "검색코드":124679,
            "세대수":459.0,
            "준공년월":"2020-06-01",
            "준공년차":3.0,
            "가까운역이름":"NA",
            "가까운역거리":"NA",
            "역세권여부":"NA",
            "30분이내주요거점역":"NA",
            "1시간이내주요거점역":"NA",
            "3km이내백화점수":2,
            "5km이내아울렛몰수":0,
            "1km이내대형먀트수":0,
            "500m이내은행수":1,
            "500m이내병원수":9,
            "5km이내대형병원수":3,
            "500m이내공원수":5,
            "3km이내혐오시설수":0,
            "초등학교학업성취도":93.19,
            "중학교학업성취도":71.3,
            "용적률":238,
            "건폐율":18,
            "Y":36.811656,
            "X":127.134608,
            "rank":20.0,
            "area_info":"25평(84.73), 33평(109.48), 34평(113.16)",
            "last_sales":"2021-10-09,31000.0,25평(84.73)"
        },
        {
            "index":15,
            "아파트명":"휴먼시아",
            "투자타입":"일반",
            "전용면적(m2)":"71.06",
            "전용면적(평)":"21평",
            "법정동주소":"충청남도 천안시 동남구 구성동 525",
            "도로명주소":"충청남도 천안시 동남구 대흥로 35",
            "세대수":50,
            "입주년차":60,
            "용적률점수":"--",
            "건폐율점수":"--",
            "세대당주차수":30,
            "난방방식":30,
            "공급면적":"--",
            "전용률":"--",
            "욕실수":50,
            "현관타입":100,
            "주거총점":52.0,
            "지역구공급총점":0.0,
            "역세권":"NA",
            "30분내 이동가능 거점":"NA",
            "1시간내 이동가능 거점":"NA",
            "교통총점":"NA",
            "백화점":100,
            "아울렛몰":0,
            "대형마트":80,
            "은행":0,
            "병원":60,
            "종합병원":100,
            "공원":0,
            "혐오시설":0,
            "인프라총점":68.0,
            "초등학군":91.58,
            "중학군":41.28,
            "학군총점":51.34,
            "인구수":29.33,
            "인구증감":3.5,
            "인구총점":21.581,
            "일자리":6.4,
            "소득수준":59.57,
            "일자리총점":22.351,
            "가치 총점":58.235,
            "매매실거래년":20220104.0,
            "매매실거래가":18000.0,
            "전세실거래년":20200610.0,
            "전세실거래가":10000.0,
            "전세가율":64.52,
            "장기전세가율평균":75.45,
            "전세가율거품지수":10.93,
            "검색코드":26577,
            "세대수":473.0,
            "준공년월":"2010-07-23",
            "준공년차":13.0,
            "가까운역이름":"NA",
            "가까운역거리":"NA",
            "역세권여부":"NA",
            "30분이내주요거점역":"NA",
            "1시간이내주요거점역":"NA",
            "3km이내백화점수":1,
            "5km이내아울렛몰수":0,
            "1km이내대형먀트수":1,
            "500m이내은행수":0,
            "500m이내병원수":12,
            "5km이내대형병원수":3,
            "500m이내공원수":0,
            "3km이내혐오시설수":0,
            "초등학교학업성취도":91.58,
            "중학교학업성취도":68.8,
            "용적률":205,
            "건폐율":15,
            "Y":36.797233,
            "X":127.155942,
            "rank":21.0,
            "area_info":"21평(71.06), 25평(83.12), 34평(113.97), 34평(113.37)",
            "last_sales":"2022-01-04,18000.0,25평(83.12)"
        },
        {
            "index":415,
            "아파트명":"청당코오롱하늘채",
            "투자타입":"일반",
            "전용면적(m2)":"79.54",
            "전용면적(평)":"24평",
            "법정동주소":"충청남도 천안시 동남구 청당동 992",
            "도로명주소":"충청남도 천안시 동남구 광풍로 1800",
            "세대수":100,
            "입주년차":100,
            "용적률점수":"--",
            "건폐율점수":"--",
            "세대당주차수":30,
            "난방방식":30,
            "공급면적":"--",
            "전용률":"--",
            "욕실수":100,
            "현관타입":100,
            "주거총점":82.5,
            "지역구공급총점":0.0,
            "역세권":"NA",
            "30분내 이동가능 거점":"NA",
            "1시간내 이동가능 거점":"NA",
            "교통총점":"NA",
            "백화점":0,
            "아울렛몰":0,
            "대형마트":100,
            "은행":0,
            "병원":10,
            "종합병원":100,
            "공원":80,
            "혐오시설":0,
            "인프라총점":38.4,
            "초등학군":93.48,
            "중학군":45.44,
            "학군총점":55.048,
            "인구수":29.33,
            "인구증감":3.5,
            "인구총점":21.581,
            "일자리":6.4,
            "소득수준":59.57,
            "일자리총점":22.351,
            "가치 총점":57.997,
            "매매실거래년":20220113.0,
            "매매실거래가":40000.0,
            "전세실거래년":20220106.0,
            "전세실거래가":13500.0,
            "전세가율":46.88,
            "장기전세가율평균":75.45,
            "전세가율거품지수":28.57,
            "검색코드":116435,
            "세대수":1534.0,
            "준공년월":"2019-12-30",
            "준공년차":4.0,
            "가까운역이름":"NA",
            "가까운역거리":"NA",
            "역세권여부":"NA",
            "30분이내주요거점역":"NA",
            "1시간이내주요거점역":"NA",
            "3km이내백화점수":0,
            "5km이내아울렛몰수":0,
            "1km이내대형먀트수":2,
            "500m이내은행수":0,
            "500m이내병원수":2,
            "5km이내대형병원수":3,
            "500m이내공원수":1,
            "3km이내혐오시설수":0,
            "초등학교학업성취도":93.48,
            "중학교학업성취도":74.8,
            "용적률":227,
            "건폐율":18,
            "Y":36.779988,
            "X":127.147049,
            "rank":22.0,
            "area_info":"24평(79.54), 24평(80.02), 24평(80.71), 28평(94.33), 33평(111.52)",
            "last_sales":"2022-01-13,40000.0,28평(94.33)"
        },
        {
            "index":240,
            "아파트명":"우방유쉘1단지",
            "투자타입":"일반",
            "전용면적(m2)":"109.16",
            "전용면적(평)":"33평",
            "법정동주소":"충청남도 천안시 동남구 신부동 910",
            "도로명주소":"충청남도 천안시 동남구 중앙로 255-21",
            "세대수":0,
            "입주년차":40,
            "용적률점수":"--",
            "건폐율점수":"--",
            "세대당주차수":60,
            "난방방식":30,
            "공급면적":"--",
            "전용률":"--",
            "욕실수":100,
            "현관타입":100,
            "주거총점":40.0,
            "지역구공급총점":0.0,
            "역세권":"NA",
            "30분내 이동가능 거점":"NA",
            "1시간내 이동가능 거점":"NA",
            "교통총점":"NA",
            "백화점":100,
            "아울렛몰":0,
            "대형마트":80,
            "은행":20,
            "병원":60,
            "종합병원":100,
            "공원":100,
            "혐오시설":0,
            "인프라총점":73.0,
            "초등학군":100.0,
            "중학군":45.84,
            "학군총점":56.672,
            "인구수":29.33,
            "인구증감":3.5,
            "인구총점":21.581,
            "일자리":6.4,
            "소득수준":59.57,
            "일자리총점":22.351,
            "가치 총점":57.368,
            "매매실거래년":20211219.0,
            "매매실거래가":35000.0,
            "전세실거래년":20201219.0,
            "전세실거래가":17000.0,
            "전세가율":68.0,
            "장기전세가율평균":75.45,
            "전세가율거품지수":7.45,
            "검색코드":25992,
            "세대수":138.0,
            "준공년월":"2007-09-28",
            "준공년차":16.0,
            "가까운역이름":"NA",
            "가까운역거리":"NA",
            "역세권여부":"NA",
            "30분이내주요거점역":"NA",
            "1시간이내주요거점역":"NA",
            "3km이내백화점수":1,
            "5km이내아울렛몰수":0,
            "1km이내대형먀트수":1,
            "500m이내은행수":2,
            "500m이내병원수":23,
            "5km이내대형병원수":3,
            "500m이내공원수":3,
            "3km이내혐오시설수":0,
            "초등학교학업성취도":100.0,
            "중학교학업성취도":75.8,
            "용적률":205,
            "건폐율":18,
            "Y":36.821067,
            "X":127.150614,
            "rank":23.0,
            "area_info":"33평(109.16), 50평(166.31)",
            "last_sales":"2021-12-19,35000.0,50평(166.31)"
        },
        {
            "index":13,
            "아파트명":"쌍용",
            "투자타입":"재건축",
            "전용면적(m2)":"87.1",
            "전용면적(평)":"26평",
            "법정동주소":"충청남도 천안시 동남구 구성동 293-21",
            "도로명주소":"충청남도 천안시 동남구 충절로 295-14",
            "세대수":0,
            "입주년차":"--",
            "용적률점수":60,
            "건폐율점수":80,
            "세대당주차수":"--",
            "난방방식":"--",
            "공급면적":70,
            "전용률":80,
            "욕실수":"--",
            "현관타입":"--",
            "주거총점":47.5,
            "지역구공급총점":0.0,
            "역세권":"NA",
            "30분내 이동가능 거점":"NA",
            "1시간내 이동가능 거점":"NA",
            "교통총점":"NA",
            "백화점":100,
            "아울렛몰":0,
            "대형마트":80,
            "은행":0,
            "병원":60,
            "종합병원":100,
            "공원":80,
            "혐오시설":0,
            "인프라총점":70.4,
            "초등학군":91.58,
            "중학군":37.74,
            "학군총점":48.508,
            "인구수":29.33,
            "인구증감":3.5,
            "인구총점":21.581,
            "일자리":6.4,
            "소득수준":59.57,
            "일자리총점":22.351,
            "가치 총점":56.912,
            "매매실거래년":20220104.0,
            "매매실거래가":13500.0,
            "전세실거래년":20211027.0,
            "전세실거래가":11500.0,
            "전세가율":85.19,
            "장기전세가율평균":75.45,
            "전세가율거품지수":-9.74,
            "검색코드":7266,
            "세대수":216.0,
            "준공년월":"1990-12-28",
            "준공년차":33.0,
            "가까운역이름":"NA",
            "가까운역거리":"NA",
            "역세권여부":"NA",
            "30분이내주요거점역":"NA",
            "1시간이내주요거점역":"NA",
            "3km이내백화점수":1,
            "5km이내아울렛몰수":0,
            "1km이내대형먀트수":1,
            "500m이내은행수":0,
            "500m이내병원수":11,
            "5km이내대형병원수":3,
            "500m이내공원수":1,
            "3km이내혐오시설수":0,
            "초등학교학업성취도":91.58,
            "중학교학업성취도":62.3,
            "용적률":198,
            "건폐율":20,
            "Y":36.793795,
            "X":127.161627,
            "rank":24.0,
            "area_info":"26평(87.1), 32평(106.34)",
            "last_sales":"2022-01-04,13500.0,26평(87.1)"
        },
        {
            "index":424,
            "아파트명":"행정타운두산위브더파크",
            "투자타입":"일반",
            "전용면적(m2)":"98.74",
            "전용면적(평)":"29평",
            "법정동주소":"충청남도 천안시 동남구 청당동 980",
            "도로명주소":"충청남도 천안시 동남구 청당3길 147",
            "세대수":90,
            "입주년차":80,
            "용적률점수":"--",
            "건폐율점수":"--",
            "세대당주차수":30,
            "난방방식":100,
            "공급면적":"--",
            "전용률":"--",
            "욕실수":100,
            "현관타입":100,
            "주거총점":82.0,
            "지역구공급총점":0.0,
            "역세권":"NA",
            "30분내 이동가능 거점":"NA",
            "1시간내 이동가능 거점":"NA",
            "교통총점":"NA",
            "백화점":0,
            "아울렛몰":0,
            "대형마트":100,
            "은행":0,
            "병원":0,
            "종합병원":100,
            "공원":100,
            "혐오시설":0,
            "인프라총점":38.0,
            "초등학군":93.48,
            "중학군":40.74,
            "학군총점":51.288,
            "인구수":29.33,
            "인구증감":3.5,
            "인구총점":21.581,
            "일자리":6.4,
            "소득수준":59.57,
            "일자리총점":22.351,
            "가치 총점":56.722,
            "매매실거래년":20211224.0,
            "매매실거래가":38000.0,
            "전세실거래년":20211117.0,
            "전세실거래가":32000.0,
            "전세가율":84.21,
            "장기전세가율평균":75.45,
            "전세가율거품지수":-8.76,
            "검색코드":110995,
            "세대수":1105.0,
            "준공년월":"2018-05-01",
            "준공년차":5.0,
            "가까운역이름":"NA",
            "가까운역거리":"NA",
            "역세권여부":"NA",
            "30분이내주요거점역":"NA",
            "1시간이내주요거점역":"NA",
            "3km이내백화점수":0,
            "5km이내아울렛몰수":0,
            "1km이내대형먀트수":2,
            "500m이내은행수":0,
            "500m이내병원수":0,
            "5km이내대형병원수":3,
            "500m이내공원수":2,
            "3km이내혐오시설수":0,
            "초등학교학업성취도":93.48,
            "중학교학업성취도":67.3,
            "용적률":244,
            "건폐율":17,
            "Y":36.779211,
            "X":127.161315,
            "rank":25.0,
            "area_info":"29평(98.74), 30평(99.5), 34평(112.93), 33평(112.38), 34평(112.45)",
            "last_sales":"2021-12-24,38000.0,29평(98.74)"
        },
        {
            "index":212,
            "아파트명":"동아태조",
            "투자타입":"일반",
            "전용면적(m2)":"79.1",
            "전용면적(평)":"23평",
            "법정동주소":"충청남도 천안시 동남구 신부동 541",
            "도로명주소":"충청남도 천안시 동남구 터미널9길 13",
            "세대수":80,
            "입주년차":0,
            "용적률점수":"--",
            "건폐율점수":"--",
            "세대당주차수":0,
            "난방방식":30,
            "공급면적":"--",
            "전용률":"--",
            "욕실수":50,
            "현관타입":100,
            "주거총점":46.0,
            "지역구공급총점":0.0,
            "역세권":"NA",
            "30분내 이동가능 거점":"NA",
            "1시간내 이동가능 거점":"NA",
            "교통총점":"NA",
            "백화점":100,
            "아울렛몰":0,
            "대형마트":80,
            "은행":0,
            "병원":60,
            "종합병원":100,
            "공원":100,
            "혐오시설":0,
            "인프라총점":71.0,
            "초등학군":100.0,
            "중학군":36.06,
            "학군총점":48.848,
            "인구수":29.33,
            "인구증감":3.5,
            "인구총점":21.581,
            "일자리":6.4,
            "소득수준":59.57,
            "일자리총점":22.351,
            "가치 총점":56.712,
            "매매실거래년":20220111.0,
            "매매실거래가":17250.0,
            "전세실거래년":20220106.0,
            "전세실거래가":16000.0,
            "전세가율":92.75,
            "장기전세가율평균":75.45,
            "전세가율거품지수":-17.3,
            "검색코드":7424,
            "세대수":800.0,
            "준공년월":"1995-10-30",
            "준공년차":28.0,
            "가까운역이름":"NA",
            "가까운역거리":"NA",
            "역세권여부":"NA",
            "30분이내주요거점역":"NA",
            "1시간이내주요거점역":"NA",
            "3km이내백화점수":1,
            "5km이내아울렛몰수":0,
            "1km이내대형먀트수":1,
            "500m이내은행수":0,
            "500m이내병원수":14,
            "5km이내대형병원수":3,
            "500m이내공원수":3,
            "3km이내혐오시설수":0,
            "초등학교학업성취도":100.0,
            "중학교학업성취도":59.9,
            "용적률":218,
            "건폐율":21,
            "Y":36.823733,
            "X":127.154272,
            "rank":26.0,
            "area_info":"23평(79.1)",
            "last_sales":"2022-01-11,17250.0,23평(79.1)"
        },
        {
            "index":205,
            "아파트명":"대림한들",
            "투자타입":"일반",
            "전용면적(m2)":"117.86",
            "전용면적(평)":"35평",
            "법정동주소":"충청남도 천안시 동남구 신부동 545",
            "도로명주소":"충청남도 천안시 동남구 터미널9길 59",
            "세대수":50,
            "입주년차":0,
            "용적률점수":"--",
            "건폐율점수":"--",
            "세대당주차수":30,
            "난방방식":30,
            "공급면적":"--",
            "전용률":"--",
            "욕실수":100,
            "현관타입":100,
            "주거총점":45.0,
            "지역구공급총점":0.0,
            "역세권":"NA",
            "30분내 이동가능 거점":"NA",
            "1시간내 이동가능 거점":"NA",
            "교통총점":"NA",
            "백화점":100,
            "아울렛몰":0,
            "대형마트":80,
            "은행":20,
            "병원":60,
            "종합병원":100,
            "공원":100,
            "혐오시설":0,
            "인프라총점":73.0,
            "초등학군":73.74,
            "중학군":36.06,
            "학군총점":43.596,
            "인구수":29.33,
            "인구증감":3.5,
            "인구총점":21.581,
            "일자리":6.4,
            "소득수준":59.57,
            "일자리총점":22.351,
            "가치 총점":55.849,
            "매매실거래년":20211111.0,
            "매매실거래가":27500.0,
            "전세실거래년":20211114.0,
            "전세실거래가":21000.0,
            "전세가율":76.36,
            "장기전세가율평균":75.45,
            "전세가율거품지수":-0.91,
            "검색코드":7420,
            "세대수":599.0,
            "준공년월":"1995-10-30",
            "준공년차":28.0,
            "가까운역이름":"NA",
            "가까운역거리":"NA",
            "역세권여부":"NA",
            "30분이내주요거점역":"NA",
            "1시간이내주요거점역":"NA",
            "3km이내백화점수":1,
            "5km이내아울렛몰수":0,
            "1km이내대형먀트수":1,
            "500m이내은행수":2,
            "500m이내병원수":18,
            "5km이내대형병원수":3,
            "500m이내공원수":5,
            "3km이내혐오시설수":0,
            "초등학교학업성취도":73.74,
            "중학교학업성취도":59.9,
            "용적률":231,
            "건폐율":21,
            "Y":36.823606,
            "X":127.159217,
            "rank":27.0,
            "area_info":"35평(117.86), 36평(121.73), 36평(121.73)",
            "last_sales":"2021-11-11,27500.0,35평(117.86)"
        },
        {
            "index":130,
            "아파트명":"우영",
            "투자타입":"재건축",
            "전용면적(m2)":"49.85",
            "전용면적(평)":"15평",
            "법정동주소":"충청남도 천안시 동남구 봉명동 9",
            "도로명주소":"충청남도 천안시 동남구 우영1길 10",
            "세대수":0,
            "입주년차":"--",
            "용적률점수":100,
            "건폐율점수":80,
            "세대당주차수":"--",
            "난방방식":"--",
            "공급면적":50,
            "전용률":80,
            "욕실수":"--",
            "현관타입":"--",
            "주거총점":62.5,
            "지역구공급총점":0.0,
            "역세권":"NA",
            "30분내 이동가능 거점":"NA",
            "1시간내 이동가능 거점":"NA",
            "교통총점":"NA",
            "백화점":100,
            "아울렛몰":0,
            "대형마트":0,
            "은행":0,
            "병원":10,
            "종합병원":100,
            "공원":0,
            "혐오시설":0,
            "인프라총점":51.0,
            "초등학군":93.74,
            "중학군":43.02,
            "학군총점":53.164,
            "인구수":29.33,
            "인구증감":3.5,
            "인구총점":21.581,
            "일자리":6.4,
            "소득수준":59.57,
            "일자리총점":22.351,
            "가치 총점":55.566,
            "매매실거래년":20211224.0,
            "매매실거래가":9500.0,
            "전세실거래년":20210531.0,
            "전세실거래가":5500.0,
            "전세가율":57.89,
            "장기전세가율평균":75.45,
            "전세가율거품지수":17.56,
            "검색코드":7323,
            "세대수":278.0,
            "준공년월":"1988-08-24",
            "준공년차":35.0,
            "가까운역이름":"NA",
            "가까운역거리":"NA",
            "역세권여부":"NA",
            "30분이내주요거점역":"NA",
            "1시간이내주요거점역":"NA",
            "3km이내백화점수":1,
            "5km이내아울렛몰수":0,
            "1km이내대형먀트수":0,
            "500m이내은행수":1,
            "500m이내병원수":3,
            "5km이내대형병원수":4,
            "500m이내공원수":0,
            "3km이내혐오시설수":0,
            "초등학교학업성취도":93.74,
            "중학교학업성취도":71.1,
            "용적률":96,
            "건폐율":22,
            "Y":36.805341,
            "X":127.141778,
            "rank":28.0,
            "area_info":"15평(49.85), 15평(50.04), 20평(66.42)",
            "last_sales":"2021-12-24,9500.0,15평(49.85)"
        },
        {
            "index":404,
            "아파트명":"청당마을벽산블루밍",
            "투자타입":"일반",
            "전용면적(m2)":"95.79",
            "전용면적(평)":"28평",
            "법정동주소":"충청남도 천안시 동남구 청당동 440",
            "도로명주소":"충청남도 천안시 동남구 청당2길 118",
            "세대수":100,
            "입주년차":40,
            "용적률점수":"--",
            "건폐율점수":"--",
            "세대당주차수":60,
            "난방방식":30,
            "공급면적":"--",
            "전용률":"--",
            "욕실수":100,
            "현관타입":100,
            "주거총점":75.0,
            "지역구공급총점":0.0,
            "역세권":"NA",
            "30분내 이동가능 거점":"NA",
            "1시간내 이동가능 거점":"NA",
            "교통총점":"NA",
            "백화점":0,
            "아울렛몰":0,
            "대형마트":100,
            "은행":0,
            "병원":30,
            "종합병원":100,
            "공원":100,
            "혐오시설":0,
            "인프라총점":41.0,
            "초등학군":93.48,
            "중학군":40.74,
            "학군총점":51.288,
            "인구수":29.33,
            "인구증감":3.5,
            "인구총점":21.581,
            "일자리":6.4,
            "소득수준":59.57,
            "일자리총점":22.351,
            "가치 총점":55.472,
            "매매실거래년":20211215.0,
            "매매실거래가":35500.0,
            "전세실거래년":20210724.0,
            "전세실거래가":22000.0,
            "전세가율":83.02,
            "장기전세가율평균":75.45,
            "전세가율거품지수":-7.57,
            "검색코드":24363,
            "세대수":1647.0,
            "준공년월":"2007-09-28",
            "준공년차":16.0,
            "가까운역이름":"NA",
            "가까운역거리":"NA",
            "역세권여부":"NA",
            "30분이내주요거점역":"NA",
            "1시간이내주요거점역":"NA",
            "3km이내백화점수":0,
            "5km이내아울렛몰수":0,
            "1km이내대형먀트수":2,
            "500m이내은행수":0,
            "500m이내병원수":6,
            "5km이내대형병원수":3,
            "500m이내공원수":3,
            "3km이내혐오시설수":0,
            "초등학교학업성취도":93.48,
            "중학교학업성취도":67.3,
            "용적률":247,
            "건폐율":21,
            "Y":36.779468,
            "X":127.156742,
            "rank":29.0,
            "area_info":"28평(95.79), 32평(106.22), 32평(107.92), 32평(107.22), 43평(144.39), 52평(172.26)",
            "last_sales":"2021-12-15,35500.0,43평(144.39)"
        },
        {
            "index":30,
            "아파트명":"일봉산해피트리",
            "투자타입":"일반",
            "전용면적(m2)":"114.53",
            "전용면적(평)":"34평",
            "법정동주소":"충청남도 천안시 동남구 다가동 578",
            "도로명주소":"충청남도 천안시 동남구 다가말2길 70",
            "세대수":50,
            "입주년차":80,
            "용적률점수":"--",
            "건폐율점수":"--",
            "세대당주차수":30,
            "난방방식":30,
            "공급면적":"--",
            "전용률":"--",
            "욕실수":100,
            "현관타입":100,
            "주거총점":61.0,
            "지역구공급총점":0.0,
            "역세권":"NA",
            "30분내 이동가능 거점":"NA",
            "1시간내 이동가능 거점":"NA",
            "교통총점":"NA",
            "백화점":100,
            "아울렛몰":0,
            "대형마트":0,
            "은행":0,
            "병원":0,
            "종합병원":100,
            "공원":100,
            "혐오시설":0,
            "인프라총점":53.0,
            "초등학군":83.57,
            "중학군":43.02,
            "학군총점":51.13,
            "인구수":29.33,
            "인구증감":3.5,
            "인구총점":21.581,
            "일자리":6.4,
            "소득수준":59.57,
            "일자리총점":22.351,
            "가치 총점":55.3325,
            "매매실거래년":20211208.0,
            "매매실거래가":31000.0,
            "전세실거래년":20211226.0,
            "전세실거래가":19900.0,
            "전세가율":64.19,
            "장기전세가율평균":75.45,
            "전세가율거품지수":11.26,
            "검색코드":110996,
            "세대수":546.0,
            "준공년월":"2017-12-01",
            "준공년차":6.0,
            "가까운역이름":"NA",
            "가까운역거리":"NA",
            "역세권여부":"NA",
            "30분이내주요거점역":"NA",
            "1시간이내주요거점역":"NA",
            "3km이내백화점수":1,
            "5km이내아울렛몰수":0,
            "1km이내대형먀트수":0,
            "500m이내은행수":1,
            "500m이내병원수":0,
            "5km이내대형병원수":3,
            "500m이내공원수":3,
            "3km이내혐오시설수":0,
            "초등학교학업성취도":83.57,
            "중학교학업성취도":71.1,
            "용적률":233,
            "건폐율":22,
            "Y":36.797307,
            "X":127.139906,
            "rank":30.0,
            "area_info":"34평(114.53), 34평(115.29), 34평(115.32)",
            "last_sales":"2021-12-08,31000.0,34평(114.53)"
        },
        {
            "index":208,
            "아파트명":"대림한숲",
            "투자타입":"일반",
            "전용면적(m2)":"90.11",
            "전용면적(평)":"27평",
            "법정동주소":"충청남도 천안시 동남구 신부동 672",
            "도로명주소":"충청남도 천안시 동남구 터미널6길 12",
            "세대수":50,
            "입주년차":0,
            "용적률점수":"--",
            "건폐율점수":"--",
            "세대당주차수":0,
            "난방방식":30,
            "공급면적":"--",
            "전용률":"--",
            "욕실수":50,
            "현관타입":100,
            "주거총점":35.5,
            "지역구공급총점":0.0,
            "역세권":"NA",
            "30분내 이동가능 거점":"NA",
            "1시간내 이동가능 거점":"NA",
            "교통총점":"NA",
            "백화점":100,
            "아울렛몰":0,
            "대형마트":80,
            "은행":70,
            "병원":80,
            "종합병원":100,
            "공원":100,
            "혐오시설":0,
            "인프라총점":80.0,
            "초등학군":73.74,
            "중학군":36.06,
            "학군총점":43.596,
            "인구수":29.33,
            "인구증감":3.5,
            "인구총점":21.581,
            "일자리":6.4,
            "소득수준":59.57,
            "일자리총점":22.351,
            "가치 총점":55.324,
            "매매실거래년":20220112.0,
            "매매실거래가":22500.0,
            "전세실거래년":20210122.0,
            "전세실거래가":13650.0,
            "전세가율":65.0,
            "장기전세가율평균":75.45,
            "전세가율거품지수":10.45,
            "검색코드":7416,
            "세대수":451.0,
            "준공년월":"1995-10-30",
            "준공년차":28.0,
            "가까운역이름":"NA",
            "가까운역거리":"NA",
            "역세권여부":"NA",
            "30분이내주요거점역":"NA",
            "1시간이내주요거점역":"NA",
            "3km이내백화점수":1,
            "5km이내아울렛몰수":0,
            "1km이내대형먀트수":1,
            "500m이내은행수":3,
            "500m이내병원수":52,
            "5km이내대형병원수":3,
            "500m이내공원수":5,
            "3km이내혐오시설수":0,
            "초등학교학업성취도":73.74,
            "중학교학업성취도":59.9,
            "용적률":228,
            "건폐율":24,
            "Y":36.821615,
            "X":127.160573,
            "rank":31.0,
            "area_info":"27평(90.11), 32평(106.47)",
            "last_sales":"2022-01-12,22500.0,32평(106.47)"
        },
        {
            "index":342,
            "아파트명":"용곡마을아이파크",
            "투자타입":"일반",
            "전용면적(m2)":"114.78",
            "전용면적(평)":"34평",
            "법정동주소":"충청남도 천안시 동남구 용곡동 334",
            "도로명주소":"충청남도 천안시 동남구 용곡4길 20",
            "세대수":50,
            "입주년차":40,
            "용적률점수":"--",
            "건폐율점수":"--",
            "세대당주차수":60,
            "난방방식":30,
            "공급면적":"--",
            "전용률":"--",
            "욕실수":100,
            "현관타입":100,
            "주거총점":57.5,
            "지역구공급총점":0.0,
            "역세권":"NA",
            "30분내 이동가능 거점":"NA",
            "1시간내 이동가능 거점":"NA",
            "교통총점":"NA",
            "백화점":100,
            "아울렛몰":0,
            "대형마트":0,
            "은행":0,
            "병원":0,
            "종합병원":100,
            "공원":80,
            "혐오시설":0,
            "인프라총점":52.4,
            "초등학군":88.25,
            "중학군":48.44,
            "학군총점":56.402,
            "인구수":29.33,
            "인구증감":3.5,
            "인구총점":21.581,
            "일자리":6.4,
            "소득수준":59.57,
            "일자리총점":22.351,
            "가치 총점":55.1855,
            "매매실거래년":20211230.0,
            "매매실거래가":29000.0,
            "전세실거래년":20211203.0,
            "전세실거래가":18000.0,
            "전세가율":80.0,
            "장기전세가율평균":75.45,
            "전세가율거품지수":-4.55,
            "검색코드":19242,
            "세대수":403.0,
            "준공년월":"2006-09-29",
            "준공년차":17.0,
            "가까운역이름":"NA",
            "가까운역거리":"NA",
            "역세권여부":"NA",
            "30분이내주요거점역":"NA",
            "1시간이내주요거점역":"NA",
            "3km이내백화점수":1,
            "5km이내아울렛몰수":0,
            "1km이내대형먀트수":0,
            "500m이내은행수":1,
            "500m이내병원수":0,
            "5km이내대형병원수":3,
            "500m이내공원수":1,
            "3km이내혐오시설수":0,
            "초등학교학업성취도":88.25,
            "중학교학업성취도":80.0,
            "용적률":244,
            "건폐율":21,
            "Y":36.7949,
            "X":127.144796,
            "rank":32.0,
            "area_info":"34평(114.78), 47평(158.62), 57평(189.96), 57평(189.96)",
            "last_sales":"2021-12-30,29000.0,47평(158.62)"
        },
        {
            "index":238,
            "아파트명":"우방",
            "투자타입":"일반",
            "전용면적(m2)":"79.29",
            "전용면적(평)":"23평",
            "법정동주소":"충청남도 천안시 동남구 신부동 859",
            "도로명주소":"충청남도 천안시 동남구 중앙로 265-36",
            "세대수":50,
            "입주년차":0,
            "용적률점수":"--",
            "건폐율점수":"--",
            "세대당주차수":0,
            "난방방식":30,
            "공급면적":"--",
            "전용률":"--",
            "욕실수":50,
            "현관타입":100,
            "주거총점":35.5,
            "지역구공급총점":0.0,
            "역세권":"NA",
            "30분내 이동가능 거점":"NA",
            "1시간내 이동가능 거점":"NA",
            "교통총점":"NA",
            "백화점":100,
            "아울렛몰":0,
            "대형마트":100,
            "은행":0,
            "병원":30,
            "종합병원":100,
            "공원":100,
            "혐오시설":0,
            "인프라총점":71.0,
            "초등학군":100.0,
            "중학군":45.84,
            "학군총점":56.672,
            "인구수":29.33,
            "인구증감":3.5,
            "인구총점":21.581,
            "일자리":6.4,
            "소득수준":59.57,
            "일자리총점":22.351,
            "가치 총점":54.993,
            "매매실거래년":20220104.0,
            "매매실거래가":14500.0,
            "전세실거래년":20210916.0,
            "전세실거래가":14000.0,
            "전세가율":96.55,
            "장기전세가율평균":75.45,
            "전세가율거품지수":-21.1,
            "검색코드":7426,
            "세대수":436.0,
            "준공년월":"1995-11-24",
            "준공년차":28.0,
            "가까운역이름":"NA",
            "가까운역거리":"NA",
            "역세권여부":"NA",
            "30분이내주요거점역":"NA",
            "1시간이내주요거점역":"NA",
            "3km이내백화점수":1,
            "5km이내아울렛몰수":0,
            "1km이내대형먀트수":2,
            "500m이내은행수":0,
            "500m이내병원수":8,
            "5km이내대형병원수":3,
            "500m이내공원수":4,
            "3km이내혐오시설수":0,
            "초등학교학업성취도":100.0,
            "중학교학업성취도":75.8,
            "용적률":212,
            "건폐율":16,
            "Y":36.823138,
            "X":127.150401,
            "rank":33.0,
            "area_info":"23평(79.29), 32평(106.42)",
            "last_sales":"2022-01-04,14500.0,23평(79.29)"
        },
        {
            "index":242,
            "아파트명":"청광플러스원",
            "투자타입":"일반",
            "전용면적(m2)":"106.38",
            "전용면적(평)":"32평",
            "법정동주소":"충청남도 천안시 동남구 신부동 889-1",
            "도로명주소":"충청남도 천안시 동남구 중앙로 265-31",
            "세대수":0,
            "입주년차":40,
            "용적률점수":"--",
            "건폐율점수":"--",
            "세대당주차수":30,
            "난방방식":30,
            "공급면적":"--",
            "전용률":"--",
            "욕실수":100,
            "현관타입":100,
            "주거총점":35.5,
            "지역구공급총점":0.0,
            "역세권":"NA",
            "30분내 이동가능 거점":"NA",
            "1시간내 이동가능 거점":"NA",
            "교통총점":"NA",
            "백화점":100,
            "아울렛몰":0,
            "대형마트":80,
            "은행":0,
            "병원":60,
            "종합병원":100,
            "공원":100,
            "혐오시설":0,
            "인프라총점":71.0,
            "초등학군":100.0,
            "중학군":45.84,
            "학군총점":56.672,
            "인구수":29.33,
            "인구증감":3.5,
            "인구총점":21.581,
            "일자리":6.4,
            "소득수준":59.57,
            "일자리총점":22.351,
            "가치 총점":54.993,
            "매매실거래년":20211214.0,
            "매매실거래가":21500.0,
            "전세실거래년":20211223.0,
            "전세실거래가":20000.0,
            "전세가율":93.02,
            "장기전세가율평균":75.45,
            "전세가율거품지수":-17.57,
            "검색코드":18927,
            "세대수":230.0,
            "준공년월":"2006-07-10",
            "준공년차":17.0,
            "가까운역이름":"NA",
            "가까운역거리":"NA",
            "역세권여부":"NA",
            "30분이내주요거점역":"NA",
            "1시간이내주요거점역":"NA",
            "3km이내백화점수":1,
            "5km이내아울렛몰수":0,
            "1km이내대형먀트수":1,
            "500m이내은행수":1,
            "500m이내병원수":17,
            "5km이내대형병원수":3,
            "500m이내공원수":4,
            "3km이내혐오시설수":0,
            "초등학교학업성취도":100.0,
            "중학교학업성취도":75.8,
            "용적률":248,
            "건폐율":22,
            "Y":36.821983,
            "X":127.150212,
            "rank":33.0,
            "area_info":"32평(106.38)",
            "last_sales":"2021-12-14,21500.0,32평(106.38)"
        },
        {
            "index":116,
            "아파트명":"봉서산아이파크",
            "투자타입":"일반",
            "전용면적(m2)":"72.77",
            "전용면적(평)":"22평",
            "법정동주소":"충청남도 천안시 동남구 봉명동 513",
            "도로명주소":"충청남도 천안시 동남구 봉명4길 29",
            "세대수":50,
            "입주년차":80,
            "용적률점수":"--",
            "건폐율점수":"--",
            "세대당주차수":30,
            "난방방식":30,
            "공급면적":"--",
            "전용률":"--",
            "욕실수":50,
            "현관타입":100,
            "주거총점":56.0,
            "지역구공급총점":0.0,
            "역세권":"NA",
            "30분내 이동가능 거점":"NA",
            "1시간내 이동가능 거점":"NA",
            "교통총점":"NA",
            "백화점":100,
            "아울렛몰":0,
            "대형마트":0,
            "은행":0,
            "병원":30,
            "종합병원":100,
            "공원":100,
            "혐오시설":0,
            "인프라총점":56.0,
            "초등학군":84.38,
            "중학군":42.9,
            "학군총점":51.196,
            "인구수":29.33,
            "인구증감":3.5,
            "인구총점":21.581,
            "일자리":6.4,
            "소득수준":59.57,
            "일자리총점":22.351,
            "가치 총점":54.799,
            "매매실거래년":20211106.0,
            "매매실거래가":63000.0,
            "전세실거래년":20210527.0,
            "전세실거래가":11800.0,
            "전세가율":45.38,
            "장기전세가율평균":75.45,
            "전세가율거품지수":30.07,
            "검색코드":113728,
            "세대수":665.0,
            "준공년월":"2018-09-01",
            "준공년차":5.0,
            "가까운역이름":"NA",
            "가까운역거리":"NA",
            "역세권여부":"NA",
            "30분이내주요거점역":"NA",
            "1시간이내주요거점역":"NA",
            "3km이내백화점수":2,
            "5km이내아울렛몰수":0,
            "1km이내대형먀트수":0,
            "500m이내은행수":1,
            "500m이내병원수":9,
            "5km이내대형병원수":2,
            "500m이내공원수":2,
            "3km이내혐오시설수":0,
            "초등학교학업성취도":84.38,
            "중학교학업성취도":71.3,
            "용적률":240,
            "건폐율":17,
            "Y":36.806457,
            "X":127.137118,
            "rank":34.0,
            "area_info":"22평(72.77), 26평(86.03), 34평(114.66), 34평(114.93), 34평(115.2), 43평(143.69)",
            "last_sales":"2021-11-06,63000.0,43평(143.69)"
        },
        {
            "index":420,
            "아파트명":"청당한양수자인블루시티",
            "투자타입":"일반",
            "전용면적(m2)":"99.81",
            "전용면적(평)":"30평",
            "법정동주소":"충청남도 천안시 동남구 청당동 978",
            "도로명주소":"충청남도 천안시 동남구 청당4로 60",
            "세대수":90,
            "입주년차":80,
            "용적률점수":"--",
            "건폐율점수":"--",
            "세대당주차수":30,
            "난방방식":30,
            "공급면적":"--",
            "전용률":"--",
            "욕실수":100,
            "현관타입":100,
            "주거총점":75.0,
            "지역구공급총점":0.0,
            "역세권":"NA",
            "30분내 이동가능 거점":"NA",
            "1시간내 이동가능 거점":"NA",
            "교통총점":"NA",
            "백화점":0,
            "아울렛몰":0,
            "대형마트":100,
            "은행":0,
            "병원":10,
            "종합병원":100,
            "공원":100,
            "혐오시설":0,
            "인프라총점":39.0,
            "초등학군":93.48,
            "중학군":40.74,
            "학군총점":51.288,
            "인구수":29.33,
            "인구증감":3.5,
            "인구총점":21.581,
            "일자리":6.4,
            "소득수준":59.57,
            "일자리총점":22.351,
            "가치 총점":54.672,
            "매매실거래년":20211221.0,
            "매매실거래가":35000.0,
            "전세실거래년":20211206.0,
            "전세실거래가":33000.0,
            "전세가율":94.29,
            "장기전세가율평균":75.45,
            "전세가율거품지수":-18.84,
            "검색코드":111627,
            "세대수":999.0,
            "준공년월":"2018-03-01",
            "준공년차":5.0,
            "가까운역이름":"NA",
            "가까운역거리":"NA",
            "역세권여부":"NA",
            "30분이내주요거점역":"NA",
            "1시간이내주요거점역":"NA",
            "3km이내백화점수":0,
            "5km이내아울렛몰수":0,
            "1km이내대형먀트수":2,
            "500m이내은행수":0,
            "500m이내병원수":4,
            "5km이내대형병원수":3,
            "500m이내공원수":2,
            "3km이내혐오시설수":0,
            "초등학교학업성취도":93.48,
            "중학교학업성취도":67.3,
            "용적률":241,
            "건폐율":17,
            "Y":36.77822,
            "X":127.151358,
            "rank":35.0,
            "area_info":"30평(99.81), 30평(99.4), 34평(113.14), 34평(114.17)",
            "last_sales":"2021-12-21,35000.0,30평(99.81)"
        },
        {
            "index":334,
            "아파트명":"용곡마을동일하이빌2단지",
            "투자타입":"일반",
            "전용면적(m2)":"134.28",
            "전용면적(평)":"40평",
            "법정동주소":"충청남도 천안시 동남구 용곡동 580",
            "도로명주소":"충청남도 천안시 동남구 일봉로 72",
            "세대수":0,
            "입주년차":40,
            "용적률점수":"--",
            "건폐율점수":"--",
            "세대당주차수":60,
            "난방방식":30,
            "공급면적":"--",
            "전용률":"--",
            "욕실수":100,
            "현관타입":100,
            "주거총점":40.0,
            "지역구공급총점":0.0,
            "역세권":"NA",
            "30분내 이동가능 거점":"NA",
            "1시간내 이동가능 거점":"NA",
            "교통총점":"NA",
            "백화점":100,
            "아울렛몰":0,
            "대형마트":80,
            "은행":0,
            "병원":0,
            "종합병원":100,
            "공원":100,
            "혐오시설":0,
            "인프라총점":65.0,
            "초등학군":90.23,
            "중학군":48.44,
            "학군총점":56.798,
            "인구수":29.33,
            "인구증감":3.5,
            "인구총점":21.581,
            "일자리":6.4,
            "소득수준":59.57,
            "일자리총점":22.351,
            "가치 총점":54.1995,
            "매매실거래년":20210813.0,
            "매매실거래가":28900.0,
            "전세실거래년":20191130.0,
            "전세실거래가":18000.0,
            "전세가율":62.28,
            "장기전세가율평균":75.45,
            "전세가율거품지수":13.17,
            "검색코드":15436,
            "세대수":120.0,
            "준공년월":"2005-12-09",
            "준공년차":18.0,
            "가까운역이름":"NA",
            "가까운역거리":"NA",
            "역세권여부":"NA",
            "30분이내주요거점역":"NA",
            "1시간이내주요거점역":"NA",
            "3km이내백화점수":1,
            "5km이내아울렛몰수":0,
            "1km이내대형먀트수":1,
            "500m이내은행수":1,
            "500m이내병원수":1,
            "5km이내대형병원수":3,
            "500m이내공원수":5,
            "3km이내혐오시설수":0,
            "초등학교학업성취도":90.23,
            "중학교학업성취도":80.0,
            "용적률":237,
            "건폐율":19,
            "Y":36.791936,
            "X":127.134924,
            "rank":36.0,
            "area_info":"40평(134.28)",
            "last_sales":"2021-08-13,28900.0,40평(134.28)"
        },
        {
            "index":115,
            "아파트명":"봉명청솔",
            "투자타입":"일반",
            "전용면적(m2)":"77.18",
            "전용면적(평)":"23평",
            "법정동주소":"충청남도 천안시 동남구 봉명동 494",
            "도로명주소":"충청남도 천안시 동남구 봉서8길 13",
            "세대수":90,
            "입주년차":20,
            "용적률점수":"--",
            "건폐율점수":"--",
            "세대당주차수":30,
            "난방방식":30,
            "공급면적":"--",
            "전용률":"--",
            "욕실수":50,
            "현관타입":10,
            "주거총점":49.0,
            "지역구공급총점":0.0,
            "역세권":"NA",
            "30분내 이동가능 거점":"NA",
            "1시간내 이동가능 거점":"NA",
            "교통총점":"NA",
            "백화점":100,
            "아울렛몰":0,
            "대형마트":0,
            "은행":20,
            "병원":30,
            "종합병원":100,
            "공원":100,
            "혐오시설":0,
            "인프라총점":58.0,
            "초등학군":93.19,
            "중학군":42.9,
            "학군총점":52.958,
            "인구수":29.33,
            "인구증감":3.5,
            "인구총점":21.581,
            "일자리":6.4,
            "소득수준":59.57,
            "일자리총점":22.351,
            "가치 총점":53.5895,
            "매매실거래년":20220104.0,
            "매매실거래가":15000.0,
            "전세실거래년":20220114.0,
            "전세실거래가":13500.0,
            "전세가율":90.0,
            "장기전세가율평균":75.45,
            "전세가율거품지수":-14.55,
            "검색코드":13053,
            "세대수":1380.0,
            "준공년월":"2001-10-19",
            "준공년차":22.0,
            "가까운역이름":"NA",
            "가까운역거리":"NA",
            "역세권여부":"NA",
            "30분이내주요거점역":"NA",
            "1시간이내주요거점역":"NA",
            "3km이내백화점수":2,
            "5km이내아울렛몰수":0,
            "1km이내대형먀트수":0,
            "500m이내은행수":2,
            "500m이내병원수":8,
            "5km이내대형병원수":3,
            "500m이내공원수":6,
            "3km이내혐오시설수":0,
            "초등학교학업성취도":93.19,
            "중학교학업성취도":71.3,
            "용적률":344,
            "건폐율":27,
            "Y":36.81089,
            "X":127.132727,
            "rank":37.0,
            "area_info":"23평(77.18)",
            "last_sales":"2022-01-04,15000.0,23평(77.18)"
        },
        {
            "index":0,
            "아파트명":"구성아이파크",
            "투자타입":"일반",
            "전용면적(m2)":"102.21",
            "전용면적(평)":"30평",
            "법정동주소":"충청남도 천안시 동남구 구성동 388-72",
            "도로명주소":"충청남도 천안시 동남구 청수로 136-8",
            "세대수":0,
            "입주년차":40,
            "용적률점수":"--",
            "건폐율점수":"--",
            "세대당주차수":30,
            "난방방식":30,
            "공급면적":"--",
            "전용률":"--",
            "욕실수":100,
            "현관타입":100,
            "주거총점":35.5,
            "지역구공급총점":0.0,
            "역세권":"NA",
            "30분내 이동가능 거점":"NA",
            "1시간내 이동가능 거점":"NA",
            "교통총점":"NA",
            "백화점":100,
            "아울렛몰":0,
            "대형마트":80,
            "은행":0,
            "병원":60,
            "종합병원":100,
            "공원":100,
            "혐오시설":0,
            "인프라총점":71.0,
            "초등학군":91.58,
            "중학군":40.74,
            "학군총점":50.908,
            "인구수":29.33,
            "인구증감":3.5,
            "인구총점":21.581,
            "일자리":6.4,
            "소득수준":59.57,
            "일자리총점":22.351,
            "가치 총점":53.552,
            "매매실거래년":20211206.0,
            "매매실거래가":22000.0,
            "전세실거래년":20210617.0,
            "전세실거래가":17000.0,
            "전세가율":85.0,
            "장기전세가율평균":75.45,
            "전세가율거품지수":-9.55,
            "검색코드":13466,
            "세대수":184.0,
            "준공년월":"2004-12-21",
            "준공년차":19.0,
            "가까운역이름":"NA",
            "가까운역거리":"NA",
            "역세권여부":"NA",
            "30분이내주요거점역":"NA",
            "1시간이내주요거점역":"NA",
            "3km이내백화점수":1,
            "5km이내아울렛몰수":0,
            "1km이내대형먀트수":1,
            "500m이내은행수":0,
            "500m이내병원수":11,
            "5km이내대형병원수":3,
            "500m이내공원수":2,
            "3km이내혐오시설수":0,
            "초등학교학업성취도":91.58,
            "중학교학업성취도":67.3,
            "용적률":301,
            "건폐율":28,
            "Y":36.793284,
            "X":127.159493,
            "rank":38.0,
            "area_info":"30평(102.21), 32평(108.12), 32평(108.12), 32평(108.12), 32평(108.12), 54평(179.34)",
            "last_sales":"2021-12-06,22000.0,32평(108.12)"
        },
        {
            "index":213,
            "아파트명":"스카이타워(도시형)",
            "투자타입":"일반",
            "전용면적(m2)":"30.68",
            "전용면적(평)":"9평",
            "법정동주소":"충청남도 천안시 동남구 신부동 451-8",
            "도로명주소":"충청남도 천안시 동남구 먹거리11길 5",
            "세대수":0,
            "입주년차":80,
            "용적률점수":"--",
            "건폐율점수":"--",
            "세대당주차수":0,
            "난방방식":30,
            "공급면적":"--",
            "전용률":"--",
            "욕실수":50,
            "현관타입":10,
            "주거총점":25.0,
            "지역구공급총점":0.0,
            "역세권":"NA",
            "30분내 이동가능 거점":"NA",
            "1시간내 이동가능 거점":"NA",
            "교통총점":"NA",
            "백화점":100,
            "아울렛몰":0,
            "대형마트":80,
            "은행":20,
            "병원":100,
            "종합병원":100,
            "공원":100,
            "혐오시설":0,
            "인프라총점":77.0,
            "초등학군":95.44,
            "중학군":45.84,
            "학군총점":55.76,
            "인구수":29.33,
            "인구증감":3.5,
            "인구총점":21.581,
            "일자리":6.4,
            "소득수준":59.57,
            "일자리총점":22.351,
            "가치 총점":53.49,
            "매매실거래년":20211209.0,
            "매매실거래가":7500.0,
            "전세실거래년":20191223.0,
            "전세실거래가":7500.0,
            "전세가율":100.0,
            "장기전세가율평균":75.45,
            "전세가율거품지수":-24.55,
            "검색코드":105984,
            "세대수":299.0,
            "준공년월":"2014-03-24",
            "준공년차":9.0,
            "가까운역이름":"NA",
            "가까운역거리":"NA",
            "역세권여부":"NA",
            "30분이내주요거점역":"NA",
            "1시간이내주요거점역":"NA",
            "3km이내백화점수":1,
            "5km이내아울렛몰수":0,
            "1km이내대형먀트수":1,
            "500m이내은행수":2,
            "500m이내병원수":69,
            "5km이내대형병원수":3,
            "500m이내공원수":2,
            "3km이내혐오시설수":0,
            "초등학교학업성취도":95.44,
            "중학교학업성취도":75.8,
            "용적률":922,
            "건폐율":59,
            "Y":36.818181,
            "X":127.152899,
            "rank":39.0,
            "area_info":"9평(30.68), 9평(30.96), 9평(30.97), 9평(31.14), 9평(31.12), 9평(32.19), 10평(33.92), 10평(33.73), 10평(35.03), 10평(35.03), 12평(40.95), 12평(40.92), 12평(42.59), 19평(64.99), 23평(76.5)",
            "last_sales":"2021-12-09,7500.0,10평(35.03)"
        },
        {
            "index":122,
            "아파트명":"성지",
            "투자타입":"재건축",
            "전용면적(m2)":"80.9",
            "전용면적(평)":"24평",
            "법정동주소":"충청남도 천안시 동남구 봉명동 213-1",
            "도로명주소":"충청남도 천안시 동남구 봉명1길 60",
            "세대수":0,
            "입주년차":"--",
            "용적률점수":80,
            "건폐율점수":40,
            "세대당주차수":"--",
            "난방방식":"--",
            "공급면적":50,
            "전용률":60,
            "욕실수":"--",
            "현관타입":"--",
            "주거총점":45.5,
            "지역구공급총점":0.0,
            "역세권":"NA",
            "30분내 이동가능 거점":"NA",
            "1시간내 이동가능 거점":"NA",
            "교통총점":"NA",
            "백화점":100,
            "아울렛몰":0,
            "대형마트":0,
            "은행":20,
            "병원":60,
            "종합병원":100,
            "공원":100,
            "혐오시설":0,
            "인프라총점":61.0,
            "초등학군":84.38,
            "중학군":43.02,
            "학군총점":51.292,
            "인구수":29.33,
            "인구증감":3.5,
            "인구총점":21.581,
            "일자리":6.4,
            "소득수준":59.57,
            "일자리총점":22.351,
            "가치 총점":53.148,
            "매매실거래년":20160511.0,
            "매매실거래가":12500.0,
            "전세실거래년":20120707.0,
            "전세실거래가":6000.0,
            "전세가율":null,
            "장기전세가율평균":75.45,
            "전세가율거품지수":null,
            "검색코드":15267,
            "세대수":105.0,
            "준공년월":"1989-10-28",
            "준공년차":34.0,
            "가까운역이름":"NA",
            "가까운역거리":"NA",
            "역세권여부":"NA",
            "30분이내주요거점역":"NA",
            "1시간이내주요거점역":"NA",
            "3km이내백화점수":2,
            "5km이내아울렛몰수":0,
            "1km이내대형먀트수":0,
            "500m이내은행수":2,
            "500m이내병원수":10,
            "5km이내대형병원수":2,
            "500m이내공원수":5,
            "3km이내혐오시설수":0,
            "초등학교학업성취도":84.38,
            "중학교학업성취도":71.1,
            "용적률":171,
            "건폐율":38,
            "Y":36.80551,
            "X":127.134032,
            "rank":40.0,
            "area_info":"24평(80.9), 24평(81.49), 24평(82.35), 26평(89.22), 27평(90.96), 27평(91.59), 28평(95.19), 29평(96.01)",
            "last_sales":"2016-05-11,12500.0,29평(96.01)"
        },
        {
            "index":446,
            "아파트명":"현대",
            "투자타입":"일반",
            "전용면적(m2)":"79.12",
            "전용면적(평)":"23평",
            "법정동주소":"충청남도 천안시 동남구 청수동 219-4",
            "도로명주소":"충청남도 천안시 동남구 풍세로 1010-31",
            "세대수":50,
            "입주년차":0,
            "용적률점수":"--",
            "건폐율점수":"--",
            "세대당주차수":0,
            "난방방식":30,
            "공급면적":"--",
            "전용률":"--",
            "욕실수":50,
            "현관타입":100,
            "주거총점":35.5,
            "지역구공급총점":0.0,
            "역세권":"NA",
            "30분내 이동가능 거점":"NA",
            "1시간내 이동가능 거점":"NA",
            "교통총점":"NA",
            "백화점":100,
            "아울렛몰":0,
            "대형마트":80,
            "은행":0,
            "병원":30,
            "종합병원":100,
            "공원":80,
            "혐오시설":0,
            "인프라총점":67.4,
            "초등학군":91.58,
            "중학군":41.28,
            "학군총점":51.34,
            "인구수":29.33,
            "인구증감":3.5,
            "인구총점":21.581,
            "일자리":6.4,
            "소득수준":59.57,
            "일자리총점":22.351,
            "가치 총점":52.22,
            "매매실거래년":20211211.0,
            "매매실거래가":20000.0,
            "전세실거래년":20210617.0,
            "전세실거래가":10500.0,
            "전세가율":65.62,
            "장기전세가율평균":75.45,
            "전세가율거품지수":9.83,
            "검색코드":7569,
            "세대수":520.0,
            "준공년월":"1996-10-12",
            "준공년차":27.0,
            "가까운역이름":"NA",
            "가까운역거리":"NA",
            "역세권여부":"NA",
            "30분이내주요거점역":"NA",
            "1시간이내주요거점역":"NA",
            "3km이내백화점수":1,
            "5km이내아울렛몰수":0,
            "1km이내대형먀트수":1,
            "500m이내은행수":0,
            "500m이내병원수":7,
            "5km이내대형병원수":3,
            "500m이내공원수":1,
            "3km이내혐오시설수":0,
            "초등학교학업성취도":91.58,
            "중학교학업성취도":68.8,
            "용적률":308,
            "건폐율":24,
            "Y":36.797601,
            "X":127.154493,
            "rank":41.0,
            "area_info":"23평(79.12), 31평(105.64), 44평(145.65)",
            "last_sales":"2021-12-11,20000.0,31평(105.64)"
        },
        {
            "index":331,
            "아파트명":"용곡마을동일하이빌1단지",
            "투자타입":"일반",
            "전용면적(m2)":"111.08",
            "전용면적(평)":"33평",
            "법정동주소":"충청남도 천안시 동남구 용곡동 575",
            "도로명주소":"충청남도 천안시 동남구 일봉로 71",
            "세대수":80,
            "입주년차":40,
            "용적률점수":"--",
            "건폐율점수":"--",
            "세대당주차수":60,
            "난방방식":30,
            "공급면적":"--",
            "전용률":"--",
            "욕실수":100,
            "현관타입":100,
            "주거총점":68.0,
            "지역구공급총점":0.0,
            "역세권":"NA",
            "30분내 이동가능 거점":"NA",
            "1시간내 이동가능 거점":"NA",
            "교통총점":"NA",
            "백화점":0,
            "아울렛몰":0,
            "대형마트":80,
            "은행":0,
            "병원":0,
            "종합병원":100,
            "공원":100,
            "혐오시설":0,
            "인프라총점":35.0,
            "초등학군":88.28,
            "중학군":48.44,
            "학군총점":56.408,
            "인구수":29.33,
            "인구증감":3.5,
            "인구총점":21.581,
            "일자리":6.4,
            "소득수준":59.57,
            "일자리총점":22.351,
            "가치 총점":51.902,
            "매매실거래년":20220103.0,
            "매매실거래가":33800.0,
            "전세실거래년":20220101.0,
            "전세실거래가":22000.0,
            "전세가율":82.4,
            "장기전세가율평균":75.45,
            "전세가율거품지수":-6.95,
            "검색코드":15430,
            "세대수":706.0,
            "준공년월":"2005-12-09",
            "준공년차":18.0,
            "가까운역이름":"NA",
            "가까운역거리":"NA",
            "역세권여부":"NA",
            "30분이내주요거점역":"NA",
            "1시간이내주요거점역":"NA",
            "3km이내백화점수":0,
            "5km이내아울렛몰수":0,
            "1km이내대형먀트수":1,
            "500m이내은행수":1,
            "500m이내병원수":1,
            "5km이내대형병원수":3,
            "500m이내공원수":3,
            "3km이내혐오시설수":0,
            "초등학교학업성취도":88.28,
            "중학교학업성취도":80.0,
            "용적률":223,
            "건폐율":21,
            "Y":36.79234,
            "X":127.137217,
            "rank":42.0,
            "area_info":"33평(111.08), 43평(145.2), 58평(192.92)",
            "last_sales":"2022-01-03,33800.0,43평(145.2)"
        },
        {
            "index":204,
            "아파트명":"대림한내",
            "투자타입":"일반",
            "전용면적(m2)":"76.32",
            "전용면적(평)":"23평",
            "법정동주소":"충청남도 천안시 동남구 신부동 544",
            "도로명주소":"충청남도 천안시 동남구 터미널9길 31",
            "세대수":50,
            "입주년차":0,
            "용적률점수":"--",
            "건폐율점수":"--",
            "세대당주차수":0,
            "난방방식":30,
            "공급면적":"--",
            "전용률":"--",
            "욕실수":50,
            "현관타입":100,
            "주거총점":35.5,
            "지역구공급총점":0.0,
            "역세권":"NA",
            "30분내 이동가능 거점":"NA",
            "1시간내 이동가능 거점":"NA",
            "교통총점":"NA",
            "백화점":100,
            "아울렛몰":0,
            "대형마트":80,
            "은행":0,
            "병원":60,
            "종합병원":100,
            "공원":100,
            "혐오시설":0,
            "인프라총점":71.0,
            "초등학군":73.74,
            "중학군":36.06,
            "학군총점":43.596,
            "인구수":29.33,
            "인구증감":3.5,
            "인구총점":21.581,
            "일자리":6.4,
            "소득수준":59.57,
            "일자리총점":22.351,
            "가치 총점":51.724,
            "매매실거래년":20220108.0,
            "매매실거래가":17700.0,
            "전세실거래년":20211206.0,
            "전세실거래가":16000.0,
            "전세가율":90.4,
            "장기전세가율평균":75.45,
            "전세가율거품지수":-14.95,
            "검색코드":7414,
            "세대수":556.0,
            "준공년월":"1995-10-30",
            "준공년차":28.0,
            "가까운역이름":"NA",
            "가까운역거리":"NA",
            "역세권여부":"NA",
            "30분이내주요거점역":"NA",
            "1시간이내주요거점역":"NA",
            "3km이내백화점수":1,
            "5km이내아울렛몰수":0,
            "1km이내대형먀트수":1,
            "500m이내은행수":1,
            "500m이내병원수":17,
            "5km이내대형병원수":3,
            "500m이내공원수":3,
            "3km이내혐오시설수":0,
            "초등학교학업성취도":73.74,
            "중학교학업성취도":59.9,
            "용적률":200,
            "건폐율":21,
            "Y":36.824011,
            "X":127.156635,
            "rank":43.0,
            "area_info":"23평(76.32)",
            "last_sales":"2022-01-08,17700.0,23평(76.32)"
        },
        {
            "index":8,
            "아파트명":"신성천안미소지움",
            "투자타입":"일반",
            "전용면적(m2)":"81.64",
            "전용면적(평)":"24평",
            "법정동주소":"충청남도 천안시 동남구 구성동 259",
            "도로명주소":"충청남도 천안시 동남구 천안대로 483-8",
            "세대수":90,
            "입주년차":40,
            "용적률점수":"--",
            "건폐율점수":"--",
            "세대당주차수":30,
            "난방방식":30,
            "공급면적":"--",
            "전용률":"--",
            "욕실수":100,
            "현관타입":100,
            "주거총점":67.0,
            "지역구공급총점":0.0,
            "역세권":"NA",
            "30분내 이동가능 거점":"NA",
            "1시간내 이동가능 거점":"NA",
            "교통총점":"NA",
            "백화점":0,
            "아울렛몰":0,
            "대형마트":80,
            "은행":0,
            "병원":60,
            "종합병원":100,
            "공원":80,
            "혐오시설":0,
            "인프라총점":40.4,
            "초등학군":87.06,
            "중학군":37.74,
            "학군총점":47.604,
            "인구수":29.33,
            "인구증감":3.5,
            "인구총점":21.581,
            "일자리":6.4,
            "소득수준":59.57,
            "일자리총점":22.351,
            "가치 총점":51.511,
            "매매실거래년":20211213.0,
            "매매실거래가":14000.0,
            "전세실거래년":20210813.0,
            "전세실거래가":11000.0,
            "전세가율":78.57,
            "장기전세가율평균":75.45,
            "전세가율거품지수":-3.12,
            "검색코드":17369,
            "세대수":1029.0,
            "준공년월":"2006-05-01",
            "준공년차":17.0,
            "가까운역이름":"NA",
            "가까운역거리":"NA",
            "역세권여부":"NA",
            "30분이내주요거점역":"NA",
            "1시간이내주요거점역":"NA",
            "3km이내백화점수":0,
            "5km이내아울렛몰수":0,
            "1km이내대형먀트수":1,
            "500m이내은행수":0,
            "500m이내병원수":11,
            "5km이내대형병원수":3,
            "500m이내공원수":1,
            "3km이내혐오시설수":0,
            "초등학교학업성취도":87.06,
            "중학교학업성취도":62.3,
            "용적률":248,
            "건폐율":21,
            "Y":36.793033,
            "X":127.163473,
            "rank":44.0,
            "area_info":"24평(81.64), 24평(81.68), 32평(107.48), 32평(107.45), 43평(143.09)",
            "last_sales":"2021-12-13,14000.0,24평(81.64)"
        },
        {
            "index":394,
            "아파트명":"천안청수꿈에그린",
            "투자타입":"일반",
            "전용면적(m2)":"112.68",
            "전용면적(평)":"34평",
            "법정동주소":"충청남도 천안시 동남구 청당동 466",
            "도로명주소":"충청남도 천안시 동남구 청수14로 13",
            "세대수":50,
            "입주년차":80,
            "용적률점수":"--",
            "건폐율점수":"--",
            "세대당주차수":30,
            "난방방식":100,
            "공급면적":"--",
            "전용률":"--",
            "욕실수":100,
            "현관타입":100,
            "주거총점":68.0,
            "지역구공급총점":0.0,
            "역세권":"NA",
            "30분내 이동가능 거점":"NA",
            "1시간내 이동가능 거점":"NA",
            "교통총점":"NA",
            "백화점":0,
            "아울렛몰":0,
            "대형마트":100,
            "은행":0,
            "병원":0,
            "종합병원":100,
            "공원":80,
            "혐오시설":0,
            "인프라총점":37.4,
            "초등학군":90.0,
            "중학군":40.74,
            "학군총점":50.592,
            "인구수":29.33,
            "인구증감":3.5,
            "인구총점":21.581,
            "일자리":6.4,
            "소득수준":59.57,
            "일자리총점":22.351,
            "가치 총점":51.408,
            "매매실거래년":20211205.0,
            "매매실거래가":46300.0,
            "전세실거래년":20210331.0,
            "전세실거래가":37000.0,
            "전세가율":70.48,
            "장기전세가율평균":75.45,
            "전세가율거품지수":4.97,
            "검색코드":107332,
            "세대수":468.0,
            "준공년월":"2015-07-31",
            "준공년차":8.0,
            "가까운역이름":"NA",
            "가까운역거리":"NA",
            "역세권여부":"NA",
            "30분이내주요거점역":"NA",
            "1시간이내주요거점역":"NA",
            "3km이내백화점수":0,
            "5km이내아울렛몰수":0,
            "1km이내대형먀트수":2,
            "500m이내은행수":1,
            "500m이내병원수":0,
            "5km이내대형병원수":3,
            "500m이내공원수":1,
            "3km이내혐오시설수":0,
            "초등학교학업성취도":90.0,
            "중학교학업성취도":67.3,
            "용적률":217,
            "건폐율":21,
            "Y":36.785925,
            "X":127.147316,
            "rank":45.0,
            "area_info":"34평(112.68), 34평(113.62), 34평(113.0), 34평(115.0), 35평(118.78)",
            "last_sales":"2021-12-05,46300.0,35평(118.78)"
        },
        {
            "index":151,
            "아파트명":"삼일원앙",
            "투자타입":"일반",
            "전용면적(m2)":"41.87",
            "전용면적(평)":"12평",
            "법정동주소":"충청남도 천안시 동남구 신방동 902",
            "도로명주소":"충청남도 천안시 동남구 신촌로 5",
            "세대수":50,
            "입주년차":0,
            "용적률점수":"--",
            "건폐율점수":"--",
            "세대당주차수":0,
            "난방방식":30,
            "공급면적":"--",
            "전용률":"--",
            "욕실수":50,
            "현관타입":10,
            "주거총점":26.5,
            "지역구공급총점":0.0,
            "역세권":"NA",
            "30분내 이동가능 거점":"NA",
            "1시간내 이동가능 거점":"NA",
            "교통총점":"NA",
            "백화점":100,
            "아울렛몰":0,
            "대형마트":100,
            "은행":0,
            "병원":30,
            "종합병원":100,
            "공원":100,
            "혐오시설":0,
            "인프라총점":71.0,
            "초등학군":86.3,
            "중학군":46.74,
            "학군총점":54.652,
            "인구수":29.33,
            "인구증감":3.5,
            "인구총점":21.581,
            "일자리":6.4,
            "소득수준":59.57,
            "일자리총점":22.351,
            "가치 총점":51.338,
            "매매실거래년":20220110.0,
            "매매실거래가":4850.0,
            "전세실거래년":20211225.0,
            "전세실거래가":4500.0,
            "전세가율":92.78,
            "장기전세가율평균":75.45,
            "전세가율거품지수":-17.33,
            "검색코드":11266,
            "세대수":401.0,
            "준공년월":"1997-08-30",
            "준공년차":26.0,
            "가까운역이름":"NA",
            "가까운역거리":"NA",
            "역세권여부":"NA",
            "30분이내주요거점역":"NA",
            "1시간이내주요거점역":"NA",
            "3km이내백화점수":1,
            "5km이내아울렛몰수":0,
            "1km이내대형먀트수":2,
            "500m이내은행수":1,
            "500m이내병원수":9,
            "5km이내대형병원수":2,
            "500m이내공원수":5,
            "3km이내혐오시설수":0,
            "초등학교학업성취도":86.3,
            "중학교학업성취도":76.5,
            "용적률":313,
            "건폐율":26,
            "Y":36.789656,
            "X":127.120194,
            "rank":46.0,
            "area_info":"12평(41.87), 13평(45.89), 17평(57.96), 19평(64.66)",
            "last_sales":"2022-01-10,4850.0,12평(41.87)"
        },
        {
            "index":391,
            "아파트명":"산운마을부영사랑으로",
            "투자타입":"일반",
            "전용면적(m2)":"112.68",
            "전용면적(평)":"34평",
            "법정동주소":"충청남도 천안시 동남구 청당동 609",
            "도로명주소":"충청남도 천안시 동남구 청수8로 72",
            "세대수":50,
            "입주년차":60,
            "용적률점수":"--",
            "건폐율점수":"--",
            "세대당주차수":30,
            "난방방식":100,
            "공급면적":"--",
            "전용률":"--",
            "욕실수":100,
            "현관타입":100,
            "주거총점":64.0,
            "지역구공급총점":0.0,
            "역세권":"NA",
            "30분내 이동가능 거점":"NA",
            "1시간내 이동가능 거점":"NA",
            "교통총점":"NA",
            "백화점":0,
            "아울렛몰":0,
            "대형마트":100,
            "은행":20,
            "병원":10,
            "종합병원":100,
            "공원":100,
            "혐오시설":0,
            "인프라총점":41.0,
            "초등학군":87.06,
            "중학군":40.74,
            "학군총점":50.004,
            "인구수":29.33,
            "인구증감":3.5,
            "인구총점":21.581,
            "일자리":6.4,
            "소득수준":59.57,
            "일자리총점":22.351,
            "가치 총점":51.301,
            "매매실거래년":20220103.0,
            "매매실거래가":26800.0,
            "전세실거래년":20211217.0,
            "전세실거래가":20000.0,
            "전세가율":74.63,
            "장기전세가율평균":75.45,
            "전세가율거품지수":0.82,
            "검색코드":114402,
            "세대수":449.0,
            "준공년월":"2011-09-22",
            "준공년차":12.0,
            "가까운역이름":"NA",
            "가까운역거리":"NA",
            "역세권여부":"NA",
            "30분이내주요거점역":"NA",
            "1시간이내주요거점역":"NA",
            "3km이내백화점수":0,
            "5km이내아울렛몰수":0,
            "1km이내대형먀트수":2,
            "500m이내은행수":2,
            "500m이내병원수":3,
            "5km이내대형병원수":3,
            "500m이내공원수":4,
            "3km이내혐오시설수":0,
            "초등학교학업성취도":87.06,
            "중학교학업성취도":67.3,
            "용적률":236,
            "건폐율":19,
            "Y":36.788984,
            "X":127.159746,
            "rank":47.0,
            "area_info":"34평(112.68)",
            "last_sales":"2022-01-03,26800.0,34평(112.68)"
        },
        {
            "index":392,
            "아파트명":"중흥에스클래스산운마을",
            "투자타입":"일반",
            "전용면적(m2)":"109.8",
            "전용면적(평)":"33평",
            "법정동주소":"충청남도 천안시 동남구 청당동 606",
            "도로명주소":"충청남도 천안시 동남구 청수14로 117",
            "세대수":50,
            "입주년차":60,
            "용적률점수":"--",
            "건폐율점수":"--",
            "세대당주차수":30,
            "난방방식":100,
            "공급면적":"--",
            "전용률":"--",
            "욕실수":100,
            "현관타입":100,
            "주거총점":64.0,
            "지역구공급총점":0.0,
            "역세권":"NA",
            "30분내 이동가능 거점":"NA",
            "1시간내 이동가능 거점":"NA",
            "교통총점":"NA",
            "백화점":0,
            "아울렛몰":0,
            "대형마트":100,
            "은행":20,
            "병원":10,
            "종합병원":100,
            "공원":100,
            "혐오시설":0,
            "인프라총점":41.0,
            "초등학군":87.06,
            "중학군":40.74,
            "학군총점":50.004,
            "인구수":29.33,
            "인구증감":3.5,
            "인구총점":21.581,
            "일자리":6.4,
            "소득수준":59.57,
            "일자리총점":22.351,
            "가치 총점":51.301,
            "매매실거래년":20211230.0,
            "매매실거래가":30000.0,
            "전세실거래년":20211225.0,
            "전세실거래가":26000.0,
            "전세가율":115.56,
            "장기전세가율평균":75.45,
            "전세가율거품지수":-40.11,
            "검색코드":110018,
            "세대수":504.0,
            "준공년월":"2009-12-08",
            "준공년차":14.0,
            "가까운역이름":"NA",
            "가까운역거리":"NA",
            "역세권여부":"NA",
            "30분이내주요거점역":"NA",
            "1시간이내주요거점역":"NA",
            "3km이내백화점수":0,
            "5km이내아울렛몰수":0,
            "1km이내대형먀트수":2,
            "500m이내은행수":2,
            "500m이내병원수":3,
            "5km이내대형병원수":3,
            "500m이내공원수":8,
            "3km이내혐오시설수":0,
            "초등학교학업성취도":87.06,
            "중학교학업성취도":67.3,
            "용적률":213,
            "건폐율":19,
            "Y":36.787276,
            "X":127.158651,
            "rank":47.0,
            "area_info":"33평(109.8), 33평(110.93)",
            "last_sales":"2021-12-30,30000.0,33평(110.93)"
        },
        {
            "index":29,
            "아파트명":"일봉공원한화꿈에그린",
            "투자타입":"일반",
            "전용면적(m2)":"111.03",
            "전용면적(평)":"33평",
            "법정동주소":"충청남도 천안시 동남구 다가동 444-3",
            "도로명주소":"충청남도 천안시 동남구 다가말2길 54",
            "세대수":0,
            "입주년차":40,
            "용적률점수":"--",
            "건폐율점수":"--",
            "세대당주차수":30,
            "난방방식":30,
            "공급면적":"--",
            "전용률":"--",
            "욕실수":100,
            "현관타입":100,
            "주거총점":35.5,
            "지역구공급총점":0.0,
            "역세권":"NA",
            "30분내 이동가능 거점":"NA",
            "1시간내 이동가능 거점":"NA",
            "교통총점":"NA",
            "백화점":100,
            "아울렛몰":0,
            "대형마트":80,
            "은행":0,
            "병원":0,
            "종합병원":100,
            "공원":100,
            "혐오시설":0,
            "인프라총점":65.0,
            "초등학군":83.57,
            "중학군":43.02,
            "학군총점":51.13,
            "인구수":29.33,
            "인구증감":3.5,
            "인구총점":21.581,
            "일자리":6.4,
            "소득수준":59.57,
            "일자리총점":22.351,
            "가치 총점":51.2075,
            "매매실거래년":20211228.0,
            "매매실거래가":19600.0,
            "전세실거래년":20210717.0,
            "전세실거래가":15800.0,
            "전세가율":80.61,
            "장기전세가율평균":75.45,
            "전세가율거품지수":-5.16,
            "검색코드":23599,
            "세대수":245.0,
            "준공년월":"2006-02-28",
            "준공년차":17.0,
            "가까운역이름":"NA",
            "가까운역거리":"NA",
            "역세권여부":"NA",
            "30분이내주요거점역":"NA",
            "1시간이내주요거점역":"NA",
            "3km이내백화점수":2,
            "5km이내아울렛몰수":0,
            "1km이내대형먀트수":1,
            "500m이내은행수":0,
            "500m이내병원수":0,
            "5km이내대형병원수":3,
            "500m이내공원수":3,
            "3km이내혐오시설수":0,
            "초등학교학업성취도":83.57,
            "중학교학업성취도":71.1,
            "용적률":183,
            "건폐율":19,
            "Y":36.7973,
            "X":127.137643,
            "rank":48.0,
            "area_info":"33평(111.03)",
            "last_sales":"2021-12-28,19600.0,33평(111.03)"
        },
        {
            "index":23,
            "아파트명":"신성",
            "투자타입":"재건축",
            "전용면적(m2)":"94.4",
            "전용면적(평)":"28평",
            "법정동주소":"충청남도 천안시 동남구 다가동 440-10",
            "도로명주소":"충청남도 천안시 동남구 다가말2길 34-5",
            "세대수":30,
            "입주년차":"--",
            "용적률점수":0,
            "건폐율점수":80,
            "세대당주차수":"--",
            "난방방식":"--",
            "공급면적":70,
            "전용률":80,
            "욕실수":"--",
            "현관타입":"--",
            "주거총점":32.5,
            "지역구공급총점":0.0,
            "역세권":"NA",
            "30분내 이동가능 거점":"NA",
            "1시간내 이동가능 거점":"NA",
            "교통총점":"NA",
            "백화점":100,
            "아울렛몰":0,
            "대형마트":80,
            "은행":0,
            "병원":10,
            "종합병원":100,
            "공원":100,
            "혐오시설":0,
            "인프라총점":66.0,
            "초등학군":83.57,
            "중학군":43.02,
            "학군총점":51.13,
            "인구수":29.33,
            "인구증감":3.5,
            "인구총점":21.581,
            "일자리":6.4,
            "소득수준":59.57,
            "일자리총점":22.351,
            "가치 총점":50.5575,
            "매매실거래년":20211122.0,
            "매매실거래가":11000.0,
            "전세실거래년":20210604.0,
            "전세실거래가":9000.0,
            "전세가율":81.82,
            "장기전세가율평균":75.45,
            "전세가율거품지수":-6.37,
            "검색코드":7271,
            "세대수":364.0,
            "준공년월":"1990-12-20",
            "준공년차":33.0,
            "가까운역이름":"NA",
            "가까운역거리":"NA",
            "역세권여부":"NA",
            "30분이내주요거점역":"NA",
            "1시간이내주요거점역":"NA",
            "3km이내백화점수":2,
            "5km이내아울렛몰수":0,
            "1km이내대형먀트수":1,
            "500m이내은행수":0,
            "500m이내병원수":3,
            "5km이내대형병원수":3,
            "500m이내공원수":2,
            "3km이내혐오시설수":0,
            "초등학교학업성취도":83.57,
            "중학교학업성취도":71.1,
            "용적률":248,
            "건폐율":20,
            "Y":36.797534,
            "X":127.136374,
            "rank":49.0,
            "area_info":"28평(94.4), 32평(106.28)",
            "last_sales":"2021-11-22,11000.0,28평(94.4)"
        },
        {
            "index":170,
            "아파트명":"신방한성필하우스",
            "투자타입":"일반",
            "전용면적(m2)":"111.24",
            "전용면적(평)":"33평",
            "법정동주소":"충청남도 천안시 동남구 신방동 1557",
            "도로명주소":"충청남도 천안시 동남구 통정3로 68",
            "세대수":90,
            "입주년차":60,
            "용적률점수":"--",
            "건폐율점수":"--",
            "세대당주차수":60,
            "난방방식":30,
            "공급면적":"--",
            "전용률":"--",
            "욕실수":100,
            "현관타입":100,
            "주거총점":75.5,
            "지역구공급총점":0.0,
            "역세권":"NA",
            "30분내 이동가능 거점":"NA",
            "1시간내 이동가능 거점":"NA",
            "교통총점":"NA",
            "백화점":0,
            "아울렛몰":0,
            "대형마트":0,
            "은행":0,
            "병원":30,
            "종합병원":100,
            "공원":100,
            "혐오시설":0,
            "인프라총점":26.0,
            "초등학군":87.5,
            "중학군":45.44,
            "학군총점":53.852,
            "인구수":29.33,
            "인구증감":3.5,
            "인구총점":21.581,
            "일자리":6.4,
            "소득수준":59.57,
            "일자리총점":22.351,
            "가치 총점":50.288,
            "매매실거래년":20210924.0,
            "매매실거래가":50000.0,
            "전세실거래년":20211106.0,
            "전세실거래가":27000.0,
            "전세가율":87.52,
            "장기전세가율평균":75.45,
            "전세가율거품지수":-12.07,
            "검색코드":100359,
            "세대수":1049.0,
            "준공년월":"2010-06-08",
            "준공년차":13.0,
            "가까운역이름":"NA",
            "가까운역거리":"NA",
            "역세권여부":"NA",
            "30분이내주요거점역":"NA",
            "1시간이내주요거점역":"NA",
            "3km이내백화점수":0,
            "5km이내아울렛몰수":0,
            "1km이내대형먀트수":0,
            "500m이내은행수":1,
            "500m이내병원수":5,
            "5km이내대형병원수":3,
            "500m이내공원수":4,
            "3km이내혐오시설수":0,
            "초등학교학업성취도":87.5,
            "중학교학업성취도":74.8,
            "용적률":216,
            "건폐율":23,
            "Y":36.777016,
            "X":127.132885,
            "rank":50.0,
            "area_info":"33평(111.24), 33평(111.95), 33평(111.81), 40평(133.76), 40평(133.52), 40평(133.61), 53평(177.98), 66평(220.99)",
            "last_sales":"2021-09-24,50000.0,53평(177.98)"
        },
        {
            "index":313,
            "아파트명":"천안영성펜타폴리스25",
            "투자타입":"일반",
            "전용면적(m2)":"81.24",
            "전용면적(평)":"24평",
            "법정동주소":"충청남도 천안시 동남구 영성동 67-2",
            "도로명주소":"충청남도 천안시 동남구 대흥로 90",
            "세대수":0,
            "입주년차":80,
            "용적률점수":"--",
            "건폐율점수":"--",
            "세대당주차수":0,
            "난방방식":30,
            "공급면적":"--",
            "전용률":"--",
            "욕실수":100,
            "현관타입":100,
            "주거총점":39.0,
            "지역구공급총점":0.0,
            "역세권":"NA",
            "30분내 이동가능 거점":"NA",
            "1시간내 이동가능 거점":"NA",
            "교통총점":"NA",
            "백화점":100,
            "아울렛몰":0,
            "대형마트":0,
            "은행":0,
            "병원":60,
            "종합병원":100,
            "공원":100,
            "혐오시설":0,
            "인프라총점":59.0,
            "초등학군":90.78,
            "중학군":41.28,
            "학군총점":51.18,
            "인구수":29.33,
            "인구증감":3.5,
            "인구총점":21.581,
            "일자리":6.4,
            "소득수준":59.57,
            "일자리총점":22.351,
            "가치 총점":50.045,
            "매매실거래년":20180205.0,
            "매매실거래가":21973.0,
            "전세실거래년":null,
            "전세실거래가":null,
            "전세가율":null,
            "장기전세가율평균":75.45,
            "전세가율거품지수":null,
            "검색코드":113277,
            "세대수":170.0,
            "준공년월":"2017-11-01",
            "준공년차":6.0,
            "가까운역이름":"NA",
            "가까운역거리":"NA",
            "역세권여부":"NA",
            "30분이내주요거점역":"NA",
            "1시간이내주요거점역":"NA",
            "3km이내백화점수":1,
            "5km이내아울렛몰수":0,
            "1km이내대형먀트수":0,
            "500m이내은행수":1,
            "500m이내병원수":16,
            "5km이내대형병원수":3,
            "500m이내공원수":2,
            "3km이내혐오시설수":0,
            "초등학교학업성취도":90.78,
            "중학교학업성취도":68.8,
            "용적률":0,
            "건폐율":0,
            "Y":36.799451,
            "X":127.15231,
            "rank":51.0,
            "area_info":"24평(81.24), 24평(81.28), 25평(83.37), 25평(83.37), 25평(83.86), 25평(84.45), 25평(84.58), 25평(84.48), 25평(85.34), 26평(86.1)",
            "last_sales":"2018-02-05,21973.0,25평(84.58)"
        },
        {
            "index":166,
            "아파트명":"신방한라비발디",
            "투자타입":"일반",
            "전용면적(m2)":"107.58",
            "전용면적(평)":"32평",
            "법정동주소":"충청남도 천안시 동남구 신방동 1893",
            "도로명주소":"충청남도 천안시 동남구 통정9로 75",
            "세대수":80,
            "입주년차":60,
            "용적률점수":"--",
            "건폐율점수":"--",
            "세대당주차수":30,
            "난방방식":100,
            "공급면적":"--",
            "전용률":"--",
            "욕실수":100,
            "현관타입":100,
            "주거총점":74.5,
            "지역구공급총점":0.0,
            "역세권":"NA",
            "30분내 이동가능 거점":"NA",
            "1시간내 이동가능 거점":"NA",
            "교통총점":"NA",
            "백화점":0,
            "아울렛몰":0,
            "대형마트":0,
            "은행":0,
            "병원":30,
            "종합병원":100,
            "공원":100,
            "혐오시설":0,
            "인프라총점":26.0,
            "초등학군":87.5,
            "중학군":45.44,
            "학군총점":53.852,
            "인구수":29.33,
            "인구증감":3.5,
            "인구총점":21.581,
            "일자리":6.4,
            "소득수준":59.57,
            "일자리총점":22.351,
            "가치 총점":49.938,
            "매매실거래년":20220114.0,
            "매매실거래가":28000.0,
            "전세실거래년":20220111.0,
            "전세실거래가":25000.0,
            "전세가율":89.29,
            "장기전세가율평균":75.45,
            "전세가율거품지수":-13.84,
            "검색코드":27682,
            "세대수":764.0,
            "준공년월":"2009-09-22",
            "준공년차":14.0,
            "가까운역이름":"NA",
            "가까운역거리":"NA",
            "역세권여부":"NA",
            "30분이내주요거점역":"NA",
            "1시간이내주요거점역":"NA",
            "3km이내백화점수":0,
            "5km이내아울렛몰수":0,
            "1km이내대형먀트수":0,
            "500m이내은행수":0,
            "500m이내병원수":6,
            "5km이내대형병원수":3,
            "500m이내공원수":5,
            "3km이내혐오시설수":0,
            "초등학교학업성취도":87.5,
            "중학교학업성취도":74.8,
            "용적률":227,
            "건폐율":20,
            "Y":36.770758,
            "X":127.133594,
            "rank":52.0,
            "area_info":"32평(107.58), 33평(110.56), 33평(112.09), 42평(142.0)",
            "last_sales":"2022-01-14,28000.0,32평(107.58)"
        },
        {
            "index":19,
            "아파트명":"서해그랑블",
            "투자타입":"일반",
            "전용면적(m2)":"109.59",
            "전용면적(평)":"33평",
            "법정동주소":"충청남도 천안시 동남구 다가동 526",
            "도로명주소":"충청남도 천안시 동남구 천안천공원3길 5-31",
            "세대수":0,
            "입주년차":40,
            "용적률점수":"--",
            "건폐율점수":"--",
            "세대당주차수":30,
            "난방방식":30,
            "공급면적":"--",
            "전용률":"--",
            "욕실수":100,
            "현관타입":100,
            "주거총점":35.5,
            "지역구공급총점":0.0,
            "역세권":"NA",
            "30분내 이동가능 거점":"NA",
            "1시간내 이동가능 거점":"NA",
            "교통총점":"NA",
            "백화점":100,
            "아울렛몰":0,
            "대형마트":0,
            "은행":20,
            "병원":30,
            "종합병원":100,
            "공원":100,
            "혐오시설":0,
            "인프라총점":58.0,
            "초등학군":93.74,
            "중학군":43.02,
            "학군총점":53.164,
            "인구수":29.33,
            "인구증감":3.5,
            "인구총점":21.581,
            "일자리":6.4,
            "소득수준":59.57,
            "일자리총점":22.351,
            "가치 총점":48.916,
            "매매실거래년":20211203.0,
            "매매실거래가":29900.0,
            "전세실거래년":20210616.0,
            "전세실거래가":18000.0,
            "전세가율":75.95,
            "장기전세가율평균":75.45,
            "전세가율거품지수":-0.5,
            "검색코드":26418,
            "세대수":286.0,
            "준공년월":"2008-07-31",
            "준공년차":15.0,
            "가까운역이름":"NA",
            "가까운역거리":"NA",
            "역세권여부":"NA",
            "30분이내주요거점역":"NA",
            "1시간이내주요거점역":"NA",
            "3km이내백화점수":1,
            "5km이내아울렛몰수":0,
            "1km이내대형먀트수":0,
            "500m이내은행수":2,
            "500m이내병원수":9,
            "5km이내대형병원수":4,
            "500m이내공원수":2,
            "3km이내혐오시설수":0,
            "초등학교학업성취도":93.74,
            "중학교학업성취도":71.1,
            "용적률":247,
            "건폐율":24,
            "Y":36.802481,
            "X":127.145127,
            "rank":53.0,
            "area_info":"33평(109.59), 33평(110.99), 33평(110.67), 41평(135.93)",
            "last_sales":"2021-12-03,29900.0,41평(135.93)"
        },
        {
            "index":374,
            "아파트명":"메가시티2(도시형)",
            "투자타입":"일반",
            "전용면적(m2)":"22.61",
            "전용면적(평)":"6평",
            "법정동주소":"충청남도 천안시 동남구 원성동 582-1",
            "도로명주소":"충청남도 천안시 동남구 고재1길 6",
            "세대수":0,
            "입주년차":80,
            "용적률점수":"--",
            "건폐율점수":"--",
            "세대당주차수":0,
            "난방방식":30,
            "공급면적":"--",
            "전용률":"--",
            "욕실수":50,
            "현관타입":10,
            "주거총점":25.0,
            "지역구공급총점":0.0,
            "역세권":"NA",
            "30분내 이동가능 거점":"NA",
            "1시간내 이동가능 거점":"NA",
            "교통총점":"NA",
            "백화점":100,
            "아울렛몰":0,
            "대형마트":80,
            "은행":0,
            "병원":30,
            "종합병원":100,
            "공원":100,
            "혐오시설":0,
            "인프라총점":68.0,
            "초등학군":91.58,
            "중학군":41.28,
            "학군총점":51.34,
            "인구수":29.33,
            "인구증감":3.5,
            "인구총점":21.581,
            "일자리":6.4,
            "소득수준":59.57,
            "일자리총점":22.351,
            "가치 총점":48.785,
            "매매실거래년":20181008.0,
            "매매실거래가":13300.0,
            "전세실거래년":20190209.0,
            "전세실거래가":5000.0,
            "전세가율":null,
            "장기전세가율평균":75.45,
            "전세가율거품지수":null,
            "검색코드":112497,
            "세대수":120.0,
            "준공년월":"2016-04-20",
            "준공년차":7.0,
            "가까운역이름":"NA",
            "가까운역거리":"NA",
            "역세권여부":"NA",
            "30분이내주요거점역":"NA",
            "1시간이내주요거점역":"NA",
            "3km이내백화점수":1,
            "5km이내아울렛몰수":0,
            "1km이내대형먀트수":1,
            "500m이내은행수":0,
            "500m이내병원수":6,
            "5km이내대형병원수":4,
            "500m이내공원수":2,
            "3km이내혐오시설수":0,
            "초등학교학업성취도":91.58,
            "중학교학업성취도":68.8,
            "용적률":249,
            "건폐율":34,
            "Y":36.798993,
            "X":127.160103,
            "rank":54.0,
            "area_info":"6평(22.61), 7평(24.58), 7평(24.99), 7평(25.11), 7평(25.89), 12평(40.66), 12평(42.48)",
            "last_sales":"2018-10-08,13300.0,12평(42.48)"
        },
        {
            "index":195,
            "아파트명":"현대2차",
            "투자타입":"재건축",
            "전용면적(m2)":"70.13",
            "전용면적(평)":"21평",
            "법정동주소":"충청남도 천안시 동남구 신방동 22",
            "도로명주소":"충청남도 천안시 동남구 새말4길 12",
            "세대수":0,
            "입주년차":"--",
            "용적률점수":0,
            "건폐율점수":0,
            "세대당주차수":"--",
            "난방방식":"--",
            "공급면적":50,
            "전용률":80,
            "욕실수":"--",
            "현관타입":"--",
            "주거총점":6.5,
            "지역구공급총점":0.0,
            "역세권":"NA",
            "30분내 이동가능 거점":"NA",
            "1시간내 이동가능 거점":"NA",
            "교통총점":"NA",
            "백화점":100,
            "아울렛몰":0,
            "대형마트":80,
            "은행":70,
            "병원":80,
            "종합병원":100,
            "공원":100,
            "혐오시설":0,
            "인프라총점":80.0,
            "초등학군":90.23,
            "중학군":48.44,
            "학군총점":56.798,
            "인구수":29.33,
            "인구증감":3.5,
            "인구총점":21.581,
            "일자리":6.4,
            "소득수준":59.57,
            "일자리총점":22.351,
            "가치 총점":48.4745,
            "매매실거래년":20211112.0,
            "매매실거래가":18400.0,
            "전세실거래년":20211104.0,
            "전세실거래가":8400.0,
            "전세가율":84.0,
            "장기전세가율평균":75.45,
            "전세가율거품지수":-8.55,
            "검색코드":100603,
            "세대수":153.0,
            "준공년월":"1992-11-02",
            "준공년차":31.0,
            "가까운역이름":"NA",
            "가까운역거리":"NA",
            "역세권여부":"NA",
            "30분이내주요거점역":"NA",
            "1시간이내주요거점역":"NA",
            "3km이내백화점수":1,
            "5km이내아울렛몰수":0,
            "1km이내대형먀트수":1,
            "500m이내은행수":3,
            "500m이내병원수":38,
            "5km이내대형병원수":3,
            "500m이내공원수":4,
            "3km이내혐오시설수":0,
            "초등학교학업성취도":90.23,
            "중학교학업성취도":80.0,
            "용적률":0,
            "건폐율":0,
            "Y":36.794832,
            "X":127.13292,
            "rank":55.0,
            "area_info":"21평(70.13), 21평(70.45), 30평(99.93)",
            "last_sales":"2021-11-12,18400.0,30평(99.93)"
        },
        {
            "index":145,
            "아파트명":"보광그랑베르(도시형)",
            "투자타입":"일반",
            "전용면적(m2)":"22.82",
            "전용면적(평)":"6평",
            "법정동주소":"충청남도 천안시 동남구 신방동 783-8",
            "도로명주소":"충청남도 천안시 동남구 신촌1길 16",
            "세대수":0,
            "입주년차":60,
            "용적률점수":"--",
            "건폐율점수":"--",
            "세대당주차수":0,
            "난방방식":30,
            "공급면적":"--",
            "전용률":"--",
            "욕실수":50,
            "현관타입":50,
            "주거총점":25.0,
            "지역구공급총점":0.0,
            "역세권":"NA",
            "30분내 이동가능 거점":"NA",
            "1시간내 이동가능 거점":"NA",
            "교통총점":"NA",
            "백화점":100,
            "아울렛몰":0,
            "대형마트":80,
            "은행":0,
            "병원":0,
            "종합병원":100,
            "공원":100,
            "혐오시설":0,
            "인프라총점":65.0,
            "초등학군":83.84,
            "중학군":46.74,
            "학군총점":54.16,
            "인구수":29.33,
            "인구증감":3.5,
            "인구총점":21.581,
            "일자리":6.4,
            "소득수준":59.57,
            "일자리총점":22.351,
            "가치 총점":48.29,
            "매매실거래년":20210810.0,
            "매매실거래가":5000.0,
            "전세실거래년":null,
            "전세실거래가":null,
            "전세가율":null,
            "장기전세가율평균":75.45,
            "전세가율거품지수":null,
            "검색코드":107280,
            "세대수":141.0,
            "준공년월":"2012-08-22",
            "준공년차":11.0,
            "가까운역이름":"NA",
            "가까운역거리":"NA",
            "역세권여부":"NA",
            "30분이내주요거점역":"NA",
            "1시간이내주요거점역":"NA",
            "3km이내백화점수":1,
            "5km이내아울렛몰수":0,
            "1km이내대형먀트수":1,
            "500m이내은행수":1,
            "500m이내병원수":1,
            "5km이내대형병원수":2,
            "500m이내공원수":3,
            "3km이내혐오시설수":0,
            "초등학교학업성취도":83.84,
            "중학교학업성취도":76.5,
            "용적률":0,
            "건폐율":0,
            "Y":36.787785,
            "X":127.11942,
            "rank":56.0,
            "area_info":"6평(22.82), 7평(25.48), 8평(27.1), 8평(27.51), 8평(29.74), 16평(55.52)",
            "last_sales":"2021-08-10,5000.0,8평(27.51)"
        },
        {
            "index":63,
            "아파트명":"거송그랑데리움(도시형)",
            "투자타입":"일반",
            "전용면적(m2)":"30.64",
            "전용면적(평)":"9평",
            "법정동주소":"충청남도 천안시 동남구 문화동 63-9",
            "도로명주소":"충청남도 천안시 동남구 버들로 21",
            "세대수":0,
            "입주년차":80,
            "용적률점수":"--",
            "건폐율점수":"--",
            "세대당주차수":0,
            "난방방식":30,
            "공급면적":"--",
            "전용률":"--",
            "욕실수":50,
            "현관타입":100,
            "주거총점":34.0,
            "지역구공급총점":0.0,
            "역세권":"NA",
            "30분내 이동가능 거점":"NA",
            "1시간내 이동가능 거점":"NA",
            "교통총점":"NA",
            "백화점":100,
            "아울렛몰":0,
            "대형마트":0,
            "은행":70,
            "병원":30,
            "종합병원":100,
            "공원":0,
            "혐오시설":0,
            "인프라총점":60.0,
            "초등학군":88.04,
            "중학군":37.8,
            "학군총점":47.848,
            "인구수":29.33,
            "인구증감":3.5,
            "인구총점":21.581,
            "일자리":6.4,
            "소득수준":59.57,
            "일자리총점":22.351,
            "가치 총점":47.862,
            "매매실거래년":20210614.0,
            "매매실거래가":9900.0,
            "전세실거래년":null,
            "전세실거래가":null,
            "전세가율":null,
            "장기전세가율평균":75.45,
            "전세가율거품지수":null,
            "검색코드":112171,
            "세대수":296.0,
            "준공년월":"2016-03-25",
            "준공년차":7.0,
            "가까운역이름":"NA",
            "가까운역거리":"NA",
            "역세권여부":"NA",
            "30분이내주요거점역":"NA",
            "1시간이내주요거점역":"NA",
            "3km이내백화점수":1,
            "5km이내아울렛몰수":0,
            "1km이내대형먀트수":0,
            "500m이내은행수":4,
            "500m이내병원수":8,
            "5km이내대형병원수":4,
            "500m이내공원수":0,
            "3km이내혐오시설수":0,
            "초등학교학업성취도":88.04,
            "중학교학업성취도":63.0,
            "용적률":947,
            "건폐율":79,
            "Y":36.808883,
            "X":127.150625,
            "rank":57.0,
            "area_info":"9평(30.64), 9평(31.21), 9평(32.58), 10평(36.15), 11평(36.52), 11평(36.82), 11평(38.87), 11평(38.31), 11평(39.38), 11평(39.2), 12평(41.99), 12평(41.17), 13평(45.65), 14평(47.37), 14평(48.19), 14평(49.12), 15평(49.9), 15평(51.25), 15평(51.55), 16평(55.9)",
            "last_sales":"2021-06-14,9900.0,15평(49.9)"
        },
        {
            "index":260,
            "아파트명":"쌍용신성2단지",
            "투자타입":"일반",
            "전용면적(m2)":"77.55",
            "전용면적(평)":"23평",
            "법정동주소":"충청남도 천안시 동남구 쌍용동 555-2",
            "도로명주소":"충청남도 천안시 동남구 순천향1길 16",
            "세대수":0,
            "입주년차":0,
            "용적률점수":"--",
            "건폐율점수":"--",
            "세대당주차수":0,
            "난방방식":30,
            "공급면적":"--",
            "전용률":"--",
            "욕실수":50,
            "현관타입":100,
            "주거총점":18.0,
            "지역구공급총점":0.0,
            "역세권":"NA",
            "30분내 이동가능 거점":"NA",
            "1시간내 이동가능 거점":"NA",
            "교통총점":"NA",
            "백화점":100,
            "아울렛몰":0,
            "대형마트":80,
            "은행":0,
            "병원":60,
            "종합병원":100,
            "공원":100,
            "혐오시설":0,
            "인프라총점":71.0,
            "초등학군":90.0,
            "중학군":43.02,
            "학군총점":52.416,
            "인구수":29.33,
            "인구증감":3.5,
            "인구총점":21.581,
            "일자리":6.4,
            "소득수준":59.57,
            "일자리총점":22.351,
            "가치 총점":47.804,
            "매매실거래년":20211101.0,
            "매매실거래가":17800.0,
            "전세실거래년":20211213.0,
            "전세실거래가":11000.0,
            "전세가율":70.97,
            "장기전세가율평균":75.45,
            "전세가율거품지수":4.48,
            "검색코드":7458,
            "세대수":292.0,
            "준공년월":"1995-04-29",
            "준공년차":28.0,
            "가까운역이름":"NA",
            "가까운역거리":"NA",
            "역세권여부":"NA",
            "30분이내주요거점역":"NA",
            "1시간이내주요거점역":"NA",
            "3km이내백화점수":2,
            "5km이내아울렛몰수":0,
            "1km이내대형먀트수":1,
            "500m이내은행수":1,
            "500m이내병원수":12,
            "5km이내대형병원수":2,
            "500m이내공원수":6,
            "3km이내혐오시설수":0,
            "초등학교학업성취도":90.0,
            "중학교학업성취도":71.1,
            "용적률":215,
            "건폐율":22,
            "Y":36.800814,
            "X":127.132572,
            "rank":58.0,
            "area_info":"23평(77.55), 32평(107.53), 32평(107.3)",
            "last_sales":"2021-11-01,17800.0,32평(107.53)"
        },
        {
            "index":335,
            "아파트명":"용곡마을세광엔리치타워2차",
            "투자타입":"일반",
            "전용면적(m2)":"115.48",
            "전용면적(평)":"34평",
            "법정동주소":"충청남도 천안시 동남구 용곡동 583",
            "도로명주소":"충청남도 천안시 동남구 풍세로 769-28",
            "세대수":80,
            "입주년차":40,
            "용적률점수":"--",
            "건폐율점수":"--",
            "세대당주차수":60,
            "난방방식":30,
            "공급면적":"--",
            "전용률":"--",
            "욕실수":100,
            "현관타입":100,
            "주거총점":68.0,
            "지역구공급총점":0.0,
            "역세권":"NA",
            "30분내 이동가능 거점":"NA",
            "1시간내 이동가능 거점":"NA",
            "교통총점":"NA",
            "백화점":0,
            "아울렛몰":0,
            "대형마트":0,
            "은행":0,
            "병원":10,
            "종합병원":100,
            "공원":100,
            "혐오시설":0,
            "인프라총점":24.0,
            "초등학군":91.54,
            "중학군":45.44,
            "학군총점":54.66,
            "인구수":29.33,
            "인구증감":3.5,
            "인구총점":21.581,
            "일자리":6.4,
            "소득수준":59.57,
            "일자리총점":22.351,
            "가치 총점":47.065,
            "매매실거래년":20211202.0,
            "매매실거래가":42000.0,
            "전세실거래년":20220108.0,
            "전세실거래가":15000.0,
            "전세가율":54.95,
            "장기전세가율평균":75.45,
            "전세가율거품지수":20.5,
            "검색코드":26157,
            "세대수":897.0,
            "준공년월":"2007-10-16",
            "준공년차":16.0,
            "가까운역이름":"NA",
            "가까운역거리":"NA",
            "역세권여부":"NA",
            "30분이내주요거점역":"NA",
            "1시간이내주요거점역":"NA",
            "3km이내백화점수":0,
            "5km이내아울렛몰수":0,
            "1km이내대형먀트수":0,
            "500m이내은행수":0,
            "500m이내병원수":2,
            "5km이내대형병원수":3,
            "500m이내공원수":3,
            "3km이내혐오시설수":0,
            "초등학교학업성취도":91.54,
            "중학교학업성취도":74.8,
            "용적률":245,
            "건폐율":20,
            "Y":36.780968,
            "X":127.138554,
            "rank":59.0,
            "area_info":"34평(115.48), 39평(130.43), 40평(135.17), 48평(158.72), 52평(173.67), 57평(188.93), 74평(247.44)",
            "last_sales":"2021-12-02,42000.0,57평(188.93)"
        },
        {
            "index":410,
            "아파트명":"청당마을신도브래뉴",
            "투자타입":"일반",
            "전용면적(m2)":"105.9",
            "전용면적(평)":"32평",
            "법정동주소":"충청남도 천안시 동남구 청당동 436",
            "도로명주소":"충청남도 천안시 동남구 풍세로 770",
            "세대수":90,
            "입주년차":40,
            "용적률점수":"--",
            "건폐율점수":"--",
            "세대당주차수":30,
            "난방방식":30,
            "공급면적":"--",
            "전용률":"--",
            "욕실수":100,
            "현관타입":100,
            "주거총점":67.0,
            "지역구공급총점":0.0,
            "역세권":"NA",
            "30분내 이동가능 거점":"NA",
            "1시간내 이동가능 거점":"NA",
            "교통총점":"NA",
            "백화점":0,
            "아울렛몰":0,
            "대형마트":0,
            "은행":0,
            "병원":10,
            "종합병원":100,
            "공원":100,
            "혐오시설":0,
            "인프라총점":24.0,
            "초등학군":91.54,
            "중학군":45.44,
            "학군총점":54.66,
            "인구수":29.33,
            "인구증감":3.5,
            "인구총점":21.581,
            "일자리":6.4,
            "소득수준":59.57,
            "일자리총점":22.351,
            "가치 총점":46.715,
            "매매실거래년":20211218.0,
            "매매실거래가":21500.0,
            "전세실거래년":20211129.0,
            "전세실거래가":21000.0,
            "전세가율":97.67,
            "장기전세가율평균":75.45,
            "전세가율거품지수":-22.22,
            "검색코드":19124,
            "세대수":915.0,
            "준공년월":"2006-08-31",
            "준공년차":17.0,
            "가까운역이름":"NA",
            "가까운역거리":"NA",
            "역세권여부":"NA",
            "30분이내주요거점역":"NA",
            "1시간이내주요거점역":"NA",
            "3km이내백화점수":0,
            "5km이내아울렛몰수":0,
            "1km이내대형먀트수":0,
            "500m이내은행수":0,
            "500m이내병원수":2,
            "5km이내대형병원수":3,
            "500m이내공원수":2,
            "3km이내혐오시설수":0,
            "초등학교학업성취도":91.54,
            "중학교학업성취도":74.8,
            "용적률":246,
            "건폐율":21,
            "Y":36.779035,
            "X":127.141623,
            "rank":60.0,
            "area_info":"32평(105.9), 32평(106.46), 32평(106.48), 32평(106.48), 42평(138.98)",
            "last_sales":"2021-12-18,21500.0,32평(105.9)"
        },
        {
            "index":297,
            "아파트명":"안서코아루",
            "투자타입":"일반",
            "전용면적(m2)":"73.62",
            "전용면적(평)":"22평",
            "법정동주소":"충청남도 천안시 동남구 안서동 546",
            "도로명주소":"충청남도 천안시 동남구 각원사길 114-7",
            "세대수":0,
            "입주년차":80,
            "용적률점수":"--",
            "건폐율점수":"--",
            "세대당주차수":0,
            "난방방식":30,
            "공급면적":"--",
            "전용률":"--",
            "욕실수":100,
            "현관타입":100,
            "주거총점":39.0,
            "지역구공급총점":0.0,
            "역세권":"NA",
            "30분내 이동가능 거점":"NA",
            "1시간내 이동가능 거점":"NA",
            "교통총점":"NA",
            "백화점":100,
            "아울렛몰":0,
            "대형마트":0,
            "은행":0,
            "병원":0,
            "종합병원":80,
            "공원":100,
            "혐오시설":0,
            "인프라총점":49.0,
            "초등학군":89.05,
            "중학군":44.66,
            "학군총점":53.538,
            "인구수":29.33,
            "인구증감":3.5,
            "인구총점":21.581,
            "일자리":6.4,
            "소득수준":59.57,
            "일자리총점":22.351,
            "가치 총점":46.6345,
            "매매실거래년":20211117.0,
            "매매실거래가":23500.0,
            "전세실거래년":20210626.0,
            "전세실거래가":18500.0,
            "전세가율":94.87,
            "장기전세가율평균":75.45,
            "전세가율거품지수":-19.42,
            "검색코드":113090,
            "세대수":276.0,
            "준공년월":"2018-10-22",
            "준공년차":5.0,
            "가까운역이름":"NA",
            "가까운역거리":"NA",
            "역세권여부":"NA",
            "30분이내주요거점역":"NA",
            "1시간이내주요거점역":"NA",
            "3km이내백화점수":1,
            "5km이내아울렛몰수":0,
            "1km이내대형먀트수":0,
            "500m이내은행수":0,
            "500m이내병원수":0,
            "5km이내대형병원수":1,
            "500m이내공원수":2,
            "3km이내혐오시설수":0,
            "초등학교학업성취도":89.05,
            "중학교학업성취도":74.1,
            "용적률":239,
            "건폐율":27,
            "Y":36.829889,
            "X":127.184686,
            "rank":61.0,
            "area_info":"22평(73.62), 22평(74.32), 23평(77.19), 25평(84.71), 25평(84.88)",
            "last_sales":"2021-11-17,23500.0,25평(84.88)"
        },
        {
            "index":263,
            "아파트명":"임광",
            "투자타입":"일반",
            "전용면적(m2)":"77.75",
            "전용면적(평)":"23평",
            "법정동주소":"충청남도 천안시 동남구 쌍용동 553-1",
            "도로명주소":"충청남도 천안시 동남구 순천향1길 25",
            "세대수":0,
            "입주년차":0,
            "용적률점수":"--",
            "건폐율점수":"--",
            "세대당주차수":0,
            "난방방식":30,
            "공급면적":"--",
            "전용률":"--",
            "욕실수":50,
            "현관타입":100,
            "주거총점":18.0,
            "지역구공급총점":0.0,
            "역세권":"NA",
            "30분내 이동가능 거점":"NA",
            "1시간내 이동가능 거점":"NA",
            "교통총점":"NA",
            "백화점":100,
            "아울렛몰":0,
            "대형마트":80,
            "은행":0,
            "병원":30,
            "종합병원":100,
            "공원":100,
            "혐오시설":0,
            "인프라총점":68.0,
            "초등학군":90.0,
            "중학군":43.02,
            "학군총점":52.416,
            "인구수":29.33,
            "인구증감":3.5,
            "인구총점":21.581,
            "일자리":6.4,
            "소득수준":59.57,
            "일자리총점":22.351,
            "가치 총점":46.604,
            "매매실거래년":20211122.0,
            "매매실거래가":14800.0,
            "전세실거래년":20211030.0,
            "전세실거래가":13000.0,
            "전세가율":87.84,
            "장기전세가율평균":75.45,
            "전세가율거품지수":-12.39,
            "검색코드":7486,
            "세대수":108.0,
            "준공년월":"1996-05-29",
            "준공년차":27.0,
            "가까운역이름":"NA",
            "가까운역거리":"NA",
            "역세권여부":"NA",
            "30분이내주요거점역":"NA",
            "1시간이내주요거점역":"NA",
            "3km이내백화점수":2,
            "5km이내아울렛몰수":0,
            "1km이내대형먀트수":1,
            "500m이내은행수":1,
            "500m이내병원수":9,
            "5km이내대형병원수":2,
            "500m이내공원수":6,
            "3km이내혐오시설수":0,
            "초등학교학업성취도":90.0,
            "중학교학업성취도":71.1,
            "용적률":260,
            "건폐율":22,
            "Y":36.802406,
            "X":127.132252,
            "rank":62.0,
            "area_info":"23평(77.75)",
            "last_sales":"2021-11-22,14800.0,23평(77.75)"
        },
        {
            "index":27,
            "아파트명":"웰스빌",
            "투자타입":"일반",
            "전용면적(m2)":"108.8",
            "전용면적(평)":"32평",
            "법정동주소":"충청남도 천안시 동남구 다가동 26-1",
            "도로명주소":"충청남도 천안시 동남구 천안천공원2길 28",
            "세대수":0,
            "입주년차":40,
            "용적률점수":"--",
            "건폐율점수":"--",
            "세대당주차수":30,
            "난방방식":30,
            "공급면적":"--",
            "전용률":"--",
            "욕실수":100,
            "현관타입":100,
            "주거총점":35.5,
            "지역구공급총점":0.0,
            "역세권":"NA",
            "30분내 이동가능 거점":"NA",
            "1시간내 이동가능 거점":"NA",
            "교통총점":"NA",
            "백화점":100,
            "아울렛몰":0,
            "대형마트":0,
            "은행":0,
            "병원":10,
            "종합병원":100,
            "공원":80,
            "혐오시설":0,
            "인프라총점":53.4,
            "초등학군":88.25,
            "중학군":40.74,
            "학군총점":50.242,
            "인구수":29.33,
            "인구증감":3.5,
            "인구총점":21.581,
            "일자리":6.4,
            "소득수준":59.57,
            "일자리총점":22.351,
            "가치 총점":46.3455,
            "매매실거래년":20211015.0,
            "매매실거래가":17000.0,
            "전세실거래년":20210922.0,
            "전세실거래가":11550.0,
            "전세가율":69.58,
            "장기전세가율평균":75.45,
            "전세가율거품지수":5.87,
            "검색코드":25956,
            "세대수":221.0,
            "준공년월":"2006-07-31",
            "준공년차":17.0,
            "가까운역이름":"NA",
            "가까운역거리":"NA",
            "역세권여부":"NA",
            "30분이내주요거점역":"NA",
            "1시간이내주요거점역":"NA",
            "3km이내백화점수":1,
            "5km이내아울렛몰수":0,
            "1km이내대형먀트수":0,
            "500m이내은행수":0,
            "500m이내병원수":2,
            "5km이내대형병원수":3,
            "500m이내공원수":1,
            "3km이내혐오시설수":0,
            "초등학교학업성취도":88.25,
            "중학교학업성취도":67.3,
            "용적률":248,
            "건폐율":23,
            "Y":36.794712,
            "X":127.14863,
            "rank":63.0,
            "area_info":"32평(108.8), 33평(110.35)",
            "last_sales":"2021-10-15,17000.0,33평(110.35)"
        },
        {
            "index":243,
            "아파트명":"한화",
            "투자타입":"일반",
            "전용면적(m2)":"28.5",
            "전용면적(평)":"8평",
            "법정동주소":"충청남도 천안시 동남구 신부동 495-8",
            "도로명주소":"충청남도 천안시 동남구 신부15길 7",
            "세대수":0,
            "입주년차":0,
            "용적률점수":"--",
            "건폐율점수":"--",
            "세대당주차수":0,
            "난방방식":30,
            "공급면적":"--",
            "전용률":"--",
            "욕실수":50,
            "현관타입":10,
            "주거총점":9.0,
            "지역구공급총점":0.0,
            "역세권":"NA",
            "30분내 이동가능 거점":"NA",
            "1시간내 이동가능 거점":"NA",
            "교통총점":"NA",
            "백화점":100,
            "아울렛몰":0,
            "대형마트":80,
            "은행":70,
            "병원":80,
            "종합병원":100,
            "공원":100,
            "혐오시설":0,
            "인프라총점":80.0,
            "초등학군":73.74,
            "중학군":36.06,
            "학군총점":43.596,
            "인구수":29.33,
            "인구증감":3.5,
            "인구총점":21.581,
            "일자리":6.4,
            "소득수준":59.57,
            "일자리총점":22.351,
            "가치 총점":46.049,
            "매매실거래년":20211209.0,
            "매매실거래가":4000.0,
            "전세실거래년":20211212.0,
            "전세실거래가":3500.0,
            "전세가율":116.67,
            "장기전세가율평균":75.45,
            "전세가율거품지수":-41.22,
            "검색코드":15274,
            "세대수":195.0,
            "준공년월":"1997-05-31",
            "준공년차":26.0,
            "가까운역이름":"NA",
            "가까운역거리":"NA",
            "역세권여부":"NA",
            "30분이내주요거점역":"NA",
            "1시간이내주요거점역":"NA",
            "3km이내백화점수":1,
            "5km이내아울렛몰수":0,
            "1km이내대형먀트수":1,
            "500m이내은행수":3,
            "500m이내병원수":47,
            "5km이내대형병원수":3,
            "500m이내공원수":5,
            "3km이내혐오시설수":0,
            "초등학교학업성취도":73.74,
            "중학교학업성취도":59.9,
            "용적률":264,
            "건폐율":42,
            "Y":36.820345,
            "X":127.161954,
            "rank":64.0,
            "area_info":"8평(28.5), 10평(35.29), 16평(54.73)",
            "last_sales":"2021-12-09,4000.0,10평(35.29)"
        },
        {
            "index":369,
            "아파트명":"극동",
            "투자타입":"일반",
            "전용면적(m2)":"43.06",
            "전용면적(평)":"13평",
            "법정동주소":"충청남도 천안시 동남구 원성동 559-15",
            "도로명주소":"충청남도 천안시 동남구 충절로 190",
            "세대수":30,
            "입주년차":0,
            "용적률점수":"--",
            "건폐율점수":"--",
            "세대당주차수":0,
            "난방방식":30,
            "공급면적":"--",
            "전용률":"--",
            "욕실수":50,
            "현관타입":10,
            "주거총점":19.5,
            "지역구공급총점":0.0,
            "역세권":"NA",
            "30분내 이동가능 거점":"NA",
            "1시간내 이동가능 거점":"NA",
            "교통총점":"NA",
            "백화점":100,
            "아울렛몰":0,
            "대형마트":80,
            "은행":0,
            "병원":10,
            "종합병원":100,
            "공원":100,
            "혐오시설":0,
            "인프라총점":66.0,
            "초등학군":90.78,
            "중학군":41.28,
            "학군총점":51.18,
            "인구수":29.33,
            "인구증감":3.5,
            "인구총점":21.581,
            "일자리":6.4,
            "소득수준":59.57,
            "일자리총점":22.351,
            "가치 총점":46.02,
            "매매실거래년":20211210.0,
            "매매실거래가":7000.0,
            "전세실거래년":20170321.0,
            "전세실거래가":6400.0,
            "전세가율":91.43,
            "장기전세가율평균":75.45,
            "전세가율거품지수":-15.98,
            "검색코드":7558,
            "세대수":341.0,
            "준공년월":"1995-10-31",
            "준공년차":28.0,
            "가까운역이름":"NA",
            "가까운역거리":"NA",
            "역세권여부":"NA",
            "30분이내주요거점역":"NA",
            "1시간이내주요거점역":"NA",
            "3km이내백화점수":1,
            "5km이내아울렛몰수":0,
            "1km이내대형먀트수":1,
            "500m이내은행수":0,
            "500m이내병원수":4,
            "5km이내대형병원수":4,
            "500m이내공원수":2,
            "3km이내혐오시설수":0,
            "초등학교학업성취도":90.78,
            "중학교학업성취도":68.8,
            "용적률":343,
            "건폐율":28,
            "Y":36.801929,
            "X":127.158614,
            "rank":65.0,
            "area_info":"13평(43.06), 13평(45.35), 19평(65.88), 24평(80.96), 32평(106.27)",
            "last_sales":"2021-12-10,7000.0,13평(43.06)"
        },
        {
            "index":264,
            "아파트명":"고운여의주",
            "투자타입":"일반",
            "전용면적(m2)":"87.1",
            "전용면적(평)":"26평",
            "법정동주소":"충청남도 천안시 동남구 안서동 223-3",
            "도로명주소":"충청남도 천안시 동남구 안서1길 5-16",
            "세대수":0,
            "입주년차":40,
            "용적률점수":"--",
            "건폐율점수":"--",
            "세대당주차수":30,
            "난방방식":30,
            "공급면적":"--",
            "전용률":"--",
            "욕실수":100,
            "현관타입":100,
            "주거총점":35.5,
            "지역구공급총점":0.0,
            "역세권":"NA",
            "30분내 이동가능 거점":"NA",
            "1시간내 이동가능 거점":"NA",
            "교통총점":"NA",
            "백화점":100,
            "아울렛몰":0,
            "대형마트":0,
            "은행":0,
            "병원":0,
            "종합병원":100,
            "공원":0,
            "혐오시설":0,
            "인프라총점":50.0,
            "초등학군":89.05,
            "중학군":44.66,
            "학군총점":53.538,
            "인구수":29.33,
            "인구증감":3.5,
            "인구총점":21.581,
            "일자리":6.4,
            "소득수준":59.57,
            "일자리총점":22.351,
            "가치 총점":45.8095,
            "매매실거래년":20220103.0,
            "매매실거래가":16000.0,
            "전세실거래년":20211124.0,
            "전세실거래가":14000.0,
            "전세가율":89.17,
            "장기전세가율평균":75.45,
            "전세가율거품지수":-13.72,
            "검색코드":12995,
            "세대수":297.0,
            "준공년월":"2004-12-23",
            "준공년차":19.0,
            "가까운역이름":"NA",
            "가까운역거리":"NA",
            "역세권여부":"NA",
            "30분이내주요거점역":"NA",
            "1시간이내주요거점역":"NA",
            "3km이내백화점수":1,
            "5km이내아울렛몰수":0,
            "1km이내대형먀트수":0,
            "500m이내은행수":0,
            "500m이내병원수":0,
            "5km이내대형병원수":2,
            "500m이내공원수":0,
            "3km이내혐오시설수":0,
            "초등학교학업성취도":89.05,
            "중학교학업성취도":74.1,
            "용적률":248,
            "건폐율":27,
            "Y":36.830025,
            "X":127.177644,
            "rank":66.0,
            "area_info":"26평(87.1), 34평(113.51), 36평(121.14), 46평(153.85)",
            "last_sales":"2022-01-03,16000.0,34평(113.51)"
        },
        {
            "index":439,
            "아파트명":"청솔LG,SK",
            "투자타입":"일반",
            "전용면적(m2)":"79.79",
            "전용면적(평)":"24평",
            "법정동주소":"충청남도 천안시 동남구 청수동 261",
            "도로명주소":"충청남도 천안시 동남구 청수로 98",
            "세대수":80,
            "입주년차":20,
            "용적률점수":"--",
            "건폐율점수":"--",
            "세대당주차수":60,
            "난방방식":30,
            "공급면적":"--",
            "전용률":"--",
            "욕실수":50,
            "현관타입":100,
            "주거총점":59.0,
            "지역구공급총점":0.0,
            "역세권":"NA",
            "30분내 이동가능 거점":"NA",
            "1시간내 이동가능 거점":"NA",
            "교통총점":"NA",
            "백화점":0,
            "아울렛몰":0,
            "대형마트":0,
            "은행":0,
            "병원":60,
            "종합병원":100,
            "공원":100,
            "혐오시설":0,
            "인프라총점":29.0,
            "초등학군":91.58,
            "중학군":40.74,
            "학군총점":50.908,
            "인구수":29.33,
            "인구증감":3.5,
            "인구총점":21.581,
            "일자리":6.4,
            "소득수준":59.57,
            "일자리총점":22.351,
            "가치 총점":44.977,
            "매매실거래년":20211210.0,
            "매매실거래가":21500.0,
            "전세실거래년":20211016.0,
            "전세실거래가":14000.0,
            "전세가율":82.84,
            "장기전세가율평균":75.45,
            "전세가율거품지수":-7.39,
            "검색코드":7572,
            "세대수":898.0,
            "준공년월":"1999-02-26",
            "준공년차":24.0,
            "가까운역이름":"NA",
            "가까운역거리":"NA",
            "역세권여부":"NA",
            "30분이내주요거점역":"NA",
            "1시간이내주요거점역":"NA",
            "3km이내백화점수":0,
            "5km이내아울렛몰수":0,
            "1km이내대형먀트수":0,
            "500m이내은행수":0,
            "500m이내병원수":14,
            "5km이내대형병원수":3,
            "500m이내공원수":4,
            "3km이내혐오시설수":0,
            "초등학교학업성취도":91.58,
            "중학교학업성취도":67.3,
            "용적률":216,
            "건폐율":19,
            "Y":36.791474,
            "X":127.157126,
            "rank":67.0,
            "area_info":"24평(79.79), 28평(92.82), 32평(107.0), 39평(129.31), 43평(142.2), 52평(174.39), 63평(209.27)",
            "last_sales":"2021-12-10,21500.0,32평(107.0)"
        },
        {
            "index":37,
            "아파트명":"목천신도브래뉴2차",
            "투자타입":"일반",
            "전용면적(m2)":"80.3",
            "전용면적(평)":"24평",
            "법정동주소":"충청남도 천안시 동남구 목천읍 신계리 166-36",
            "도로명주소":"충청남도 천안시 동남구 목천안터2길 19",
            "세대수":90,
            "입주년차":40,
            "용적률점수":"--",
            "건폐율점수":"--",
            "세대당주차수":30,
            "난방방식":30,
            "공급면적":"--",
            "전용률":"--",
            "욕실수":100,
            "현관타입":100,
            "주거총점":67.0,
            "지역구공급총점":0.0,
            "역세권":"NA",
            "30분내 이동가능 거점":"NA",
            "1시간내 이동가능 거점":"NA",
            "교통총점":"NA",
            "백화점":0,
            "아울렛몰":0,
            "대형마트":80,
            "은행":0,
            "병원":10,
            "종합병원":80,
            "공원":0,
            "혐오시설":0,
            "인프라총점":29.0,
            "초등학군":85.26,
            "중학군":27.48,
            "학군총점":39.036,
            "인구수":29.33,
            "인구증감":3.5,
            "인구총점":21.581,
            "일자리":6.4,
            "소득수준":59.57,
            "일자리총점":22.351,
            "가치 총점":44.809,
            "매매실거래년":20211230.0,
            "매매실거래가":16500.0,
            "전세실거래년":20210730.0,
            "전세실거래가":14000.0,
            "전세가율":84.85,
            "장기전세가율평균":75.45,
            "전세가율거품지수":-9.4,
            "검색코드":13468,
            "세대수":957.0,
            "준공년월":"2005-06-29",
            "준공년차":18.0,
            "가까운역이름":"NA",
            "가까운역거리":"NA",
            "역세권여부":"NA",
            "30분이내주요거점역":"NA",
            "1시간이내주요거점역":"NA",
            "3km이내백화점수":0,
            "5km이내아울렛몰수":0,
            "1km이내대형먀트수":1,
            "500m이내은행수":0,
            "500m이내병원수":4,
            "5km이내대형병원수":1,
            "500m이내공원수":0,
            "3km이내혐오시설수":0,
            "초등학교학업성취도":85.26,
            "중학교학업성취도":45.8,
            "용적률":206,
            "건폐율":17,
            "Y":36.776584,
            "X":127.210691,
            "rank":68.0,
            "area_info":"24평(80.3), 28평(95.47), 33평(109.78)",
            "last_sales":"2021-12-30,16500.0,24평(80.3)"
        },
        {
            "index":202,
            "아파트명":"극동",
            "투자타입":"재건축",
            "전용면적(m2)":"66.16",
            "전용면적(평)":"20평",
            "법정동주소":"충청남도 천안시 동남구 신부동 56-20",
            "도로명주소":"충청남도 천안시 동남구 신원3길 34",
            "세대수":0,
            "입주년차":"--",
            "용적률점수":0,
            "건폐율점수":80,
            "세대당주차수":"--",
            "난방방식":"--",
            "공급면적":50,
            "전용률":80,
            "욕실수":"--",
            "현관타입":"--",
            "주거총점":22.5,
            "지역구공급총점":0.0,
            "역세권":"NA",
            "30분내 이동가능 거점":"NA",
            "1시간내 이동가능 거점":"NA",
            "교통총점":"NA",
            "백화점":100,
            "아울렛몰":0,
            "대형마트":80,
            "은행":0,
            "병원":0,
            "종합병원":100,
            "공원":0,
            "혐오시설":0,
            "인프라총점":62.0,
            "초등학군":90.52,
            "중학군":37.8,
            "학군총점":48.344,
            "인구수":29.33,
            "인구증감":3.5,
            "인구총점":21.581,
            "일자리":6.4,
            "소득수준":59.57,
            "일자리총점":22.351,
            "가치 총점":44.761,
            "매매실거래년":20211025.0,
            "매매실거래가":5000.0,
            "전세실거래년":20211101.0,
            "전세실거래가":8000.0,
            "전세가율":160.0,
            "장기전세가율평균":75.45,
            "전세가율거품지수":-84.55,
            "검색코드":7411,
            "세대수":104.0,
            "준공년월":"1990-07-28",
            "준공년차":33.0,
            "가까운역이름":"NA",
            "가까운역거리":"NA",
            "역세권여부":"NA",
            "30분이내주요거점역":"NA",
            "1시간이내주요거점역":"NA",
            "3km이내백화점수":1,
            "5km이내아울렛몰수":0,
            "1km이내대형먀트수":1,
            "500m이내은행수":1,
            "500m이내병원수":1,
            "5km이내대형병원수":4,
            "500m이내공원수":0,
            "3km이내혐오시설수":0,
            "초등학교학업성취도":90.52,
            "중학교학업성취도":63.0,
            "용적률":245,
            "건폐율":21,
            "Y":36.814984,
            "X":127.164635,
            "rank":69.0,
            "area_info":"20평(66.16), 31평(103.2)",
            "last_sales":"2021-10-25,5000.0,20평(66.16)"
        },
        {
            "index":83,
            "아파트명":"류진빌2차(도시형)",
            "투자타입":"일반",
            "전용면적(m2)":"32.78",
            "전용면적(평)":"9평",
            "법정동주소":"충청남도 천안시 동남구 문화동 81-1",
            "도로명주소":"충청남도 천안시 동남구 공설시장3길 18-1",
            "세대수":0,
            "입주년차":80,
            "용적률점수":"--",
            "건폐율점수":"--",
            "세대당주차수":0,
            "난방방식":30,
            "공급면적":"--",
            "전용률":"--",
            "욕실수":50,
            "현관타입":10,
            "주거총점":25.0,
            "지역구공급총점":0.0,
            "역세권":"NA",
            "30분내 이동가능 거점":"NA",
            "1시간내 이동가능 거점":"NA",
            "교통총점":"NA",
            "백화점":100,
            "아울렛몰":0,
            "대형마트":0,
            "은행":70,
            "병원":30,
            "종합병원":100,
            "공원":0,
            "혐오시설":0,
            "인프라총점":60.0,
            "초등학군":88.04,
            "중학군":37.8,
            "학군총점":47.848,
            "인구수":29.33,
            "인구증감":3.5,
            "인구총점":21.581,
            "일자리":6.4,
            "소득수준":59.57,
            "일자리총점":22.351,
            "가치 총점":44.712,
            "매매실거래년":20210826.0,
            "매매실거래가":9500.0,
            "전세실거래년":20191229.0,
            "전세실거래가":6000.0,
            "전세가율":null,
            "장기전세가율평균":75.45,
            "전세가율거품지수":null,
            "검색코드":111994,
            "세대수":119.0,
            "준공년월":"2015-11-04",
            "준공년차":8.0,
            "가까운역이름":"NA",
            "가까운역거리":"NA",
            "역세권여부":"NA",
            "30분이내주요거점역":"NA",
            "1시간이내주요거점역":"NA",
            "3km이내백화점수":1,
            "5km이내아울렛몰수":0,
            "1km이내대형먀트수":0,
            "500m이내은행수":3,
            "500m이내병원수":8,
            "5km이내대형병원수":4,
            "500m이내공원수":0,
            "3km이내혐오시설수":0,
            "초등학교학업성취도":88.04,
            "중학교학업성취도":63.0,
            "용적률":460,
            "건폐율":78,
            "Y":36.809511,
            "X":127.150181,
            "rank":70.0,
            "area_info":"9평(32.78), 11평(36.51), 16평(54.94)",
            "last_sales":"2021-08-26,9500.0,16평(54.94)"
        },
        {
            "index":178,
            "아파트명":"천안신방푸르지오",
            "투자타입":"일반",
            "전용면적(m2)":"105.99",
            "전용면적(평)":"32평",
            "법정동주소":"충청남도 천안시 동남구 신방동 1911",
            "도로명주소":"충청남도 천안시 동남구 통정9로 51",
            "세대수":50,
            "입주년차":60,
            "용적률점수":"--",
            "건폐율점수":"--",
            "세대당주차수":30,
            "난방방식":30,
            "공급면적":"--",
            "전용률":"--",
            "욕실수":100,
            "현관타입":100,
            "주거총점":57.0,
            "지역구공급총점":0.0,
            "역세권":"NA",
            "30분내 이동가능 거점":"NA",
            "1시간내 이동가능 거점":"NA",
            "교통총점":"NA",
            "백화점":0,
            "아울렛몰":0,
            "대형마트":0,
            "은행":0,
            "병원":30,
            "종합병원":100,
            "공원":100,
            "혐오시설":0,
            "인프라총점":26.0,
            "초등학군":87.5,
            "중학군":45.44,
            "학군총점":53.852,
            "인구수":29.33,
            "인구증감":3.5,
            "인구총점":21.581,
            "일자리":6.4,
            "소득수준":59.57,
            "일자리총점":22.351,
            "가치 총점":43.813,
            "매매실거래년":20211120.0,
            "매매실거래가":26400.0,
            "전세실거래년":20211104.0,
            "전세실거래가":17850.0,
            "전세가율":67.61,
            "장기전세가율평균":75.45,
            "전세가율거품지수":7.84,
            "검색코드":26517,
            "세대수":417.0,
            "준공년월":"2009-01-29",
            "준공년차":14.0,
            "가까운역이름":"NA",
            "가까운역거리":"NA",
            "역세권여부":"NA",
            "30분이내주요거점역":"NA",
            "1시간이내주요거점역":"NA",
            "3km이내백화점수":0,
            "5km이내아울렛몰수":0,
            "1km이내대형먀트수":0,
            "500m이내은행수":1,
            "500m이내병원수":6,
            "5km이내대형병원수":3,
            "500m이내공원수":5,
            "3km이내혐오시설수":0,
            "초등학교학업성취도":87.5,
            "중학교학업성취도":74.8,
            "용적률":241,
            "건폐율":27,
            "Y":36.772,
            "X":127.13209,
            "rank":71.0,
            "area_info":"32평(105.99), 32평(106.34), 32평(106.24)",
            "last_sales":"2021-11-20,26400.0,32평(105.99)"
        },
        {
            "index":329,
            "아파트명":"용곡동일하이빌하이씨티4단지",
            "투자타입":"일반",
            "전용면적(m2)":"111.48",
            "전용면적(평)":"33평",
            "법정동주소":"충청남도 천안시 동남구 용곡동 609",
            "도로명주소":"충청남도 천안시 동남구 용곡5길 34",
            "세대수":30,
            "입주년차":80,
            "용적률점수":"--",
            "건폐율점수":"--",
            "세대당주차수":60,
            "난방방식":30,
            "공급면적":"--",
            "전용률":"--",
            "욕실수":100,
            "현관타입":100,
            "주거총점":58.5,
            "지역구공급총점":0.0,
            "역세권":"NA",
            "30분내 이동가능 거점":"NA",
            "1시간내 이동가능 거점":"NA",
            "교통총점":"NA",
            "백화점":0,
            "아울렛몰":0,
            "대형마트":0,
            "은행":0,
            "병원":0,
            "종합병원":100,
            "공원":100,
            "혐오시설":0,
            "인프라총점":23.0,
            "초등학군":88.28,
            "중학군":48.44,
            "학군총점":56.408,
            "인구수":29.33,
            "인구증감":3.5,
            "인구총점":21.581,
            "일자리":6.4,
            "소득수준":59.57,
            "일자리총점":22.351,
            "가치 총점":43.777,
            "매매실거래년":20211117.0,
            "매매실거래가":35000.0,
            "전세실거래년":20211028.0,
            "전세실거래가":26000.0,
            "전세가율":74.29,
            "장기전세가율평균":75.45,
            "전세가율거품지수":1.16,
            "검색코드":107116,
            "세대수":379.0,
            "준공년월":"2015-08-26",
            "준공년차":8.0,
            "가까운역이름":"NA",
            "가까운역거리":"NA",
            "역세권여부":"NA",
            "30분이내주요거점역":"NA",
            "1시간이내주요거점역":"NA",
            "3km이내백화점수":0,
            "5km이내아울렛몰수":0,
            "1km이내대형먀트수":0,
            "500m이내은행수":1,
            "500m이내병원수":1,
            "5km이내대형병원수":3,
            "500m이내공원수":3,
            "3km이내혐오시설수":0,
            "초등학교학업성취도":88.28,
            "중학교학업성취도":80.0,
            "용적률":235,
            "건폐율":19,
            "Y":36.790072,
            "X":127.138822,
            "rank":72.0,
            "area_info":"33평(111.48), 40평(135.43)",
            "last_sales":"2021-11-17,35000.0,33평(111.48)"
        },
        {
            "index":52,
            "아파트명":"원앙마을부영1단지",
            "투자타입":"일반",
            "전용면적(m2)":"70.16",
            "전용면적(평)":"21평",
            "법정동주소":"충청남도 천안시 동남구 목천읍 삼성리 9-12",
            "도로명주소":"충청남도 천안시 동남구 삼성5길 42",
            "세대수":100,
            "입주년차":20,
            "용적률점수":"--",
            "건폐율점수":"--",
            "세대당주차수":0,
            "난방방식":30,
            "공급면적":"--",
            "전용률":"--",
            "욕실수":50,
            "현관타입":100,
            "주거총점":57.0,
            "지역구공급총점":0.0,
            "역세권":"NA",
            "30분내 이동가능 거점":"NA",
            "1시간내 이동가능 거점":"NA",
            "교통총점":"NA",
            "백화점":0,
            "아울렛몰":0,
            "대형마트":80,
            "은행":0,
            "병원":10,
            "종합병원":80,
            "공원":0,
            "혐오시설":0,
            "인프라총점":29.0,
            "초등학군":86.0,
            "중학군":37.74,
            "학군총점":47.392,
            "인구수":29.33,
            "인구증감":3.5,
            "인구총점":21.581,
            "일자리":6.4,
            "소득수준":59.57,
            "일자리총점":22.351,
            "가치 총점":43.398,
            "매매실거래년":20220106.0,
            "매매실거래가":8000.0,
            "전세실거래년":20220107.0,
            "전세실거래가":7400.0,
            "전세가율":105.71,
            "장기전세가율평균":75.45,
            "전세가율거품지수":-30.26,
            "검색코드":109730,
            "세대수":1833.0,
            "준공년월":"1999-12-27",
            "준공년차":24.0,
            "가까운역이름":"NA",
            "가까운역거리":"NA",
            "역세권여부":"NA",
            "30분이내주요거점역":"NA",
            "1시간이내주요거점역":"NA",
            "3km이내백화점수":0,
            "5km이내아울렛몰수":0,
            "1km이내대형먀트수":1,
            "500m이내은행수":0,
            "500m이내병원수":4,
            "5km이내대형병원수":1,
            "500m이내공원수":0,
            "3km이내혐오시설수":0,
            "초등학교학업성취도":86.0,
            "중학교학업성취도":62.3,
            "용적률":143,
            "건폐율":18,
            "Y":36.759501,
            "X":127.177792,
            "rank":73.0,
            "area_info":"21평(70.16), 25평(82.65)",
            "last_sales":"2022-01-06,8000.0,25평(82.65)"
        },
        {
            "index":350,
            "아파트명":"용곡세광엔리치타워1차",
            "투자타입":"일반",
            "전용면적(m2)":"104.66",
            "전용면적(평)":"31평",
            "법정동주소":"충청남도 천안시 동남구 용곡동 571",
            "도로명주소":"충청남도 천안시 동남구 풍세로 801-23",
            "세대수":50,
            "입주년차":40,
            "용적률점수":"--",
            "건폐율점수":"--",
            "세대당주차수":60,
            "난방방식":30,
            "공급면적":"--",
            "전용률":"--",
            "욕실수":100,
            "현관타입":100,
            "주거총점":57.5,
            "지역구공급총점":0.0,
            "역세권":"NA",
            "30분내 이동가능 거점":"NA",
            "1시간내 이동가능 거점":"NA",
            "교통총점":"NA",
            "백화점":0,
            "아울렛몰":0,
            "대형마트":0,
            "은행":0,
            "병원":10,
            "종합병원":100,
            "공원":100,
            "혐오시설":0,
            "인프라총점":24.0,
            "초등학군":91.54,
            "중학군":45.44,
            "학군총점":54.66,
            "인구수":29.33,
            "인구증감":3.5,
            "인구총점":21.581,
            "일자리":6.4,
            "소득수준":59.57,
            "일자리총점":22.351,
            "가치 총점":43.39,
            "매매실거래년":20211230.0,
            "매매실거래가":23000.0,
            "전세실거래년":20201030.0,
            "전세실거래가":14300.0,
            "전세가율":62.17,
            "장기전세가율평균":75.45,
            "전세가율거품지수":13.28,
            "검색코드":15420,
            "세대수":575.0,
            "준공년월":"2005-08-22",
            "준공년차":18.0,
            "가까운역이름":"NA",
            "가까운역거리":"NA",
            "역세권여부":"NA",
            "30분이내주요거점역":"NA",
            "1시간이내주요거점역":"NA",
            "3km이내백화점수":0,
            "5km이내아울렛몰수":0,
            "1km이내대형먀트수":0,
            "500m이내은행수":0,
            "500m이내병원수":2,
            "5km이내대형병원수":3,
            "500m이내공원수":3,
            "3km이내혐오시설수":0,
            "초등학교학업성취도":91.54,
            "중학교학업성취도":74.8,
            "용적률":249,
            "건폐율":20,
            "Y":36.780263,
            "X":127.140713,
            "rank":74.0,
            "area_info":"31평(104.66), 38평(125.78), 38평(128.07), 45평(151.85), 54평(180.03), 65평(215.03)",
            "last_sales":"2021-12-30,23000.0,31평(104.66)"
        },
        {
            "index":356,
            "아파트명":"용곡우림필유",
            "투자타입":"일반",
            "전용면적(m2)":"117.95",
            "전용면적(평)":"35평",
            "법정동주소":"충청남도 천안시 동남구 용곡동 595",
            "도로명주소":"충청남도 천안시 동남구 용곡5길 37-6",
            "세대수":50,
            "입주년차":60,
            "용적률점수":"--",
            "건폐율점수":"--",
            "세대당주차수":30,
            "난방방식":30,
            "공급면적":"--",
            "전용률":"--",
            "욕실수":100,
            "현관타입":100,
            "주거총점":57.0,
            "지역구공급총점":0.0,
            "역세권":"NA",
            "30분내 이동가능 거점":"NA",
            "1시간내 이동가능 거점":"NA",
            "교통총점":"NA",
            "백화점":0,
            "아울렛몰":0,
            "대형마트":0,
            "은행":0,
            "병원":0,
            "종합병원":100,
            "공원":100,
            "혐오시설":0,
            "인프라총점":23.0,
            "초등학군":88.28,
            "중학군":48.44,
            "학군총점":56.408,
            "인구수":29.33,
            "인구증감":3.5,
            "인구총점":21.581,
            "일자리":6.4,
            "소득수준":59.57,
            "일자리총점":22.351,
            "가치 총점":43.252,
            "매매실거래년":20200129.0,
            "매매실거래가":40000.0,
            "전세실거래년":20180929.0,
            "전세실거래가":16000.0,
            "전세가율":76.19,
            "장기전세가율평균":75.45,
            "전세가율거품지수":-0.74,
            "검색코드":26813,
            "세대수":499.0,
            "준공년월":"2009-10-07",
            "준공년차":14.0,
            "가까운역이름":"NA",
            "가까운역거리":"NA",
            "역세권여부":"NA",
            "30분이내주요거점역":"NA",
            "1시간이내주요거점역":"NA",
            "3km이내백화점수":0,
            "5km이내아울렛몰수":0,
            "1km이내대형먀트수":0,
            "500m이내은행수":1,
            "500m이내병원수":1,
            "5km이내대형병원수":3,
            "500m이내공원수":2,
            "3km이내혐오시설수":0,
            "초등학교학업성취도":88.28,
            "중학교학업성취도":80.0,
            "용적률":248,
            "건폐율":21,
            "Y":36.793026,
            "X":127.139831,
            "rank":75.0,
            "area_info":"35평(117.95), 35평(118.19), 46평(154.56), 46평(154.56), 58평(193.59), 66평(220.45), 79평(261.99)",
            "last_sales":"2020-01-29,40000.0,58평(193.59)"
        },
        {
            "index":111,
            "아파트명":"봉명선경",
            "투자타입":"재건축",
            "전용면적(m2)":"81.18",
            "전용면적(평)":"24평",
            "법정동주소":"충청남도 천안시 동남구 봉명동 60-54",
            "도로명주소":"충청남도 천안시 동남구 양지4길 25",
            "세대수":0,
            "입주년차":"--",
            "용적률점수":0,
            "건폐율점수":80,
            "세대당주차수":"--",
            "난방방식":"--",
            "공급면적":70,
            "전용률":60,
            "욕실수":"--",
            "현관타입":"--",
            "주거총점":22.5,
            "지역구공급총점":0.0,
            "역세권":"NA",
            "30분내 이동가능 거점":"NA",
            "1시간내 이동가능 거점":"NA",
            "교통총점":"NA",
            "백화점":100,
            "아울렛몰":0,
            "대형마트":0,
            "은행":0,
            "병원":30,
            "종합병원":100,
            "공원":100,
            "혐오시설":0,
            "인프라총점":56.0,
            "초등학군":84.38,
            "중학군":42.9,
            "학군총점":51.196,
            "인구수":29.33,
            "인구증감":3.5,
            "인구총점":21.581,
            "일자리":6.4,
            "소득수준":59.57,
            "일자리총점":22.351,
            "가치 총점":43.074,
            "매매실거래년":20211229.0,
            "매매실거래가":16300.0,
            "전세실거래년":20211008.0,
            "전세실거래가":11500.0,
            "전세가율":103.6,
            "장기전세가율평균":75.45,
            "전세가율거품지수":-28.15,
            "검색코드":7319,
            "세대수":285.0,
            "준공년월":"1991-11-30",
            "준공년차":32.0,
            "가까운역이름":"NA",
            "가까운역거리":"NA",
            "역세권여부":"NA",
            "30분이내주요거점역":"NA",
            "1시간이내주요거점역":"NA",
            "3km이내백화점수":2,
            "5km이내아울렛몰수":0,
            "1km이내대형먀트수":0,
            "500m이내은행수":1,
            "500m이내병원수":9,
            "5km이내대형병원수":3,
            "500m이내공원수":3,
            "3km이내혐오시설수":0,
            "초등학교학업성취도":84.38,
            "중학교학업성취도":71.3,
            "용적률":235,
            "건폐율":22,
            "Y":36.808962,
            "X":127.136604,
            "rank":76.0,
            "area_info":"24평(81.18), 27평(92.43), 32평(106.19), 37평(123.97)",
            "last_sales":"2021-12-29,16300.0,32평(106.19)"
        },
        {
            "index":181,
            "아파트명":"천안하나리움아인스파크(민간임대)",
            "투자타입":"일반",
            "전용면적(m2)":"83.7",
            "전용면적(평)":"25평",
            "법정동주소":"충청남도 천안시 동남구 신방동 1066",
            "도로명주소":"충청남도 천안시 동남구 통정3로 77",
            "세대수":30,
            "입주년차":80,
            "용적률점수":"--",
            "건폐율점수":"--",
            "세대당주차수":30,
            "난방방식":30,
            "공급면적":"--",
            "전용률":"--",
            "욕실수":100,
            "현관타입":100,
            "주거총점":54.0,
            "지역구공급총점":0.0,
            "역세권":"NA",
            "30분내 이동가능 거점":"NA",
            "1시간내 이동가능 거점":"NA",
            "교통총점":"NA",
            "백화점":0,
            "아울렛몰":0,
            "대형마트":0,
            "은행":0,
            "병원":30,
            "종합병원":100,
            "공원":100,
            "혐오시설":0,
            "인프라총점":26.0,
            "초등학군":87.5,
            "중학군":45.44,
            "학군총점":53.852,
            "인구수":29.33,
            "인구증감":3.5,
            "인구총점":21.581,
            "일자리":6.4,
            "소득수준":59.57,
            "일자리총점":22.351,
            "가치 총점":42.763,
            "매매실거래년":"18000101",
            "매매실거래가":null,
            "전세실거래년":20211115.0,
            "전세실거래가":15900.0,
            "전세가율":null,
            "장기전세가율평균":75.45,
            "전세가율거품지수":null,
            "검색코드":120918,
            "세대수":305.0,
            "준공년월":"2016-04-20",
            "준공년차":7.0,
            "가까운역이름":"NA",
            "가까운역거리":"NA",
            "역세권여부":"NA",
            "30분이내주요거점역":"NA",
            "1시간이내주요거점역":"NA",
            "3km이내백화점수":0,
            "5km이내아울렛몰수":0,
            "1km이내대형먀트수":0,
            "500m이내은행수":1,
            "500m이내병원수":5,
            "5km이내대형병원수":3,
            "500m이내공원수":3,
            "3km이내혐오시설수":0,
            "초등학교학업성취도":87.5,
            "중학교학업성취도":74.8,
            "용적률":216,
            "건폐율":19,
            "Y":36.777688,
            "X":127.131309,
            "rank":77.0,
            "area_info":"25평(83.7), 25평(85.2)",
            "last_sales":"1800-01-01,nan,25평(83.7)"
        },
        {
            "index":268,
            "아파트명":"동보",
            "투자타입":"일반",
            "전용면적(m2)":"35.15",
            "전용면적(평)":"10평",
            "법정동주소":"충청남도 천안시 동남구 안서동 304-1",
            "도로명주소":"충청남도 천안시 동남구 각원사길 59-5",
            "세대수":50,
            "입주년차":0,
            "용적률점수":"--",
            "건폐율점수":"--",
            "세대당주차수":0,
            "난방방식":30,
            "공급면적":"--",
            "전용률":"--",
            "욕실수":50,
            "현관타입":10,
            "주거총점":26.5,
            "지역구공급총점":0.0,
            "역세권":"NA",
            "30분내 이동가능 거점":"NA",
            "1시간내 이동가능 거점":"NA",
            "교통총점":"NA",
            "백화점":100,
            "아울렛몰":0,
            "대형마트":0,
            "은행":0,
            "병원":0,
            "종합병원":100,
            "공원":0,
            "혐오시설":0,
            "인프라총점":50.0,
            "초등학군":89.05,
            "중학군":44.66,
            "학군총점":53.538,
            "인구수":29.33,
            "인구증감":3.5,
            "인구총점":21.581,
            "일자리":6.4,
            "소득수준":59.57,
            "일자리총점":22.351,
            "가치 총점":42.6595,
            "매매실거래년":20220109.0,
            "매매실거래가":4900.0,
            "전세실거래년":20220108.0,
            "전세실거래가":4600.0,
            "전세가율":93.88,
            "장기전세가율평균":75.45,
            "전세가율거품지수":-18.43,
            "검색코드":100381,
            "세대수":615.0,
            "준공년월":"1996-05-01",
            "준공년차":27.0,
            "가까운역이름":"NA",
            "가까운역거리":"NA",
            "역세권여부":"NA",
            "30분이내주요거점역":"NA",
            "1시간이내주요거점역":"NA",
            "3km이내백화점수":1,
            "5km이내아울렛몰수":0,
            "1km이내대형먀트수":0,
            "500m이내은행수":0,
            "500m이내병원수":0,
            "5km이내대형병원수":2,
            "500m이내공원수":0,
            "3km이내혐오시설수":0,
            "초등학교학업성취도":89.05,
            "중학교학업성취도":74.1,
            "용적률":254,
            "건폐율":0,
            "Y":36.831606,
            "X":127.178187,
            "rank":78.0,
            "area_info":"10평(35.15), 11평(39.66), 13평(46.28), 29평(99.17)",
            "last_sales":"2022-01-09,4900.0,10평(35.15)"
        },
        {
            "index":289,
            "아파트명":"안서e-편한세상1차",
            "투자타입":"일반",
            "전용면적(m2)":"126.8",
            "전용면적(평)":"38평",
            "법정동주소":"충청남도 천안시 동남구 안서동 181",
            "도로명주소":"충청남도 천안시 동남구 성불사길 41",
            "세대수":50,
            "입주년차":40,
            "용적률점수":"--",
            "건폐율점수":"--",
            "세대당주차수":60,
            "난방방식":30,
            "공급면적":"--",
            "전용률":"--",
            "욕실수":100,
            "현관타입":100,
            "주거총점":57.5,
            "지역구공급총점":0.0,
            "역세권":"NA",
            "30분내 이동가능 거점":"NA",
            "1시간내 이동가능 거점":"NA",
            "교통총점":"NA",
            "백화점":0,
            "아울렛몰":0,
            "대형마트":0,
            "은행":0,
            "병원":0,
            "종합병원":80,
            "공원":100,
            "혐오시설":0,
            "인프라총점":19.0,
            "초등학군":89.05,
            "중학군":44.66,
            "학군총점":53.538,
            "인구수":29.33,
            "인구증감":3.5,
            "인구총점":21.581,
            "일자리":6.4,
            "소득수준":59.57,
            "일자리총점":22.351,
            "가치 총점":41.1095,
            "매매실거래년":20211230.0,
            "매매실거래가":24500.0,
            "전세실거래년":20210821.0,
            "전세실거래가":21000.0,
            "전세가율":85.71,
            "장기전세가율평균":75.45,
            "전세가율거품지수":-10.26,
            "검색코드":17432,
            "세대수":492.0,
            "준공년월":"2005-08-17",
            "준공년차":18.0,
            "가까운역이름":"NA",
            "가까운역거리":"NA",
            "역세권여부":"NA",
            "30분이내주요거점역":"NA",
            "1시간이내주요거점역":"NA",
            "3km이내백화점수":0,
            "5km이내아울렛몰수":0,
            "1km이내대형먀트수":0,
            "500m이내은행수":0,
            "500m이내병원수":0,
            "5km이내대형병원수":1,
            "500m이내공원수":2,
            "3km이내혐오시설수":0,
            "초등학교학업성취도":89.05,
            "중학교학업성취도":74.1,
            "용적률":249,
            "건폐율":21,
            "Y":36.829941,
            "X":127.189023,
            "rank":79.0,
            "area_info":"38평(126.8), 45평(149.7), 53평(175.63)",
            "last_sales":"2021-12-30,24500.0,38평(126.8)"
        },
        {
            "index":284,
            "아파트명":"부경파크빌2차",
            "투자타입":"일반",
            "전용면적(m2)":"116.68",
            "전용면적(평)":"35평",
            "법정동주소":"충청남도 천안시 동남구 안서동 211",
            "도로명주소":"충청남도 천안시 동남구 성불사길 36",
            "세대수":50,
            "입주년차":40,
            "용적률점수":"--",
            "건폐율점수":"--",
            "세대당주차수":60,
            "난방방식":30,
            "공급면적":"--",
            "전용률":"--",
            "욕실수":100,
            "현관타입":100,
            "주거총점":57.5,
            "지역구공급총점":0.0,
            "역세권":"NA",
            "30분내 이동가능 거점":"NA",
            "1시간내 이동가능 거점":"NA",
            "교통총점":"NA",
            "백화점":0,
            "아울렛몰":0,
            "대형마트":0,
            "은행":0,
            "병원":0,
            "종합병원":80,
            "공원":100,
            "혐오시설":0,
            "인프라총점":19.0,
            "초등학군":89.05,
            "중학군":44.66,
            "학군총점":53.538,
            "인구수":29.33,
            "인구증감":3.5,
            "인구총점":21.581,
            "일자리":6.4,
            "소득수준":59.57,
            "일자리총점":22.351,
            "가치 총점":41.1095,
            "매매실거래년":20211229.0,
            "매매실거래가":21000.0,
            "전세실거래년":20211211.0,
            "전세실거래가":15000.0,
            "전세가율":71.43,
            "장기전세가율평균":75.45,
            "전세가율거품지수":4.02,
            "검색코드":10920,
            "세대수":487.0,
            "준공년월":"2004-07-03",
            "준공년차":19.0,
            "가까운역이름":"NA",
            "가까운역거리":"NA",
            "역세권여부":"NA",
            "30분이내주요거점역":"NA",
            "1시간이내주요거점역":"NA",
            "3km이내백화점수":0,
            "5km이내아울렛몰수":0,
            "1km이내대형먀트수":0,
            "500m이내은행수":0,
            "500m이내병원수":0,
            "5km이내대형병원수":1,
            "500m이내공원수":2,
            "3km이내혐오시설수":0,
            "초등학교학업성취도":89.05,
            "중학교학업성취도":74.1,
            "용적률":249,
            "건폐율":27,
            "Y":36.829059,
            "X":127.189223,
            "rank":79.0,
            "area_info":"35평(116.68), 52평(174.86), 54평(179.78), 56평(185.78), 62평(206.3)",
            "last_sales":"2021-12-29,21000.0,35평(116.68)"
        },
        {
            "index":6,
            "아파트명":"구성향목(향목그라비스)",
            "투자타입":"일반",
            "전용면적(m2)":"78.28",
            "전용면적(평)":"23평",
            "법정동주소":"충청남도 천안시 동남구 구성동 300-6",
            "도로명주소":"충청남도 천안시 동남구 충절로 303",
            "세대수":0,
            "입주년차":40,
            "용적률점수":"--",
            "건폐율점수":"--",
            "세대당주차수":30,
            "난방방식":30,
            "공급면적":"--",
            "전용률":"--",
            "욕실수":100,
            "현관타입":100,
            "주거총점":35.5,
            "지역구공급총점":0.0,
            "역세권":"NA",
            "30분내 이동가능 거점":"NA",
            "1시간내 이동가능 거점":"NA",
            "교통총점":"NA",
            "백화점":0,
            "아울렛몰":0,
            "대형마트":80,
            "은행":0,
            "병원":60,
            "종합병원":100,
            "공원":80,
            "혐오시설":0,
            "인프라총점":40.4,
            "초등학군":91.58,
            "중학군":37.74,
            "학군총점":48.508,
            "인구수":29.33,
            "인구증감":3.5,
            "인구총점":21.581,
            "일자리":6.4,
            "소득수준":59.57,
            "일자리총점":22.351,
            "가치 총점":40.712,
            "매매실거래년":20211209.0,
            "매매실거래가":21800.0,
            "전세실거래년":20200111.0,
            "전세실거래가":12500.0,
            "전세가율":84.46,
            "장기전세가율평균":75.45,
            "전세가율거품지수":-9.01,
            "검색코드":13467,
            "세대수":216.0,
            "준공년월":"2005-02-07",
            "준공년차":18.0,
            "가까운역이름":"NA",
            "가까운역거리":"NA",
            "역세권여부":"NA",
            "30분이내주요거점역":"NA",
            "1시간이내주요거점역":"NA",
            "3km이내백화점수":0,
            "5km이내아울렛몰수":0,
            "1km이내대형먀트수":1,
            "500m이내은행수":0,
            "500m이내병원수":11,
            "5km이내대형병원수":3,
            "500m이내공원수":1,
            "3km이내혐오시설수":0,
            "초등학교학업성취도":91.58,
            "중학교학업성취도":62.3,
            "용적률":249,
            "건폐율":21,
            "Y":36.792814,
            "X":127.161929,
            "rank":80.0,
            "area_info":"23평(78.28), 33평(109.64)",
            "last_sales":"2021-12-09,21800.0,33평(109.64)"
        },
        {
            "index":54,
            "아파트명":"원앙마을부영2단지",
            "투자타입":"일반",
            "전용면적(m2)":"69.99",
            "전용면적(평)":"21평",
            "법정동주소":"충청남도 천안시 동남구 목천읍 삼성리 9-6",
            "도로명주소":"충청남도 천안시 동남구 삼성5길 41",
            "세대수":80,
            "입주년차":20,
            "용적률점수":"--",
            "건폐율점수":"--",
            "세대당주차수":0,
            "난방방식":30,
            "공급면적":"--",
            "전용률":"--",
            "욕실수":50,
            "현관타입":100,
            "주거총점":50.0,
            "지역구공급총점":0.0,
            "역세권":"NA",
            "30분내 이동가능 거점":"NA",
            "1시간내 이동가능 거점":"NA",
            "교통총점":"NA",
            "백화점":0,
            "아울렛몰":0,
            "대형마트":80,
            "은행":0,
            "병원":10,
            "종합병원":80,
            "공원":0,
            "혐오시설":-50,
            "인프라총점":28.0,
            "초등학군":86.0,
            "중학군":37.74,
            "학군총점":47.392,
            "인구수":29.33,
            "인구증감":3.5,
            "인구총점":21.581,
            "일자리":6.4,
            "소득수준":59.57,
            "일자리총점":22.351,
            "가치 총점":40.548,
            "매매실거래년":20220110.0,
            "매매실거래가":7100.0,
            "전세실거래년":20211207.0,
            "전세실거래가":8500.0,
            "전세가율":119.72,
            "장기전세가율평균":75.45,
            "전세가율거품지수":-44.27,
            "검색코드":109731,
            "세대수":847.0,
            "준공년월":"1999-12-27",
            "준공년차":24.0,
            "가까운역이름":"NA",
            "가까운역거리":"NA",
            "역세권여부":"NA",
            "30분이내주요거점역":"NA",
            "1시간이내주요거점역":"NA",
            "3km이내백화점수":0,
            "5km이내아울렛몰수":0,
            "1km이내대형먀트수":1,
            "500m이내은행수":0,
            "500m이내병원수":4,
            "5km이내대형병원수":1,
            "500m이내공원수":0,
            "3km이내혐오시설수":1,
            "초등학교학업성취도":86.0,
            "중학교학업성취도":62.3,
            "용적률":138,
            "건폐율":16,
            "Y":36.761008,
            "X":127.17688,
            "rank":81.0,
            "area_info":"21평(69.99), 24평(81.35)",
            "last_sales":"2022-01-10,7100.0,21평(69.99)"
        },
        {
            "index":429,
            "아파트명":"경남아너스빌",
            "투자타입":"일반",
            "전용면적(m2)":"112.98",
            "전용면적(평)":"34평",
            "법정동주소":"충청남도 천안시 동남구 청수동 267",
            "도로명주소":"충청남도 천안시 동남구 청수로 15",
            "세대수":0,
            "입주년차":40,
            "용적률점수":"--",
            "건폐율점수":"--",
            "세대당주차수":30,
            "난방방식":30,
            "공급면적":"--",
            "전용률":"--",
            "욕실수":100,
            "현관타입":100,
            "주거총점":35.5,
            "지역구공급총점":0.0,
            "역세권":"NA",
            "30분내 이동가능 거점":"NA",
            "1시간내 이동가능 거점":"NA",
            "교통총점":"NA",
            "백화점":0,
            "아울렛몰":0,
            "대형마트":100,
            "은행":0,
            "병원":0,
            "종합병원":100,
            "공원":100,
            "혐오시설":0,
            "인프라총점":38.0,
            "초등학군":88.25,
            "중학군":40.74,
            "학군총점":50.242,
            "인구수":29.33,
            "인구증감":3.5,
            "인구총점":21.581,
            "일자리":6.4,
            "소득수준":59.57,
            "일자리총점":22.351,
            "가치 총점":40.1855,
            "매매실거래년":20211113.0,
            "매매실거래가":34500.0,
            "전세실거래년":20211106.0,
            "전세실거래가":23000.0,
            "전세가율":92.0,
            "장기전세가율평균":75.45,
            "전세가율거품지수":-16.55,
            "검색코드":26411,
            "세대수":230.0,
            "준공년월":"2008-10-30",
            "준공년차":15.0,
            "가까운역이름":"NA",
            "가까운역거리":"NA",
            "역세권여부":"NA",
            "30분이내주요거점역":"NA",
            "1시간이내주요거점역":"NA",
            "3km이내백화점수":0,
            "5km이내아울렛몰수":0,
            "1km이내대형먀트수":2,
            "500m이내은행수":0,
            "500m이내병원수":0,
            "5km이내대형병원수":3,
            "500m이내공원수":3,
            "3km이내혐오시설수":0,
            "초등학교학업성취도":88.25,
            "중학교학업성취도":67.3,
            "용적률":233,
            "건폐율":31,
            "Y":36.7888,
            "X":127.148662,
            "rank":82.0,
            "area_info":"34평(112.98), 46평(153.32), 46평(153.33)",
            "last_sales":"2021-11-13,34500.0,46평(153.33)"
        },
        {
            "index":25,
            "아파트명":"아트빌",
            "투자타입":"일반",
            "전용면적(m2)":"43.55",
            "전용면적(평)":"13평",
            "법정동주소":"충청남도 천안시 동남구 다가동 27-2",
            "도로명주소":"충청남도 천안시 동남구 풍세로 965",
            "세대수":0,
            "입주년차":40,
            "용적률점수":"--",
            "건폐율점수":"--",
            "세대당주차수":0,
            "난방방식":30,
            "공급면적":"--",
            "전용률":"--",
            "욕실수":50,
            "현관타입":10,
            "주거총점":17.0,
            "지역구공급총점":0.0,
            "역세권":"NA",
            "30분내 이동가능 거점":"NA",
            "1시간내 이동가능 거점":"NA",
            "교통총점":"NA",
            "백화점":100,
            "아울렛몰":0,
            "대형마트":0,
            "은행":0,
            "병원":10,
            "종합병원":100,
            "공원":80,
            "혐오시설":0,
            "인프라총점":53.4,
            "초등학군":88.25,
            "중학군":40.74,
            "학군총점":50.242,
            "인구수":29.33,
            "인구증감":3.5,
            "인구총점":21.581,
            "일자리":6.4,
            "소득수준":59.57,
            "일자리총점":22.351,
            "가치 총점":39.8705,
            "매매실거래년":20220108.0,
            "매매실거래가":4150.0,
            "전세실거래년":null,
            "전세실거래가":null,
            "전세가율":null,
            "장기전세가율평균":75.45,
            "전세가율거품지수":null,
            "검색코드":103822,
            "세대수":239.0,
            "준공년월":"2004-02-29",
            "준공년차":19.0,
            "가까운역이름":"NA",
            "가까운역거리":"NA",
            "역세권여부":"NA",
            "30분이내주요거점역":"NA",
            "1시간이내주요거점역":"NA",
            "3km이내백화점수":1,
            "5km이내아울렛몰수":0,
            "1km이내대형먀트수":0,
            "500m이내은행수":0,
            "500m이내병원수":2,
            "5km이내대형병원수":3,
            "500m이내공원수":1,
            "3km이내혐오시설수":0,
            "초등학교학업성취도":88.25,
            "중학교학업성취도":67.3,
            "용적률":379,
            "건폐율":28,
            "Y":36.794102,
            "X":127.150408,
            "rank":83.0,
            "area_info":"13평(43.55), 15평(52.89)",
            "last_sales":"2022-01-08,4150.0,15평(52.89)"
        },
        {
            "index":272,
            "아파트명":"메가시티1(도시형)",
            "투자타입":"일반",
            "전용면적(m2)":"17.0",
            "전용면적(평)":"5평",
            "법정동주소":"충청남도 천안시 동남구 안서동 337-2",
            "도로명주소":"충청남도 천안시 동남구 문암2길 14-6",
            "세대수":0,
            "입주년차":80,
            "용적률점수":"--",
            "건폐율점수":"--",
            "세대당주차수":0,
            "난방방식":30,
            "공급면적":"--",
            "전용률":"--",
            "욕실수":50,
            "현관타입":10,
            "주거총점":25.0,
            "지역구공급총점":0.0,
            "역세권":"NA",
            "30분내 이동가능 거점":"NA",
            "1시간내 이동가능 거점":"NA",
            "교통총점":"NA",
            "백화점":100,
            "아울렛몰":0,
            "대형마트":0,
            "은행":0,
            "병원":0,
            "종합병원":80,
            "공원":0,
            "혐오시설":0,
            "인프라총점":46.0,
            "초등학군":89.05,
            "중학군":36.06,
            "학군총점":46.658,
            "인구수":29.33,
            "인구증감":3.5,
            "인구총점":21.581,
            "일자리":6.4,
            "소득수준":59.57,
            "일자리총점":22.351,
            "가치 총점":38.8145,
            "매매실거래년":20211119.0,
            "매매실거래가":9200.0,
            "전세실거래년":null,
            "전세실거래가":null,
            "전세가율":null,
            "장기전세가율평균":75.45,
            "전세가율거품지수":null,
            "검색코드":108113,
            "세대수":199.0,
            "준공년월":"2014-01-22",
            "준공년차":9.0,
            "가까운역이름":"NA",
            "가까운역거리":"NA",
            "역세권여부":"NA",
            "30분이내주요거점역":"NA",
            "1시간이내주요거점역":"NA",
            "3km이내백화점수":1,
            "5km이내아울렛몰수":0,
            "1km이내대형먀트수":0,
            "500m이내은행수":0,
            "500m이내병원수":0,
            "5km이내대형병원수":1,
            "500m이내공원수":0,
            "3km이내혐오시설수":0,
            "초등학교학업성취도":89.05,
            "중학교학업성취도":60.1,
            "용적률":249,
            "건폐율":36,
            "Y":36.838107,
            "X":127.177512,
            "rank":84.0,
            "area_info":"5평(17.0), 5평(19.46), 6평(22.93), 7평(23.26), 7평(23.29), 7평(24.73), 7평(24.59), 7평(24.56), 7평(24.56), 9평(30.96), 9평(32.96), 10평(34.7)",
            "last_sales":"2021-11-19,9200.0,9평(30.96)"
        },
        {
            "index":302,
            "아파트명":"금성",
            "투자타입":"재건축",
            "전용면적(m2)":"84.59",
            "전용면적(평)":"25평",
            "법정동주소":"충청남도 천안시 동남구 영성동 155-3",
            "도로명주소":"충청남도 천안시 동남구 천안천공원5길 14",
            "세대수":0,
            "입주년차":"--",
            "용적률점수":0,
            "건폐율점수":0,
            "세대당주차수":"--",
            "난방방식":"--",
            "공급면적":70,
            "전용률":60,
            "욕실수":"--",
            "현관타입":"--",
            "주거총점":6.5,
            "지역구공급총점":0.0,
            "역세권":"NA",
            "30분내 이동가능 거점":"NA",
            "1시간내 이동가능 거점":"NA",
            "교통총점":"NA",
            "백화점":100,
            "아울렛몰":0,
            "대형마트":0,
            "은행":0,
            "병원":60,
            "종합병원":100,
            "공원":100,
            "혐오시설":0,
            "인프라총점":59.0,
            "초등학군":91.58,
            "중학군":41.28,
            "학군총점":51.34,
            "인구수":29.33,
            "인구증감":3.5,
            "인구총점":21.581,
            "일자리":6.4,
            "소득수준":59.57,
            "일자리총점":22.351,
            "가치 총점":38.71,
            "매매실거래년":20211006.0,
            "매매실거래가":12000.0,
            "전세실거래년":20210503.0,
            "전세실거래가":4200.0,
            "전세가율":49.41,
            "장기전세가율평균":75.45,
            "전세가율거품지수":26.04,
            "검색코드":15278,
            "세대수":168.0,
            "준공년월":"1991-08-03",
            "준공년차":32.0,
            "가까운역이름":"NA",
            "가까운역거리":"NA",
            "역세권여부":"NA",
            "30분이내주요거점역":"NA",
            "1시간이내주요거점역":"NA",
            "3km이내백화점수":1,
            "5km이내아울렛몰수":0,
            "1km이내대형먀트수":0,
            "500m이내은행수":0,
            "500m이내병원수":12,
            "5km이내대형병원수":3,
            "500m이내공원수":2,
            "3km이내혐오시설수":0,
            "초등학교학업성취도":91.58,
            "중학교학업성취도":68.8,
            "용적률":0,
            "건폐율":0,
            "Y":36.79712,
            "X":127.15164,
            "rank":85.0,
            "area_info":"25평(84.59), 27평(89.62), 27평(92.1), 30평(101.55), 31평(104.4), 33평(109.37), 33평(110.37), 34평(113.08), 34평(114.1), 35평(118.9), 36평(121.17)",
            "last_sales":"2021-10-06,12000.0,35평(118.9)"
        },
        {
            "index":346,
            "아파트명":"용곡삼성쉐르빌",
            "투자타입":"일반",
            "전용면적(m2)":"114.23",
            "전용면적(평)":"34평",
            "법정동주소":"충청남도 천안시 동남구 용곡동 600",
            "도로명주소":"충청남도 천안시 동남구 일봉로 110",
            "세대수":0,
            "입주년차":60,
            "용적률점수":"--",
            "건폐율점수":"--",
            "세대당주차수":60,
            "난방방식":30,
            "공급면적":"--",
            "전용률":"--",
            "욕실수":100,
            "현관타입":100,
            "주거총점":44.0,
            "지역구공급총점":0.0,
            "역세권":"NA",
            "30분내 이동가능 거점":"NA",
            "1시간내 이동가능 거점":"NA",
            "교통총점":"NA",
            "백화점":0,
            "아울렛몰":0,
            "대형마트":0,
            "은행":0,
            "병원":0,
            "종합병원":100,
            "공원":100,
            "혐오시설":0,
            "인프라총점":23.0,
            "초등학군":88.28,
            "중학군":48.44,
            "학군총점":56.408,
            "인구수":29.33,
            "인구증감":3.5,
            "인구총점":21.581,
            "일자리":6.4,
            "소득수준":59.57,
            "일자리총점":22.351,
            "가치 총점":38.702,
            "매매실거래년":20211105.0,
            "매매실거래가":47500.0,
            "전세실거래년":20210708.0,
            "전세실거래가":19900.0,
            "전세가율":57.85,
            "장기전세가율평균":75.45,
            "전세가율거품지수":17.6,
            "검색코드":27217,
            "세대수":295.0,
            "준공년월":"2010-08-12",
            "준공년차":13.0,
            "가까운역이름":"NA",
            "가까운역거리":"NA",
            "역세권여부":"NA",
            "30분이내주요거점역":"NA",
            "1시간이내주요거점역":"NA",
            "3km이내백화점수":0,
            "5km이내아울렛몰수":0,
            "1km이내대형먀트수":0,
            "500m이내은행수":0,
            "500m이내병원수":1,
            "5km이내대형병원수":3,
            "500m이내공원수":3,
            "3km이내혐오시설수":0,
            "초등학교학업성취도":88.28,
            "중학교학업성취도":80.0,
            "용적률":245,
            "건폐율":20,
            "Y":36.788735,
            "X":127.137067,
            "rank":86.0,
            "area_info":"34평(114.23), 34평(114.71), 34평(114.21), 47평(158.21)",
            "last_sales":"2021-11-05,47500.0,47평(158.21)"
        },
        {
            "index":326,
            "아파트명":"용곡동일하이빌하이씨티3단지",
            "투자타입":"일반",
            "전용면적(m2)":"109.94",
            "전용면적(평)":"33평",
            "법정동주소":"충청남도 천안시 동남구 용곡동 605",
            "도로명주소":"충청남도 천안시 동남구 일봉로 88",
            "세대수":0,
            "입주년차":80,
            "용적률점수":"--",
            "건폐율점수":"--",
            "세대당주차수":30,
            "난방방식":30,
            "공급면적":"--",
            "전용률":"--",
            "욕실수":100,
            "현관타입":100,
            "주거총점":43.5,
            "지역구공급총점":0.0,
            "역세권":"NA",
            "30분내 이동가능 거점":"NA",
            "1시간내 이동가능 거점":"NA",
            "교통총점":"NA",
            "백화점":0,
            "아울렛몰":0,
            "대형마트":0,
            "은행":0,
            "병원":0,
            "종합병원":100,
            "공원":100,
            "혐오시설":0,
            "인프라총점":23.0,
            "초등학군":88.28,
            "중학군":48.44,
            "학군총점":56.408,
            "인구수":29.33,
            "인구증감":3.5,
            "인구총점":21.581,
            "일자리":6.4,
            "소득수준":59.57,
            "일자리총점":22.351,
            "가치 총점":38.527,
            "매매실거래년":20211216.0,
            "매매실거래가":40000.0,
            "전세실거래년":20191220.0,
            "전세실거래가":21000.0,
            "전세가율":58.33,
            "장기전세가율평균":75.45,
            "전세가율거품지수":17.12,
            "검색코드":107115,
            "세대수":213.0,
            "준공년월":"2015-08-26",
            "준공년차":8.0,
            "가까운역이름":"NA",
            "가까운역거리":"NA",
            "역세권여부":"NA",
            "30분이내주요거점역":"NA",
            "1시간이내주요거점역":"NA",
            "3km이내백화점수":0,
            "5km이내아울렛몰수":0,
            "1km이내대형먀트수":0,
            "500m이내은행수":0,
            "500m이내병원수":1,
            "5km이내대형병원수":3,
            "500m이내공원수":4,
            "3km이내혐오시설수":0,
            "초등학교학업성취도":88.28,
            "중학교학업성취도":80.0,
            "용적률":217,
            "건폐율":16,
            "Y":36.790208,
            "X":127.136479,
            "rank":87.0,
            "area_info":"33평(109.94), 33평(109.94), 40평(133.55)",
            "last_sales":"2021-12-16,40000.0,40평(133.55)"
        },
        {
            "index":59,
            "아파트명":"천안목천동우1차",
            "투자타입":"일반",
            "전용면적(m2)":"53.12",
            "전용면적(평)":"16평",
            "법정동주소":"충청남도 천안시 동남구 목천읍 신계리 422",
            "도로명주소":"충청남도 천안시 동남구 신계1길 41",
            "세대수":100,
            "입주년차":0,
            "용적률점수":"--",
            "건폐율점수":"--",
            "세대당주차수":0,
            "난방방식":30,
            "공급면적":"--",
            "전용률":"--",
            "욕실수":50,
            "현관타입":10,
            "주거총점":44.0,
            "지역구공급총점":0.0,
            "역세권":"NA",
            "30분내 이동가능 거점":"NA",
            "1시간내 이동가능 거점":"NA",
            "교통총점":"NA",
            "백화점":0,
            "아울렛몰":0,
            "대형마트":80,
            "은행":0,
            "병원":0,
            "종합병원":80,
            "공원":0,
            "혐오시설":0,
            "인프라총점":28.0,
            "초등학군":86.37,
            "중학군":37.74,
            "학군총점":47.466,
            "인구수":29.33,
            "인구증감":3.5,
            "인구총점":21.581,
            "일자리":6.4,
            "소득수준":59.57,
            "일자리총점":22.351,
            "가치 총점":38.4665,
            "매매실거래년":20220113.0,
            "매매실거래가":3500.0,
            "전세실거래년":20211214.0,
            "전세실거래가":3500.0,
            "전세가율":100.0,
            "장기전세가율평균":75.45,
            "전세가율거품지수":-24.55,
            "검색코드":14265,
            "세대수":1922.0,
            "준공년월":"1997-08-05",
            "준공년차":26.0,
            "가까운역이름":"NA",
            "가까운역거리":"NA",
            "역세권여부":"NA",
            "30분이내주요거점역":"NA",
            "1시간이내주요거점역":"NA",
            "3km이내백화점수":0,
            "5km이내아울렛몰수":0,
            "1km이내대형먀트수":1,
            "500m이내은행수":0,
            "500m이내병원수":1,
            "5km이내대형병원수":1,
            "500m이내공원수":0,
            "3km이내혐오시설수":0,
            "초등학교학업성취도":86.37,
            "중학교학업성취도":62.3,
            "용적률":187,
            "건폐율":16,
            "Y":36.772046,
            "X":127.193677,
            "rank":88.0,
            "area_info":"16평(53.12), 21평(71.96), 29평(97.41)",
            "last_sales":"2022-01-13,3500.0,16평(53.12)"
        },
        {
            "index":292,
            "아파트명":"안서금호어울림",
            "투자타입":"일반",
            "전용면적(m2)":"114.05",
            "전용면적(평)":"34평",
            "법정동주소":"충청남도 천안시 동남구 안서동 365-3",
            "도로명주소":"충청남도 천안시 동남구 문암1길 68",
            "세대수":50,
            "입주년차":60,
            "용적률점수":"--",
            "건폐율점수":"--",
            "세대당주차수":30,
            "난방방식":30,
            "공급면적":"--",
            "전용률":"--",
            "욕실수":100,
            "현관타입":100,
            "주거총점":57.0,
            "지역구공급총점":0.0,
            "역세권":"NA",
            "30분내 이동가능 거점":"NA",
            "1시간내 이동가능 거점":"NA",
            "교통총점":"NA",
            "백화점":0,
            "아울렛몰":0,
            "대형마트":0,
            "은행":0,
            "병원":0,
            "종합병원":80,
            "공원":0,
            "혐오시설":0,
            "인프라총점":16.0,
            "초등학군":89.05,
            "중학군":36.06,
            "학군총점":46.658,
            "인구수":29.33,
            "인구증감":3.5,
            "인구총점":21.581,
            "일자리":6.4,
            "소득수준":59.57,
            "일자리총점":22.351,
            "가치 총점":38.0145,
            "매매실거래년":20211229.0,
            "매매실거래가":22800.0,
            "전세실거래년":20211229.0,
            "전세실거래가":20000.0,
            "전세가율":87.72,
            "장기전세가율평균":75.45,
            "전세가율거품지수":-12.27,
            "검색코드":27431,
            "세대수":498.0,
            "준공년월":"2009-08-12",
            "준공년차":14.0,
            "가까운역이름":"NA",
            "가까운역거리":"NA",
            "역세권여부":"NA",
            "30분이내주요거점역":"NA",
            "1시간이내주요거점역":"NA",
            "3km이내백화점수":0,
            "5km이내아울렛몰수":0,
            "1km이내대형먀트수":0,
            "500m이내은행수":0,
            "500m이내병원수":0,
            "5km이내대형병원수":1,
            "500m이내공원수":0,
            "3km이내혐오시설수":0,
            "초등학교학업성취도":89.05,
            "중학교학업성취도":60.1,
            "용적률":241,
            "건폐율":19,
            "Y":36.839827,
            "X":127.177247,
            "rank":89.0,
            "area_info":"34평(114.05), 34평(114.08), 34평(114.08), 39평(131.74), 49평(163.28)",
            "last_sales":"2021-12-29,22800.0,34평(114.05)"
        },
        {
            "index":33,
            "아파트명":"활림크로바3차",
            "투자타입":"일반",
            "전용면적(m2)":"67.56",
            "전용면적(평)":"20평",
            "법정동주소":"충청남도 천안시 동남구 다가동 381-1",
            "도로명주소":"충청남도 천안시 동남구 다가12길 6",
            "세대수":0,
            "입주년차":0,
            "용적률점수":"--",
            "건폐율점수":"--",
            "세대당주차수":0,
            "난방방식":30,
            "공급면적":"--",
            "전용률":"--",
            "욕실수":50,
            "현관타입":10,
            "주거총점":9.0,
            "지역구공급총점":0.0,
            "역세권":"NA",
            "30분내 이동가능 거점":"NA",
            "1시간내 이동가능 거점":"NA",
            "교통총점":"NA",
            "백화점":100,
            "아울렛몰":0,
            "대형마트":0,
            "은행":0,
            "병원":0,
            "종합병원":100,
            "공원":100,
            "혐오시설":0,
            "인프라총점":53.0,
            "초등학군":83.57,
            "중학군":43.02,
            "학군총점":51.13,
            "인구수":29.33,
            "인구증감":3.5,
            "인구총점":21.581,
            "일자리":6.4,
            "소득수준":59.57,
            "일자리총점":22.351,
            "가치 총점":37.1325,
            "매매실거래년":20211123.0,
            "매매실거래가":8600.0,
            "전세실거래년":20210128.0,
            "전세실거래가":7000.0,
            "전세가율":100.0,
            "장기전세가율평균":75.45,
            "전세가율거품지수":-24.55,
            "검색코드":7280,
            "세대수":163.0,
            "준공년월":"1995-12-20",
            "준공년차":28.0,
            "가까운역이름":"NA",
            "가까운역거리":"NA",
            "역세권여부":"NA",
            "30분이내주요거점역":"NA",
            "1시간이내주요거점역":"NA",
            "3km이내백화점수":1,
            "5km이내아울렛몰수":0,
            "1km이내대형먀트수":0,
            "500m이내은행수":1,
            "500m이내병원수":1,
            "5km이내대형병원수":3,
            "500m이내공원수":3,
            "3km이내혐오시설수":0,
            "초등학교학업성취도":83.57,
            "중학교학업성취도":71.1,
            "용적률":280,
            "건폐율":31,
            "Y":36.800456,
            "X":127.140476,
            "rank":90.0,
            "area_info":"20평(67.56), 24평(81.12)",
            "last_sales":"2021-11-23,8600.0,24평(81.12)"
        },
        {
            "index":432,
            "아파트명":"극동1차",
            "투자타입":"재건축",
            "전용면적(m2)":"88.59",
            "전용면적(평)":"26평",
            "법정동주소":"충청남도 천안시 동남구 청수동 209",
            "도로명주소":"충청남도 천안시 동남구 청수로 99",
            "세대수":50,
            "입주년차":"--",
            "용적률점수":0,
            "건폐율점수":0,
            "세대당주차수":"--",
            "난방방식":"--",
            "공급면적":70,
            "전용률":80,
            "욕실수":"--",
            "현관타입":"--",
            "주거총점":22.5,
            "지역구공급총점":0.0,
            "역세권":"NA",
            "30분내 이동가능 거점":"NA",
            "1시간내 이동가능 거점":"NA",
            "교통총점":"NA",
            "백화점":0,
            "아울렛몰":0,
            "대형마트":100,
            "은행":0,
            "병원":30,
            "종합병원":100,
            "공원":100,
            "혐오시설":0,
            "인프라총점":41.0,
            "초등학군":91.58,
            "중학군":40.74,
            "학군총점":50.908,
            "인구수":29.33,
            "인구증감":3.5,
            "인구총점":21.581,
            "일자리":6.4,
            "소득수준":59.57,
            "일자리총점":22.351,
            "가치 총점":37.002,
            "매매실거래년":20220111.0,
            "매매실거래가":14700.0,
            "전세실거래년":20201210.0,
            "전세실거래가":9450.0,
            "전세가율":64.29,
            "장기전세가율평균":75.45,
            "전세가율거품지수":11.16,
            "검색코드":7567,
            "세대수":450.0,
            "준공년월":"1992-01-17",
            "준공년차":31.0,
            "가까운역이름":"NA",
            "가까운역거리":"NA",
            "역세권여부":"NA",
            "30분이내주요거점역":"NA",
            "1시간이내주요거점역":"NA",
            "3km이내백화점수":0,
            "5km이내아울렛몰수":0,
            "1km이내대형먀트수":2,
            "500m이내은행수":0,
            "500m이내병원수":9,
            "5km이내대형병원수":3,
            "500m이내공원수":4,
            "3km이내혐오시설수":0,
            "초등학교학업성취도":91.58,
            "중학교학업성취도":67.3,
            "용적률":0,
            "건폐율":0,
            "Y":36.791543,
            "X":127.155388,
            "rank":91.0,
            "area_info":"26평(88.59), 30평(101.25), 30평(102.07), 44평(147.32)",
            "last_sales":"2022-01-11,14700.0,26평(88.59)"
        },
        {
            "index":40,
            "아파트명":"목천프라임",
            "투자타입":"일반",
            "전용면적(m2)":"53.61",
            "전용면적(평)":"16평",
            "법정동주소":"충청남도 천안시 동남구 목천읍 신계리 134-3",
            "도로명주소":"충청남도 천안시 동남구 충절로 892",
            "세대수":80,
            "입주년차":20,
            "용적률점수":"--",
            "건폐율점수":"--",
            "세대당주차수":0,
            "난방방식":30,
            "공급면적":"--",
            "전용률":"--",
            "욕실수":50,
            "현관타입":10,
            "주거총점":41.0,
            "지역구공급총점":0.0,
            "역세권":"NA",
            "30분내 이동가능 거점":"NA",
            "1시간내 이동가능 거점":"NA",
            "교통총점":"NA",
            "백화점":0,
            "아울렛몰":0,
            "대형마트":80,
            "은행":0,
            "병원":30,
            "종합병원":80,
            "공원":0,
            "혐오시설":0,
            "인프라총점":31.0,
            "초등학군":85.26,
            "중학군":27.48,
            "학군총점":39.036,
            "인구수":29.33,
            "인구증감":3.5,
            "인구총점":21.581,
            "일자리":6.4,
            "소득수준":59.57,
            "일자리총점":22.351,
            "가치 총점":36.509,
            "매매실거래년":20220106.0,
            "매매실거래가":4850.0,
            "전세실거래년":20211206.0,
            "전세실거래가":4500.0,
            "전세가율":92.78,
            "장기전세가율평균":75.45,
            "전세가율거품지수":-17.33,
            "검색코드":22847,
            "세대수":899.0,
            "준공년월":"2000-01-18",
            "준공년차":23.0,
            "가까운역이름":"NA",
            "가까운역거리":"NA",
            "역세권여부":"NA",
            "30분이내주요거점역":"NA",
            "1시간이내주요거점역":"NA",
            "3km이내백화점수":0,
            "5km이내아울렛몰수":0,
            "1km이내대형먀트수":1,
            "500m이내은행수":0,
            "500m이내병원수":5,
            "5km이내대형병원수":1,
            "500m이내공원수":0,
            "3km이내혐오시설수":0,
            "초등학교학업성취도":85.26,
            "중학교학업성취도":45.8,
            "용적률":147,
            "건폐율":15,
            "Y":36.772744,
            "X":127.210517,
            "rank":92.0,
            "area_info":"16평(53.61), 21평(71.75)",
            "last_sales":"2022-01-06,4850.0,16평(53.61)"
        },
        {
            "index":436,
            "아파트명":"극동2차",
            "투자타입":"재건축",
            "전용면적(m2)":"88.55",
            "전용면적(평)":"26평",
            "법정동주소":"충청남도 천안시 동남구 청수동 183",
            "도로명주소":"충청남도 천안시 동남구 청수로 71-7",
            "세대수":50,
            "입주년차":"--",
            "용적률점수":0,
            "건폐율점수":0,
            "세대당주차수":"--",
            "난방방식":"--",
            "공급면적":70,
            "전용률":80,
            "욕실수":"--",
            "현관타입":"--",
            "주거총점":22.5,
            "지역구공급총점":0.0,
            "역세권":"NA",
            "30분내 이동가능 거점":"NA",
            "1시간내 이동가능 거점":"NA",
            "교통총점":"NA",
            "백화점":0,
            "아울렛몰":0,
            "대형마트":100,
            "은행":0,
            "병원":10,
            "종합병원":100,
            "공원":100,
            "혐오시설":0,
            "인프라총점":39.0,
            "초등학군":88.25,
            "중학군":40.74,
            "학군총점":50.242,
            "인구수":29.33,
            "인구증감":3.5,
            "인구총점":21.581,
            "일자리":6.4,
            "소득수준":59.57,
            "일자리총점":22.351,
            "가치 총점":36.0355,
            "매매실거래년":20211125.0,
            "매매실거래가":22900.0,
            "전세실거래년":20211017.0,
            "전세실거래가":15500.0,
            "전세가율":104.73,
            "장기전세가율평균":75.45,
            "전세가율거품지수":-29.28,
            "검색코드":102387,
            "세대수":510.0,
            "준공년월":"1992-04-30",
            "준공년차":31.0,
            "가까운역이름":"NA",
            "가까운역거리":"NA",
            "역세권여부":"NA",
            "30분이내주요거점역":"NA",
            "1시간이내주요거점역":"NA",
            "3km이내백화점수":0,
            "5km이내아울렛몰수":0,
            "1km이내대형먀트수":2,
            "500m이내은행수":0,
            "500m이내병원수":3,
            "5km이내대형병원수":3,
            "500m이내공원수":5,
            "3km이내혐오시설수":0,
            "초등학교학업성취도":88.25,
            "중학교학업성취도":67.3,
            "용적률":233,
            "건폐율":0,
            "Y":36.790438,
            "X":127.153417,
            "rank":93.0,
            "area_info":"26평(88.55), 30평(102.02), 44평(147.25)",
            "last_sales":"2021-11-25,22900.0,44평(147.25)"
        },
        {
            "index":62,
            "아파트명":"천안목천협성엠파이어",
            "투자타입":"일반",
            "전용면적(m2)":"57.74",
            "전용면적(평)":"17평",
            "법정동주소":"충청남도 천안시 동남구 목천읍 신계리 127-2",
            "도로명주소":"충청남도 천안시 동남구 충절로 874",
            "세대수":50,
            "입주년차":60,
            "용적률점수":"--",
            "건폐율점수":"--",
            "세대당주차수":0,
            "난방방식":30,
            "공급면적":"--",
            "전용률":"--",
            "욕실수":50,
            "현관타입":10,
            "주거총점":38.5,
            "지역구공급총점":0.0,
            "역세권":"NA",
            "30분내 이동가능 거점":"NA",
            "1시간내 이동가능 거점":"NA",
            "교통총점":"NA",
            "백화점":0,
            "아울렛몰":0,
            "대형마트":80,
            "은행":0,
            "병원":10,
            "종합병원":80,
            "공원":0,
            "혐오시설":0,
            "인프라총점":29.0,
            "초등학군":86.37,
            "중학군":27.48,
            "학군총점":39.258,
            "인구수":29.33,
            "인구증감":3.5,
            "인구총점":21.581,
            "일자리":6.4,
            "소득수준":59.57,
            "일자리총점":22.351,
            "가치 총점":34.8895,
            "매매실거래년":20211216.0,
            "매매실거래가":7000.0,
            "전세실거래년":20211207.0,
            "전세실거래가":6500.0,
            "전세가율":92.86,
            "장기전세가율평균":75.45,
            "전세가율거품지수":-17.41,
            "검색코드":106860,
            "세대수":552.0,
            "준공년월":"2013-10-01",
            "준공년차":10.0,
            "가까운역이름":"NA",
            "가까운역거리":"NA",
            "역세권여부":"NA",
            "30분이내주요거점역":"NA",
            "1시간이내주요거점역":"NA",
            "3km이내백화점수":0,
            "5km이내아울렛몰수":0,
            "1km이내대형먀트수":1,
            "500m이내은행수":0,
            "500m이내병원수":3,
            "5km이내대형병원수":1,
            "500m이내공원수":0,
            "3km이내혐오시설수":0,
            "초등학교학업성취도":86.37,
            "중학교학업성취도":45.8,
            "용적률":141,
            "건폐율":15,
            "Y":36.771172,
            "X":127.208506,
            "rank":94.0,
            "area_info":"17평(57.74)",
            "last_sales":"2021-12-16,7000.0,17평(57.74)"
        },
        {
            "index":35,
            "아파트명":"목천신도브래뉴1차",
            "투자타입":"일반",
            "전용면적(m2)":"86.33",
            "전용면적(평)":"26평",
            "법정동주소":"충청남도 천안시 동남구 목천읍 신계리 103-4",
            "도로명주소":"충청남도 천안시 동남구 신계5길 47",
            "세대수":50,
            "입주년차":40,
            "용적률점수":"--",
            "건폐율점수":"--",
            "세대당주차수":0,
            "난방방식":30,
            "공급면적":"--",
            "전용률":"--",
            "욕실수":100,
            "현관타입":100,
            "주거총점":48.5,
            "지역구공급총점":0.0,
            "역세권":"NA",
            "30분내 이동가능 거점":"NA",
            "1시간내 이동가능 거점":"NA",
            "교통총점":"NA",
            "백화점":0,
            "아울렛몰":0,
            "대형마트":0,
            "은행":0,
            "병원":0,
            "종합병원":80,
            "공원":0,
            "혐오시설":0,
            "인프라총점":16.0,
            "초등학군":85.26,
            "중학군":27.48,
            "학군총점":39.036,
            "인구수":29.33,
            "인구증감":3.5,
            "인구총점":21.581,
            "일자리":6.4,
            "소득수준":59.57,
            "일자리총점":22.351,
            "가치 총점":33.134,
            "매매실거래년":20211221.0,
            "매매실거래가":14200.0,
            "전세실거래년":20211011.0,
            "전세실거래가":12000.0,
            "전세가율":84.51,
            "장기전세가율평균":75.45,
            "전세가율거품지수":-9.06,
            "검색코드":12895,
            "세대수":540.0,
            "준공년월":"2004-12-21",
            "준공년차":19.0,
            "가까운역이름":"NA",
            "가까운역거리":"NA",
            "역세권여부":"NA",
            "30분이내주요거점역":"NA",
            "1시간이내주요거점역":"NA",
            "3km이내백화점수":0,
            "5km이내아울렛몰수":0,
            "1km이내대형먀트수":0,
            "500m이내은행수":0,
            "500m이내병원수":0,
            "5km이내대형병원수":1,
            "500m이내공원수":0,
            "3km이내혐오시설수":0,
            "초등학교학업성취도":85.26,
            "중학교학업성취도":45.8,
            "용적률":148,
            "건폐율":17,
            "Y":36.771916,
            "X":127.216104,
            "rank":95.0,
            "area_info":"26평(86.33), 33평(111.88)",
            "last_sales":"2021-12-21,14200.0,26평(86.33)"
        },
        {
            "index":133,
            "아파트명":"금오",
            "투자타입":"재건축",
            "전용면적(m2)":"45.09",
            "전용면적(평)":"13평",
            "법정동주소":"충청남도 천안시 동남구 북면 연춘리 123-3",
            "도로명주소":"충청남도 천안시 동남구 복구정3길 6-5",
            "세대수":0,
            "입주년차":"--",
            "용적률점수":100,
            "건폐율점수":80,
            "세대당주차수":"--",
            "난방방식":"--",
            "공급면적":50,
            "전용률":80,
            "욕실수":"--",
            "현관타입":"--",
            "주거총점":62.5,
            "지역구공급총점":0.0,
            "역세권":"NA",
            "30분내 이동가능 거점":"NA",
            "1시간내 이동가능 거점":"NA",
            "교통총점":"NA",
            "백화점":0,
            "아울렛몰":0,
            "대형마트":0,
            "은행":0,
            "병원":0,
            "종합병원":0,
            "공원":0,
            "혐오시설":0,
            "인프라총점":0.0,
            "초등학군":84.2,
            "중학군":27.48,
            "학군총점":38.824,
            "인구수":29.33,
            "인구증감":3.5,
            "인구총점":21.581,
            "일자리":6.4,
            "소득수준":59.57,
            "일자리총점":22.351,
            "가치 총점":31.581,
            "매매실거래년":20211219.0,
            "매매실거래가":3250.0,
            "전세실거래년":20210807.0,
            "전세실거래가":1500.0,
            "전세가율":46.15,
            "장기전세가율평균":75.45,
            "전세가율거품지수":29.3,
            "검색코드":25242,
            "세대수":238.0,
            "준공년월":"1990-10-30",
            "준공년차":33.0,
            "가까운역이름":"NA",
            "가까운역거리":"NA",
            "역세권여부":"NA",
            "30분이내주요거점역":"NA",
            "1시간이내주요거점역":"NA",
            "3km이내백화점수":0,
            "5km이내아울렛몰수":0,
            "1km이내대형먀트수":0,
            "500m이내은행수":0,
            "500m이내병원수":1,
            "5km이내대형병원수":0,
            "500m이내공원수":0,
            "3km이내혐오시설수":0,
            "초등학교학업성취도":84.2,
            "중학교학업성취도":45.8,
            "용적률":118,
            "건폐율":26,
            "Y":36.76947,
            "X":127.24928,
            "rank":96.0,
            "area_info":"13평(45.09), 16평(56.07), 19평(64.98)",
            "last_sales":"2021-12-19,3250.0,13평(45.09)"
        },
        {
            "index":94,
            "아파트명":"모드니에",
            "투자타입":"일반",
            "전용면적(m2)":"97.58",
            "전용면적(평)":"29평",
            "법정동주소":"충청남도 천안시 동남구 병천면 병천리 302",
            "도로명주소":"충청남도 천안시 동남구 아우내장터1길 10",
            "세대수":0,
            "입주년차":40,
            "용적률점수":"--",
            "건폐율점수":"--",
            "세대당주차수":30,
            "난방방식":30,
            "공급면적":"--",
            "전용률":"--",
            "욕실수":100,
            "현관타입":100,
            "주거총점":35.5,
            "지역구공급총점":0.0,
            "역세권":"NA",
            "30분내 이동가능 거점":"NA",
            "1시간내 이동가능 거점":"NA",
            "교통총점":"NA",
            "백화점":0,
            "아울렛몰":0,
            "대형마트":80,
            "은행":0,
            "병원":30,
            "종합병원":0,
            "공원":80,
            "혐오시설":0,
            "인프라총점":17.4,
            "초등학군":85.05,
            "중학군":37.94,
            "학군총점":47.362,
            "인구수":29.33,
            "인구증감":3.5,
            "인구총점":21.581,
            "일자리":6.4,
            "소득수준":59.57,
            "일자리총점":22.351,
            "가치 총점":31.2255,
            "매매실거래년":20211230.0,
            "매매실거래가":15000.0,
            "전세실거래년":20211223.0,
            "전세실거래가":7000.0,
            "전세가율":50.0,
            "장기전세가율평균":75.45,
            "전세가율거품지수":25.45,
            "검색코드":25835,
            "세대수":148.0,
            "준공년월":"2005-08-30",
            "준공년차":18.0,
            "가까운역이름":"NA",
            "가까운역거리":"NA",
            "역세권여부":"NA",
            "30분이내주요거점역":"NA",
            "1시간이내주요거점역":"NA",
            "3km이내백화점수":0,
            "5km이내아울렛몰수":0,
            "1km이내대형먀트수":1,
            "500m이내은행수":0,
            "500m이내병원수":6,
            "5km이내대형병원수":0,
            "500m이내공원수":1,
            "3km이내혐오시설수":0,
            "초등학교학업성취도":85.05,
            "중학교학업성취도":60.3,
            "용적률":213,
            "건폐율":20,
            "Y":36.75924,
            "X":127.295932,
            "rank":97.0,
            "area_info":"29평(97.58), 33평(109.29)",
            "last_sales":"2021-12-30,15000.0,33평(109.29)"
        },
        {
            "index":98,
            "아파트명":"부경2단지",
            "투자타입":"일반",
            "전용면적(m2)":"52.69",
            "전용면적(평)":"15평",
            "법정동주소":"충청남도 천안시 동남구 병천면 가전리 709",
            "도로명주소":"충청남도 천안시 동남구 5산단로 420",
            "세대수":50,
            "입주년차":80,
            "용적률점수":"--",
            "건폐율점수":"--",
            "세대당주차수":0,
            "난방방식":30,
            "공급면적":"--",
            "전용률":"--",
            "욕실수":50,
            "현관타입":100,
            "주거총점":51.5,
            "지역구공급총점":0.0,
            "역세권":"NA",
            "30분내 이동가능 거점":"NA",
            "1시간내 이동가능 거점":"NA",
            "교통총점":"NA",
            "백화점":0,
            "아울렛몰":0,
            "대형마트":0,
            "은행":0,
            "병원":0,
            "종합병원":0,
            "공원":0,
            "혐오시설":0,
            "인프라총점":0.0,
            "초등학군":84.2,
            "중학군":39.48,
            "학군총점":48.424,
            "인구수":29.33,
            "인구증감":3.5,
            "인구총점":21.581,
            "일자리":6.4,
            "소득수준":59.57,
            "일자리총점":22.351,
            "가치 총점":30.131,
            "매매실거래년":"18000101",
            "매매실거래가":null,
            "전세실거래년":null,
            "전세실거래가":null,
            "전세가율":null,
            "장기전세가율평균":75.45,
            "전세가율거품지수":null,
            "검색코드":130948,
            "세대수":496.0,
            "준공년월":"2018-07-25",
            "준공년차":5.0,
            "가까운역이름":"NA",
            "가까운역거리":"NA",
            "역세권여부":"NA",
            "30분이내주요거점역":"NA",
            "1시간이내주요거점역":"NA",
            "3km이내백화점수":0,
            "5km이내아울렛몰수":0,
            "1km이내대형먀트수":0,
            "500m이내은행수":0,
            "500m이내병원수":0,
            "5km이내대형병원수":0,
            "500m이내공원수":0,
            "3km이내혐오시설수":0,
            "초등학교학업성취도":84.2,
            "중학교학업성취도":65.8,
            "용적률":99,
            "건폐율":30,
            "Y":36.762719,
            "X":127.265781,
            "rank":98.0,
            "area_info":"15평(52.69), 22평(73.09)",
            "last_sales":"1800-01-01,nan,15평(52.69)"
        },
        {
            "index":46,
            "아파트명":"세광엔리치빌1차",
            "투자타입":"일반",
            "전용면적(m2)":"102.58",
            "전용면적(평)":"31평",
            "법정동주소":"충청남도 천안시 동남구 목천읍 응원리 66-14",
            "도로명주소":"충청남도 천안시 동남구 충절로 687",
            "세대수":0,
            "입주년차":20,
            "용적률점수":"--",
            "건폐율점수":"--",
            "세대당주차수":30,
            "난방방식":30,
            "공급면적":"--",
            "전용률":"--",
            "욕실수":100,
            "현관타입":100,
            "주거총점":31.5,
            "지역구공급총점":0.0,
            "역세권":"NA",
            "30분내 이동가능 거점":"NA",
            "1시간내 이동가능 거점":"NA",
            "교통총점":"NA",
            "백화점":0,
            "아울렛몰":0,
            "대형마트":0,
            "은행":0,
            "병원":0,
            "종합병원":80,
            "공원":0,
            "혐오시설":0,
            "인프라총점":16.0,
            "초등학군":86.37,
            "중학군":37.74,
            "학군총점":47.466,
            "인구수":29.33,
            "인구증감":3.5,
            "인구총점":21.581,
            "일자리":6.4,
            "소득수준":59.57,
            "일자리총점":22.351,
            "가치 총점":29.2915,
            "매매실거래년":20211227.0,
            "매매실거래가":14900.0,
            "전세실거래년":20211010.0,
            "전세실거래가":10000.0,
            "전세가율":67.11,
            "장기전세가율평균":75.45,
            "전세가율거품지수":8.34,
            "검색코드":100727,
            "세대수":290.0,
            "준공년월":"2001-12-18",
            "준공년차":22.0,
            "가까운역이름":"NA",
            "가까운역거리":"NA",
            "역세권여부":"NA",
            "30분이내주요거점역":"NA",
            "1시간이내주요거점역":"NA",
            "3km이내백화점수":0,
            "5km이내아울렛몰수":0,
            "1km이내대형먀트수":0,
            "500m이내은행수":0,
            "500m이내병원수":1,
            "5km이내대형병원수":1,
            "500m이내공원수":0,
            "3km이내혐오시설수":0,
            "초등학교학업성취도":86.37,
            "중학교학업성취도":62.3,
            "용적률":99,
            "건폐율":16,
            "Y":36.770144,
            "X":127.189743,
            "rank":99.0,
            "area_info":"31평(102.58)",
            "last_sales":"2021-12-27,14900.0,31평(102.58)"
        },
        {
            "index":50,
            "아파트명":"연합초원",
            "투자타입":"일반",
            "전용면적(m2)":"68.77",
            "전용면적(평)":"20평",
            "법정동주소":"충청남도 천안시 동남구 목천읍 신계리 166-22",
            "도로명주소":"충청남도 천안시 동남구 목천안터2길 9",
            "세대수":0,
            "입주년차":0,
            "용적률점수":"--",
            "건폐율점수":"--",
            "세대당주차수":0,
            "난방방식":30,
            "공급면적":"--",
            "전용률":"--",
            "욕실수":50,
            "현관타입":100,
            "주거총점":18.0,
            "지역구공급총점":0.0,
            "역세권":"NA",
            "30분내 이동가능 거점":"NA",
            "1시간내 이동가능 거점":"NA",
            "교통총점":"NA",
            "백화점":0,
            "아울렛몰":0,
            "대형마트":80,
            "은행":0,
            "병원":30,
            "종합병원":80,
            "공원":0,
            "혐오시설":0,
            "인프라총점":31.0,
            "초등학군":85.26,
            "중학군":27.48,
            "학군총점":39.036,
            "인구수":29.33,
            "인구증감":3.5,
            "인구총점":21.581,
            "일자리":6.4,
            "소득수준":59.57,
            "일자리총점":22.351,
            "가치 총점":28.459,
            "매매실거래년":20211022.0,
            "매매실거래가":5000.0,
            "전세실거래년":20210314.0,
            "전세실거래가":5000.0,
            "전세가율":100.0,
            "장기전세가율평균":75.45,
            "전세가율거품지수":-24.55,
            "검색코드":11646,
            "세대수":200.0,
            "준공년월":"1994-06-01",
            "준공년차":29.0,
            "가까운역이름":"NA",
            "가까운역거리":"NA",
            "역세권여부":"NA",
            "30분이내주요거점역":"NA",
            "1시간이내주요거점역":"NA",
            "3km이내백화점수":0,
            "5km이내아울렛몰수":0,
            "1km이내대형먀트수":1,
            "500m이내은행수":0,
            "500m이내병원수":5,
            "5km이내대형병원수":1,
            "500m이내공원수":0,
            "3km이내혐오시설수":0,
            "초등학교학업성취도":85.26,
            "중학교학업성취도":45.8,
            "용적률":139,
            "건폐율":24,
            "Y":36.77534,
            "X":127.210569,
            "rank":100.0,
            "area_info":"20평(68.77), 22평(75.39)",
            "last_sales":"2021-10-22,5000.0,20평(68.77)"
        },
        {
            "index":136,
            "아파트명":"중앙",
            "투자타입":"일반",
            "전용면적(m2)":"56.98",
            "전용면적(평)":"17평",
            "법정동주소":"충청남도 천안시 동남구 북면 상동리 91-6",
            "도로명주소":"충청남도 천안시 동남구 충절로 1456",
            "세대수":90,
            "입주년차":0,
            "용적률점수":"--",
            "건폐율점수":"--",
            "세대당주차수":0,
            "난방방식":30,
            "공급면적":"--",
            "전용률":"--",
            "욕실수":50,
            "현관타입":100,
            "주거총점":49.5,
            "지역구공급총점":0.0,
            "역세권":"NA",
            "30분내 이동가능 거점":"NA",
            "1시간내 이동가능 거점":"NA",
            "교통총점":"NA",
            "백화점":0,
            "아울렛몰":0,
            "대형마트":0,
            "은행":0,
            "병원":0,
            "종합병원":0,
            "공원":0,
            "혐오시설":0,
            "인프라총점":0.0,
            "초등학군":84.2,
            "중학군":27.48,
            "학군총점":38.824,
            "인구수":29.33,
            "인구증감":3.5,
            "인구총점":21.581,
            "일자리":6.4,
            "소득수준":59.57,
            "일자리총점":22.351,
            "가치 총점":27.031,
            "매매실거래년":20220107.0,
            "매매실거래가":4250.0,
            "전세실거래년":20210527.0,
            "전세실거래가":2800.0,
            "전세가율":90.32,
            "장기전세가율평균":75.45,
            "전세가율거품지수":-14.87,
            "검색코드":25001,
            "세대수":924.0,
            "준공년월":"1998-02-16",
            "준공년차":25.0,
            "가까운역이름":"NA",
            "가까운역거리":"NA",
            "역세권여부":"NA",
            "30분이내주요거점역":"NA",
            "1시간이내주요거점역":"NA",
            "3km이내백화점수":0,
            "5km이내아울렛몰수":0,
            "1km이내대형먀트수":0,
            "500m이내은행수":0,
            "500m이내병원수":0,
            "5km이내대형병원수":0,
            "500m이내공원수":0,
            "3km이내혐오시설수":0,
            "초등학교학업성취도":84.2,
            "중학교학업성취도":45.8,
            "용적률":252,
            "건폐율":22,
            "Y":36.77,
            "X":127.269073,
            "rank":101.0,
            "area_info":"17평(56.98), 20평(68.73), 24평(80.09)",
            "last_sales":"2022-01-07,4250.0,20평(68.73)"
        },
        {
            "index":193,
            "아파트명":"현대",
            "투자타입":"일반",
            "전용면적(m2)":"69.35",
            "전용면적(평)":"20평",
            "법정동주소":"충청남도 천안시 동남구 신방동 228-22",
            "도로명주소":"충청남도 천안시 동남구 풍세로 705",
            "세대수":0,
            "입주년차":0,
            "용적률점수":"--",
            "건폐율점수":"--",
            "세대당주차수":0,
            "난방방식":30,
            "공급면적":"--",
            "전용률":"--",
            "욕실수":50,
            "현관타입":10,
            "주거총점":9.0,
            "지역구공급총점":0.0,
            "역세권":"NA",
            "30분내 이동가능 거점":"NA",
            "1시간내 이동가능 거점":"NA",
            "교통총점":"NA",
            "백화점":0,
            "아울렛몰":0,
            "대형마트":0,
            "은행":0,
            "병원":30,
            "종합병원":100,
            "공원":100,
            "혐오시설":0,
            "인프라총점":26.0,
            "초등학군":87.5,
            "중학군":45.44,
            "학군총점":53.852,
            "인구수":29.33,
            "인구증감":3.5,
            "인구총점":21.581,
            "일자리":6.4,
            "소득수준":59.57,
            "일자리총점":22.351,
            "가치 총점":27.013,
            "매매실거래년":20220106.0,
            "매매실거래가":9850.0,
            "전세실거래년":20211109.0,
            "전세실거래가":5500.0,
            "전세가율":55.84,
            "장기전세가율평균":75.45,
            "전세가율거품지수":19.61,
            "검색코드":7409,
            "세대수":218.0,
            "준공년월":"1993-09-16",
            "준공년차":30.0,
            "가까운역이름":"NA",
            "가까운역거리":"NA",
            "역세권여부":"NA",
            "30분이내주요거점역":"NA",
            "1시간이내주요거점역":"NA",
            "3km이내백화점수":0,
            "5km이내아울렛몰수":0,
            "1km이내대형먀트수":0,
            "500m이내은행수":1,
            "500m이내병원수":6,
            "5km이내대형병원수":3,
            "500m이내공원수":2,
            "3km이내혐오시설수":0,
            "초등학교학업성취도":87.5,
            "중학교학업성취도":74.8,
            "용적률":157,
            "건폐율":20,
            "Y":36.773646,
            "X":127.13793,
            "rank":102.0,
            "area_info":"20평(69.35), 24평(82.39)",
            "last_sales":"2022-01-06,9850.0,20평(69.35)"
        },
        {
            "index":89,
            "아파트명":"레이크팰리스",
            "투자타입":"일반",
            "전용면적(m2)":"50.76",
            "전용면적(평)":"15평",
            "법정동주소":"충청남도 천안시 동남구 병천면 탑원리 109-1",
            "도로명주소":"충청남도 천안시 동남구 충절로 1896",
            "세대수":30,
            "입주년차":60,
            "용적률점수":"--",
            "건폐율점수":"--",
            "세대당주차수":0,
            "난방방식":30,
            "공급면적":"--",
            "전용률":"--",
            "욕실수":50,
            "현관타입":100,
            "주거총점":40.5,
            "지역구공급총점":0.0,
            "역세권":"NA",
            "30분내 이동가능 거점":"NA",
            "1시간내 이동가능 거점":"NA",
            "교통총점":"NA",
            "백화점":0,
            "아울렛몰":0,
            "대형마트":0,
            "은행":0,
            "병원":0,
            "종합병원":0,
            "공원":0,
            "혐오시설":0,
            "인프라총점":0.0,
            "초등학군":85.05,
            "중학군":37.94,
            "학군총점":47.362,
            "인구수":29.33,
            "인구증감":3.5,
            "인구총점":21.581,
            "일자리":6.4,
            "소득수준":59.57,
            "일자리총점":22.351,
            "가치 총점":26.0155,
            "매매실거래년":20210810.0,
            "매매실거래가":9600.0,
            "전세실거래년":20180917.0,
            "전세실거래가":500.0,
            "전세가율":15.87,
            "장기전세가율평균":75.45,
            "전세가율거품지수":59.58,
            "검색코드":104607,
            "세대수":346.0,
            "준공년월":"2010-05-07",
            "준공년차":13.0,
            "가까운역이름":"NA",
            "가까운역거리":"NA",
            "역세권여부":"NA",
            "30분이내주요거점역":"NA",
            "1시간이내주요거점역":"NA",
            "3km이내백화점수":0,
            "5km이내아울렛몰수":0,
            "1km이내대형먀트수":0,
            "500m이내은행수":0,
            "500m이내병원수":0,
            "5km이내대형병원수":0,
            "500m이내공원수":0,
            "3km이내혐오시설수":0,
            "초등학교학업성취도":85.05,
            "중학교학업성취도":60.3,
            "용적률":189,
            "건폐율":20,
            "Y":36.764513,
            "X":127.316169,
            "rank":103.0,
            "area_info":"15평(50.76), 21평(70.01), 21평(70.01), 26평(86.88), 29평(98.27)",
            "last_sales":"2021-08-10,9600.0,29평(98.27)"
        },
        {
            "index":100,
            "아파트명":"부경파크빌",
            "투자타입":"일반",
            "전용면적(m2)":"82.43",
            "전용면적(평)":"24평",
            "법정동주소":"충청남도 천안시 동남구 병천면 가전리 708",
            "도로명주소":"충청남도 천안시 동남구 5산단로 419",
            "세대수":0,
            "입주년차":80,
            "용적률점수":"--",
            "건폐율점수":"--",
            "세대당주차수":0,
            "난방방식":30,
            "공급면적":"--",
            "전용률":"--",
            "욕실수":100,
            "현관타입":100,
            "주거총점":39.0,
            "지역구공급총점":0.0,
            "역세권":"NA",
            "30분내 이동가능 거점":"NA",
            "1시간내 이동가능 거점":"NA",
            "교통총점":"NA",
            "백화점":0,
            "아울렛몰":0,
            "대형마트":0,
            "은행":0,
            "병원":0,
            "종합병원":0,
            "공원":0,
            "혐오시설":0,
            "인프라총점":0.0,
            "초등학군":84.2,
            "중학군":27.48,
            "학군총점":38.824,
            "인구수":29.33,
            "인구증감":3.5,
            "인구총점":21.581,
            "일자리":6.4,
            "소득수준":59.57,
            "일자리총점":22.351,
            "가치 총점":23.356,
            "매매실거래년":"18000101",
            "매매실거래가":null,
            "전세실거래년":null,
            "전세실거래가":null,
            "전세가율":null,
            "장기전세가율평균":75.45,
            "전세가율거품지수":null,
            "검색코드":125814,
            "세대수":282.0,
            "준공년월":"2016-04-12",
            "준공년차":7.0,
            "가까운역이름":"NA",
            "가까운역거리":"NA",
            "역세권여부":"NA",
            "30분이내주요거점역":"NA",
            "1시간이내주요거점역":"NA",
            "3km이내백화점수":0,
            "5km이내아울렛몰수":0,
            "1km이내대형먀트수":0,
            "500m이내은행수":0,
            "500m이내병원수":0,
            "5km이내대형병원수":0,
            "500m이내공원수":0,
            "3km이내혐오시설수":0,
            "초등학교학업성취도":84.2,
            "중학교학업성취도":45.8,
            "용적률":85,
            "건폐율":29,
            "Y":36.763154,
            "X":127.264843,
            "rank":104.0,
            "area_info":"24평(82.43), 25평(83.19)",
            "last_sales":"1800-01-01,nan,24평(82.43)"
        },
        {
            "index":105,
            "아파트명":"신한",
            "투자타입":"일반",
            "전용면적(m2)":"55.49",
            "전용면적(평)":"16평",
            "법정동주소":"충청남도 천안시 동남구 병천면 가전리 68-3",
            "도로명주소":"충청남도 천안시 동남구 충절로 1638",
            "세대수":50,
            "입주년차":0,
            "용적률점수":"--",
            "건폐율점수":"--",
            "세대당주차수":0,
            "난방방식":30,
            "공급면적":"--",
            "전용률":"--",
            "욕실수":50,
            "현관타입":10,
            "주거총점":26.5,
            "지역구공급총점":0.0,
            "역세권":"NA",
            "30분내 이동가능 거점":"NA",
            "1시간내 이동가능 거점":"NA",
            "교통총점":"NA",
            "백화점":0,
            "아울렛몰":0,
            "대형마트":0,
            "은행":0,
            "병원":0,
            "종합병원":0,
            "공원":0,
            "혐오시설":0,
            "인프라총점":0.0,
            "초등학군":85.05,
            "중학군":37.94,
            "학군총점":47.362,
            "인구수":29.33,
            "인구증감":3.5,
            "인구총점":21.581,
            "일자리":6.4,
            "소득수준":59.57,
            "일자리총점":22.351,
            "가치 총점":21.1155,
            "매매실거래년":20220108.0,
            "매매실거래가":4900.0,
            "전세실거래년":20210710.0,
            "전세실거래가":4000.0,
            "전세가율":81.63,
            "장기전세가율평균":75.45,
            "전세가율거품지수":-6.18,
            "검색코드":26333,
            "세대수":474.0,
            "준공년월":"1997-02-25",
            "준공년차":26.0,
            "가까운역이름":"NA",
            "가까운역거리":"NA",
            "역세권여부":"NA",
            "30분이내주요거점역":"NA",
            "1시간이내주요거점역":"NA",
            "3km이내백화점수":0,
            "5km이내아울렛몰수":0,
            "1km이내대형먀트수":0,
            "500m이내은행수":0,
            "500m이내병원수":0,
            "5km이내대형병원수":0,
            "500m이내공원수":0,
            "3km이내혐오시설수":0,
            "초등학교학업성취도":85.05,
            "중학교학업성취도":60.3,
            "용적률":171,
            "건폐율":0,
            "Y":36.764978,
            "X":127.287995,
            "rank":105.0,
            "area_info":"16평(55.49), 18평(60.28), 21평(72.51)",
            "last_sales":"2022-01-08,4900.0,16평(55.49)"
        },
        {
            "index":102,
            "아파트명":"신세계",
            "투자타입":"일반",
            "전용면적(m2)":"72.65",
            "전용면적(평)":"21평",
            "법정동주소":"충청남도 천안시 동남구 병천면 병천리 43-5",
            "도로명주소":"충청남도 천안시 동남구 병천2로 86",
            "세대수":0,
            "입주년차":0,
            "용적률점수":"--",
            "건폐율점수":"--",
            "세대당주차수":0,
            "난방방식":30,
            "공급면적":"--",
            "전용률":"--",
            "욕실수":50,
            "현관타입":10,
            "주거총점":9.0,
            "지역구공급총점":0.0,
            "역세권":"NA",
            "30분내 이동가능 거점":"NA",
            "1시간내 이동가능 거점":"NA",
            "교통총점":"NA",
            "백화점":0,
            "아울렛몰":0,
            "대형마트":80,
            "은행":0,
            "병원":0,
            "종합병원":0,
            "공원":0,
            "혐오시설":0,
            "인프라총점":12.0,
            "초등학군":85.05,
            "중학군":37.94,
            "학군총점":47.362,
            "인구수":29.33,
            "인구증감":3.5,
            "인구총점":21.581,
            "일자리":6.4,
            "소득수준":59.57,
            "일자리총점":22.351,
            "가치 총점":19.7905,
            "매매실거래년":20211014.0,
            "매매실거래가":6700.0,
            "전세실거래년":20210719.0,
            "전세실거래가":3000.0,
            "전세가율":61.22,
            "장기전세가율평균":75.45,
            "전세가율거품지수":14.23,
            "검색코드":15266,
            "세대수":130.0,
            "준공년월":"1993-05-07",
            "준공년차":30.0,
            "가까운역이름":"NA",
            "가까운역거리":"NA",
            "역세권여부":"NA",
            "30분이내주요거점역":"NA",
            "1시간이내주요거점역":"NA",
            "3km이내백화점수":0,
            "5km이내아울렛몰수":0,
            "1km이내대형먀트수":1,
            "500m이내은행수":0,
            "500m이내병원수":0,
            "5km이내대형병원수":0,
            "500m이내공원수":0,
            "3km이내혐오시설수":0,
            "초등학교학업성취도":85.05,
            "중학교학업성취도":60.3,
            "용적률":213,
            "건폐율":21,
            "Y":36.76736,
            "X":127.30542,
            "rank":106.0,
            "area_info":"21평(72.65), 25평(83.98), 31평(103.49)",
            "last_sales":"2021-10-14,6700.0,25평(83.98)"
        },
        {
            "index":42,
            "아파트명":"보라",
            "투자타입":"일반",
            "전용면적(m2)":"48.93",
            "전용면적(평)":"14평",
            "법정동주소":"충청남도 천안시 동남구 목천읍 서리 58-1",
            "도로명주소":"충청남도 천안시 동남구 서리1길 19-9",
            "세대수":0,
            "입주년차":0,
            "용적률점수":"--",
            "건폐율점수":"--",
            "세대당주차수":0,
            "난방방식":30,
            "공급면적":"--",
            "전용률":"--",
            "욕실수":50,
            "현관타입":10,
            "주거총점":9.0,
            "지역구공급총점":0.0,
            "역세권":"NA",
            "30분내 이동가능 거점":"NA",
            "1시간내 이동가능 거점":"NA",
            "교통총점":"NA",
            "백화점":0,
            "아울렛몰":0,
            "대형마트":0,
            "은행":0,
            "병원":0,
            "종합병원":80,
            "공원":0,
            "혐오시설":0,
            "인프라총점":16.0,
            "초등학군":90.0,
            "중학군":27.48,
            "학군총점":39.984,
            "인구수":29.33,
            "인구증감":3.5,
            "인구총점":21.581,
            "일자리":6.4,
            "소득수준":59.57,
            "일자리총점":22.351,
            "가치 총점":19.546,
            "매매실거래년":20220108.0,
            "매매실거래가":14000.0,
            "전세실거래년":null,
            "전세실거래가":null,
            "전세가율":null,
            "장기전세가율평균":75.45,
            "전세가율거품지수":null,
            "검색코드":15265,
            "세대수":105.0,
            "준공년월":"1994-06-15",
            "준공년차":29.0,
            "가까운역이름":"NA",
            "가까운역거리":"NA",
            "역세권여부":"NA",
            "30분이내주요거점역":"NA",
            "1시간이내주요거점역":"NA",
            "3km이내백화점수":0,
            "5km이내아울렛몰수":0,
            "1km이내대형먀트수":0,
            "500m이내은행수":0,
            "500m이내병원수":0,
            "5km이내대형병원수":1,
            "500m이내공원수":0,
            "3km이내혐오시설수":0,
            "초등학교학업성취도":90.0,
            "중학교학업성취도":45.8,
            "용적률":273,
            "건폐율":31,
            "Y":36.782917,
            "X":127.233772,
            "rank":107.0,
            "area_info":"14평(48.93), 20평(67.76), 24평(82.17), 34평(113.39)",
            "last_sales":"2022-01-08,14000.0,34평(113.39)"
        },
        {
            "index":56,
            "아파트명":"재동타워",
            "투자타입":"일반",
            "전용면적(m2)":"54.6",
            "전용면적(평)":"16평",
            "법정동주소":"충청남도 천안시 동남구 목천읍 73-1",
            "도로명주소":"충청남도 천안시 동남구 서리1길 19-12",
            "세대수":0,
            "입주년차":0,
            "용적률점수":"--",
            "건폐율점수":"--",
            "세대당주차수":0,
            "난방방식":30,
            "공급면적":"--",
            "전용률":"--",
            "욕실수":50,
            "현관타입":10,
            "주거총점":9.0,
            "지역구공급총점":0.0,
            "역세권":"NA",
            "30분내 이동가능 거점":"NA",
            "1시간내 이동가능 거점":"NA",
            "교통총점":"NA",
            "백화점":0,
            "아울렛몰":0,
            "대형마트":0,
            "은행":0,
            "병원":0,
            "종합병원":80,
            "공원":0,
            "혐오시설":0,
            "인프라총점":16.0,
            "초등학군":90.0,
            "중학군":27.48,
            "학군총점":39.984,
            "인구수":29.33,
            "인구증감":3.5,
            "인구총점":21.581,
            "일자리":6.4,
            "소득수준":59.57,
            "일자리총점":22.351,
            "가치 총점":19.546,
            "매매실거래년":20210205.0,
            "매매실거래가":11000.0,
            "전세실거래년":null,
            "전세실거래가":null,
            "전세가율":null,
            "장기전세가율평균":75.45,
            "전세가율거품지수":null,
            "검색코드":101021,
            "세대수":114.0,
            "준공년월":"1995-12-14",
            "준공년차":28.0,
            "가까운역이름":"NA",
            "가까운역거리":"NA",
            "역세권여부":"NA",
            "30분이내주요거점역":"NA",
            "1시간이내주요거점역":"NA",
            "3km이내백화점수":0,
            "5km이내아울렛몰수":0,
            "1km이내대형먀트수":0,
            "500m이내은행수":0,
            "500m이내병원수":0,
            "5km이내대형병원수":1,
            "500m이내공원수":0,
            "3km이내혐오시설수":0,
            "초등학교학업성취도":90.0,
            "중학교학업성취도":45.8,
            "용적률":267,
            "건폐율":26,
            "Y":36.783488,
            "X":127.234203,
            "rank":107.0,
            "area_info":"16평(54.6), 25평(83.51), 31평(104.46)",
            "last_sales":"2021-02-05,11000.0,31평(104.46)"
        },
        {
            "index":47,
            "아파트명":"연합",
            "투자타입":"일반",
            "전용면적(m2)":"68.62",
            "전용면적(평)":"20평",
            "법정동주소":"충청남도 천안시 동남구 목천읍 운전리 380-3",
            "도로명주소":"충청남도 천안시 동남구 충절로 1095",
            "세대수":0,
            "입주년차":0,
            "용적률점수":"--",
            "건폐율점수":"--",
            "세대당주차수":0,
            "난방방식":30,
            "공급면적":"--",
            "전용률":"--",
            "욕실수":50,
            "현관타입":10,
            "주거총점":9.0,
            "지역구공급총점":0.0,
            "역세권":"NA",
            "30분내 이동가능 거점":"NA",
            "1시간내 이동가능 거점":"NA",
            "교통총점":"NA",
            "백화점":0,
            "아울렛몰":0,
            "대형마트":0,
            "은행":0,
            "병원":0,
            "종합병원":80,
            "공원":0,
            "혐오시설":0,
            "인프라총점":16.0,
            "초등학군":85.26,
            "중학군":27.48,
            "학군총점":39.036,
            "인구수":29.33,
            "인구증감":3.5,
            "인구총점":21.581,
            "일자리":6.4,
            "소득수준":59.57,
            "일자리총점":22.351,
            "가치 총점":19.309,
            "매매실거래년":20211226.0,
            "매매실거래가":3800.0,
            "전세실거래년":20211011.0,
            "전세실거래가":3500.0,
            "전세가율":92.11,
            "장기전세가율평균":75.45,
            "전세가율거품지수":-16.66,
            "검색코드":15264,
            "세대수":294.0,
            "준공년월":"1995-11-09",
            "준공년차":28.0,
            "가까운역이름":"NA",
            "가까운역거리":"NA",
            "역세권여부":"NA",
            "30분이내주요거점역":"NA",
            "1시간이내주요거점역":"NA",
            "3km이내백화점수":0,
            "5km이내아울렛몰수":0,
            "1km이내대형먀트수":0,
            "500m이내은행수":0,
            "500m이내병원수":0,
            "5km이내대형병원수":1,
            "500m이내공원수":0,
            "3km이내혐오시설수":0,
            "초등학교학업성취도":85.26,
            "중학교학업성취도":45.8,
            "용적률":134,
            "건폐율":26,
            "Y":36.772095,
            "X":127.229657,
            "rank":108.0,
            "area_info":"20평(68.62), 22평(75.24), 24평(81.3)",
            "last_sales":"2021-12-26,3800.0,20평(68.62)"
        },
        {
            "index":96,
            "아파트명":"병천중앙",
            "투자타입":"일반",
            "전용면적(m2)":"63.94",
            "전용면적(평)":"19평",
            "법정동주소":"충청남도 천안시 동남구 병천면 탑원리 110",
            "도로명주소":"충청남도 천안시 동남구 충절로 1890",
            "세대수":0,
            "입주년차":0,
            "용적률점수":"--",
            "건폐율점수":"--",
            "세대당주차수":0,
            "난방방식":30,
            "공급면적":"--",
            "전용률":"--",
            "욕실수":50,
            "현관타입":100,
            "주거총점":18.0,
            "지역구공급총점":0.0,
            "역세권":"NA",
            "30분내 이동가능 거점":"NA",
            "1시간내 이동가능 거점":"NA",
            "교통총점":"NA",
            "백화점":0,
            "아울렛몰":0,
            "대형마트":0,
            "은행":0,
            "병원":0,
            "종합병원":0,
            "공원":0,
            "혐오시설":0,
            "인프라총점":0.0,
            "초등학군":85.05,
            "중학군":37.94,
            "학군총점":47.362,
            "인구수":29.33,
            "인구증감":3.5,
            "인구총점":21.581,
            "일자리":6.4,
            "소득수준":59.57,
            "일자리총점":22.351,
            "가치 총점":18.1405,
            "매매실거래년":20211203.0,
            "매매실거래가":3700.0,
            "전세실거래년":20180430.0,
            "전세실거래가":1543.0,
            "전세가율":41.7,
            "장기전세가율평균":75.45,
            "전세가율거품지수":33.75,
            "검색코드":19605,
            "세대수":177.0,
            "준공년월":"1996-07-20",
            "준공년차":27.0,
            "가까운역이름":"NA",
            "가까운역거리":"NA",
            "역세권여부":"NA",
            "30분이내주요거점역":"NA",
            "1시간이내주요거점역":"NA",
            "3km이내백화점수":0,
            "5km이내아울렛몰수":0,
            "1km이내대형먀트수":0,
            "500m이내은행수":0,
            "500m이내병원수":0,
            "5km이내대형병원수":0,
            "500m이내공원수":0,
            "3km이내혐오시설수":0,
            "초등학교학업성취도":85.05,
            "중학교학업성취도":60.3,
            "용적률":218,
            "건폐율":26,
            "Y":36.7645,
            "X":127.31496,
            "rank":109.0,
            "area_info":"19평(63.94), 23평(77.48)",
            "last_sales":"2021-12-03,3700.0,19평(63.94)"
        }
    ]
}