{
    "schema":{
        "fields":[
            {
                "name":"index",
                "type":"integer"
            },
            {
                "name":"아파트명",
                "type":"string"
            },
            {
                "name":"투자타입",
                "type":"string"
            },
            {
                "name":"전용면적(m2)",
                "type":"string"
            },
            {
                "name":"전용면적(평)",
                "type":"string"
            },
            {
                "name":"법정동주소",
                "type":"string"
            },
            {
                "name":"도로명주소",
                "type":"string"
            },
            {
                "name":"세대수",
                "type":"integer"
            },
            {
                "name":"입주년차",
                "type":"string"
            },
            {
                "name":"용적률점수",
                "type":"string"
            },
            {
                "name":"건폐율점수",
                "type":"string"
            },
            {
                "name":"세대당주차수",
                "type":"string"
            },
            {
                "name":"난방방식",
                "type":"string"
            },
            {
                "name":"공급면적",
                "type":"string"
            },
            {
                "name":"전용률",
                "type":"string"
            },
            {
                "name":"욕실수",
                "type":"string"
            },
            {
                "name":"현관타입",
                "type":"string"
            },
            {
                "name":"주거총점",
                "type":"number"
            },
            {
                "name":"지역구공급총점",
                "type":"number"
            },
            {
                "name":"역세권",
                "type":"string"
            },
            {
                "name":"30분내 이동가능 거점",
                "type":"string"
            },
            {
                "name":"1시간내 이동가능 거점",
                "type":"string"
            },
            {
                "name":"교통총점",
                "type":"string"
            },
            {
                "name":"백화점",
                "type":"integer"
            },
            {
                "name":"아울렛몰",
                "type":"integer"
            },
            {
                "name":"대형마트",
                "type":"integer"
            },
            {
                "name":"은행",
                "type":"integer"
            },
            {
                "name":"병원",
                "type":"integer"
            },
            {
                "name":"종합병원",
                "type":"integer"
            },
            {
                "name":"공원",
                "type":"integer"
            },
            {
                "name":"혐오시설",
                "type":"integer"
            },
            {
                "name":"인프라총점",
                "type":"number"
            },
            {
                "name":"초등학군",
                "type":"number"
            },
            {
                "name":"중학군",
                "type":"number"
            },
            {
                "name":"학군총점",
                "type":"number"
            },
            {
                "name":"인구수",
                "type":"number"
            },
            {
                "name":"인구증감",
                "type":"number"
            },
            {
                "name":"인구총점",
                "type":"number"
            },
            {
                "name":"일자리",
                "type":"number"
            },
            {
                "name":"소득수준",
                "type":"number"
            },
            {
                "name":"일자리총점",
                "type":"number"
            },
            {
                "name":"가치 총점",
                "type":"number"
            },
            {
                "name":"매매실거래년",
                "type":"string"
            },
            {
                "name":"매매실거래가",
                "type":"number"
            },
            {
                "name":"전세실거래년",
                "type":"number"
            },
            {
                "name":"전세실거래가",
                "type":"number"
            },
            {
                "name":"전세가율",
                "type":"number"
            },
            {
                "name":"장기전세가율평균",
                "type":"number"
            },
            {
                "name":"전세가율거품지수",
                "type":"number"
            },
            {
                "name":"검색코드",
                "type":"integer"
            },
            {
                "name":"세대수",
                "type":"number"
            },
            {
                "name":"준공년월",
                "type":"string"
            },
            {
                "name":"준공년차",
                "type":"number"
            },
            {
                "name":"가까운역이름",
                "type":"string"
            },
            {
                "name":"가까운역거리",
                "type":"string"
            },
            {
                "name":"역세권여부",
                "type":"string"
            },
            {
                "name":"30분이내주요거점역",
                "type":"string"
            },
            {
                "name":"1시간이내주요거점역",
                "type":"string"
            },
            {
                "name":"3km이내백화점수",
                "type":"integer"
            },
            {
                "name":"5km이내아울렛몰수",
                "type":"integer"
            },
            {
                "name":"1km이내대형먀트수",
                "type":"integer"
            },
            {
                "name":"500m이내은행수",
                "type":"integer"
            },
            {
                "name":"500m이내병원수",
                "type":"integer"
            },
            {
                "name":"5km이내대형병원수",
                "type":"integer"
            },
            {
                "name":"500m이내공원수",
                "type":"integer"
            },
            {
                "name":"3km이내혐오시설수",
                "type":"integer"
            },
            {
                "name":"초등학교학업성취도",
                "type":"number"
            },
            {
                "name":"중학교학업성취도",
                "type":"number"
            },
            {
                "name":"용적률",
                "type":"integer"
            },
            {
                "name":"건폐율",
                "type":"integer"
            },
            {
                "name":"Y",
                "type":"number"
            },
            {
                "name":"X",
                "type":"number"
            },
            {
                "name":"rank",
                "type":"number"
            },
            {
                "name":"area_info",
                "type":"string"
            },
            {
                "name":"last_sales",
                "type":"string"
            }
        ],
        "primaryKey":[
            "index"
        ],
        "pandas_version":"1.4.0"
    },
    "data":[
        {
            "index":229,
            "아파트명":"요진와이시티",
            "투자타입":"일반",
            "전용면적(m2)":"78.86",
            "전용면적(평)":"23평",
            "법정동주소":"충청남도 아산시 배방읍 장재리 1767",
            "도로명주소":"충청남도 아산시 광장로 210",
            "세대수":90,
            "입주년차":60,
            "용적률점수":"--",
            "건폐율점수":"--",
            "세대당주차수":60,
            "난방방식":100,
            "공급면적":"--",
            "전용률":"--",
            "욕실수":100,
            "현관타입":50,
            "주거총점":77.5,
            "지역구공급총점":0.0,
            "역세권":"NA",
            "30분내 이동가능 거점":"NA",
            "1시간내 이동가능 거점":"NA",
            "교통총점":"NA",
            "백화점":100,
            "아울렛몰":0,
            "대형마트":80,
            "은행":0,
            "병원":30,
            "종합병원":100,
            "공원":100,
            "혐오시설":0,
            "인프라총점":68.0,
            "초등학군":70.48,
            "중학군":48.3,
            "학군총점":52.736,
            "인구수":34.83,
            "인구증감":21.27,
            "인구총점":30.762,
            "일자리":23.9,
            "소득수준":66.53,
            "일자리총점":36.689,
            "가치 총점":67.509,
            "매매실거래년":20211124.0,
            "매매실거래가":80000.0,
            "전세실거래년":20211229.0,
            "전세실거래가":26200.0,
            "전세가율":55.74,
            "장기전세가율평균":71.95,
            "전세가율거품지수":16.21,
            "검색코드":26809,
            "세대수":1479.0,
            "준공년월":"2011-06-03",
            "준공년차":12.0,
            "가까운역이름":"NA",
            "가까운역거리":"NA",
            "역세권여부":"NA",
            "30분이내주요거점역":"NA",
            "1시간이내주요거점역":"NA",
            "3km이내백화점수":1,
            "5km이내아울렛몰수":0,
            "1km이내대형먀트수":1,
            "500m이내은행수":1,
            "500m이내병원수":9,
            "5km이내대형병원수":2,
            "500m이내공원수":3,
            "3km이내혐오시설수":0,
            "초등학교학업성취도":70.48,
            "중학교학업성취도":79.5,
            "용적률":273,
            "건폐율":29,
            "Y":36.795905,
            "X":127.108547,
            "rank":1.0,
            "area_info":"23평(78.86), 23평(78.95), 33평(111.08), 33평(111.55), 45평(150.32), 45평(150.69), 45평(150.45), 65평(218.18)",
            "last_sales":"2021-11-24,80000.0,45평(150.32)"
        },
        {
            "index":488,
            "아파트명":"한들물빛도시시티프라디움",
            "투자타입":"일반",
            "전용면적(m2)":"109.63",
            "전용면적(평)":"33평",
            "법정동주소":"충청남도 아산시 탕정면 매곡리 아산탕정 택지개발지구 2-A4 블럭",
            "도로명주소":"충청남도 아산시 매곡중앙3로 36",
            "세대수":80,
            "입주년차":100,
            "용적률점수":"--",
            "건폐율점수":"--",
            "세대당주차수":30,
            "난방방식":100,
            "공급면적":"--",
            "전용률":"--",
            "욕실수":100,
            "현관타입":100,
            "주거총점":82.5,
            "지역구공급총점":0.0,
            "역세권":"NA",
            "30분내 이동가능 거점":"NA",
            "1시간내 이동가능 거점":"NA",
            "교통총점":"NA",
            "백화점":100,
            "아울렛몰":0,
            "대형마트":0,
            "은행":0,
            "병원":10,
            "종합병원":100,
            "공원":0,
            "혐오시설":0,
            "인프라총점":51.0,
            "초등학군":91.48,
            "중학군":45.64,
            "학군총점":54.808,
            "인구수":34.83,
            "인구증감":21.27,
            "인구총점":30.762,
            "일자리":23.9,
            "소득수준":66.53,
            "일자리총점":36.689,
            "가치 총점":62.977,
            "매매실거래년":20211227.0,
            "매매실거래가":48550.0,
            "전세실거래년":20210801.0,
            "전세실거래가":35000.0,
            "전세가율":72.09,
            "장기전세가율평균":71.95,
            "전세가율거품지수":-0.14,
            "검색코드":125259,
            "세대수":746.0,
            "준공년월":"2021-07-01",
            "준공년차":2.0,
            "가까운역이름":"NA",
            "가까운역거리":"NA",
            "역세권여부":"NA",
            "30분이내주요거점역":"NA",
            "1시간이내주요거점역":"NA",
            "3km이내백화점수":1,
            "5km이내아울렛몰수":0,
            "1km이내대형먀트수":0,
            "500m이내은행수":0,
            "500m이내병원수":4,
            "5km이내대형병원수":2,
            "500m이내공원수":0,
            "3km이내혐오시설수":0,
            "초등학교학업성취도":91.48,
            "중학교학업성취도":75.6,
            "용적률":177,
            "건폐율":18,
            "Y":36.783527,
            "X":127.089648,
            "rank":2.0,
            "area_info":"33평(109.63), 33평(109.93), 33평(110.38)",
            "last_sales":"2021-12-27,48550.0,33평(109.63)"
        },
        {
            "index":253,
            "아파트명":"천안아산역리슈빌",
            "투자타입":"일반",
            "전용면적(m2)":"98.18",
            "전용면적(평)":"29평",
            "법정동주소":"충청남도 아산시 배방읍 장재리 1844",
            "도로명주소":"충청남도 아산시 장재로 27",
            "세대수":80,
            "입주년차":60,
            "용적률점수":"--",
            "건폐율점수":"--",
            "세대당주차수":30,
            "난방방식":100,
            "공급면적":"--",
            "전용률":"--",
            "욕실수":100,
            "현관타입":50,
            "주거총점":69.5,
            "지역구공급총점":0.0,
            "역세권":"NA",
            "30분내 이동가능 거점":"NA",
            "1시간내 이동가능 거점":"NA",
            "교통총점":"NA",
            "백화점":100,
            "아울렛몰":0,
            "대형마트":80,
            "은행":0,
            "병원":0,
            "종합병원":100,
            "공원":0,
            "혐오시설":0,
            "인프라총점":62.0,
            "초등학군":89.36,
            "중학군":45.64,
            "학군총점":54.384,
            "인구수":34.83,
            "인구증감":21.27,
            "인구총점":30.762,
            "일자리":23.9,
            "소득수준":66.53,
            "일자리총점":36.689,
            "가치 총점":62.721,
            "매매실거래년":20211225.0,
            "매매실거래가":39500.0,
            "전세실거래년":20211127.0,
            "전세실거래가":18375.0,
            "전세가율":53.26,
            "장기전세가율평균":71.95,
            "전세가율거품지수":18.69,
            "검색코드":27139,
            "세대수":824.0,
            "준공년월":"2010-09-15",
            "준공년차":13.0,
            "가까운역이름":"NA",
            "가까운역거리":"NA",
            "역세권여부":"NA",
            "30분이내주요거점역":"NA",
            "1시간이내주요거점역":"NA",
            "3km이내백화점수":1,
            "5km이내아울렛몰수":0,
            "1km이내대형먀트수":1,
            "500m이내은행수":1,
            "500m이내병원수":1,
            "5km이내대형병원수":2,
            "500m이내공원수":0,
            "3km이내혐오시설수":0,
            "초등학교학업성취도":89.36,
            "중학교학업성취도":75.6,
            "용적률":179,
            "건폐율":18,
            "Y":36.786837,
            "X":127.111868,
            "rank":3.0,
            "area_info":"29평(98.18), 29평(98.49), 29평(98.8), 33평(111.11), 33평(111.16), 33평(111.35), 33평(111.27)",
            "last_sales":"2021-12-25,39500.0,33평(111.35)"
        },
        {
            "index":213,
            "아파트명":"연화마을8단지",
            "투자타입":"일반",
            "전용면적(m2)":"97.02",
            "전용면적(평)":"29평",
            "법정동주소":"충청남도 아산시 배방읍 장재리 1539",
            "도로명주소":"충청남도 아산시 연화로 36",
            "세대수":80,
            "입주년차":60,
            "용적률점수":"--",
            "건폐율점수":"--",
            "세대당주차수":30,
            "난방방식":100,
            "공급면적":"--",
            "전용률":"--",
            "욕실수":100,
            "현관타입":100,
            "주거총점":74.5,
            "지역구공급총점":0.0,
            "역세권":"NA",
            "30분내 이동가능 거점":"NA",
            "1시간내 이동가능 거점":"NA",
            "교통총점":"NA",
            "백화점":100,
            "아울렛몰":0,
            "대형마트":0,
            "은행":0,
            "병원":10,
            "종합병원":100,
            "공원":100,
            "혐오시설":0,
            "인프라총점":54.0,
            "초등학군":91.48,
            "중학군":45.64,
            "학군총점":54.808,
            "인구수":34.83,
            "인구증감":21.27,
            "인구총점":30.762,
            "일자리":23.9,
            "소득수준":66.53,
            "일자리총점":36.689,
            "가치 총점":61.377,
            "매매실거래년":20220109.0,
            "매매실거래가":40000.0,
            "전세실거래년":20211023.0,
            "전세실거래가":28000.0,
            "전세가율":75.68,
            "장기전세가율평균":71.95,
            "전세가율거품지수":-3.73,
            "검색코드":26808,
            "세대수":724.0,
            "준공년월":"2009-06-25",
            "준공년차":14.0,
            "가까운역이름":"NA",
            "가까운역거리":"NA",
            "역세권여부":"NA",
            "30분이내주요거점역":"NA",
            "1시간이내주요거점역":"NA",
            "3km이내백화점수":1,
            "5km이내아울렛몰수":0,
            "1km이내대형먀트수":0,
            "500m이내은행수":0,
            "500m이내병원수":4,
            "5km이내대형병원수":2,
            "500m이내공원수":2,
            "3km이내혐오시설수":0,
            "초등학교학업성취도":91.48,
            "중학교학업성취도":75.6,
            "용적률":179,
            "건폐율":16,
            "Y":36.785721,
            "X":127.094145,
            "rank":4.0,
            "area_info":"29평(97.02), 29평(97.6), 33평(110.18)",
            "last_sales":"2022-01-09,40000.0,33평(110.18)"
        },
        {
            "index":216,
            "아파트명":"연화마을STX칸6단지",
            "투자타입":"일반",
            "전용면적(m2)":"129.08",
            "전용면적(평)":"39평",
            "법정동주소":"충청남도 아산시 배방읍 장재리 1537",
            "도로명주소":"충청남도 아산시 연화로 11",
            "세대수":50,
            "입주년차":60,
            "용적률점수":"--",
            "건폐율점수":"--",
            "세대당주차수":60,
            "난방방식":100,
            "공급면적":"--",
            "전용률":"--",
            "욕실수":100,
            "현관타입":100,
            "주거총점":68.5,
            "지역구공급총점":0.0,
            "역세권":"NA",
            "30분내 이동가능 거점":"NA",
            "1시간내 이동가능 거점":"NA",
            "교통총점":"NA",
            "백화점":100,
            "아울렛몰":0,
            "대형마트":0,
            "은행":0,
            "병원":30,
            "종합병원":100,
            "공원":0,
            "혐오시설":0,
            "인프라총점":53.0,
            "초등학군":91.48,
            "중학군":45.64,
            "학군총점":54.808,
            "인구수":34.83,
            "인구증감":21.27,
            "인구총점":30.762,
            "일자리":23.9,
            "소득수준":66.53,
            "일자리총점":36.689,
            "가치 총점":58.877,
            "매매실거래년":20211218.0,
            "매매실거래가":70000.0,
            "전세실거래년":20220105.0,
            "전세실거래가":42000.0,
            "전세가율":70.0,
            "장기전세가율평균":71.95,
            "전세가율거품지수":1.95,
            "검색코드":27115,
            "세대수":567.0,
            "준공년월":"2011-01-31",
            "준공년차":12.0,
            "가까운역이름":"NA",
            "가까운역거리":"NA",
            "역세권여부":"NA",
            "30분이내주요거점역":"NA",
            "1시간이내주요거점역":"NA",
            "3km이내백화점수":1,
            "5km이내아울렛몰수":0,
            "1km이내대형먀트수":0,
            "500m이내은행수":0,
            "500m이내병원수":5,
            "5km이내대형병원수":2,
            "500m이내공원수":0,
            "3km이내혐오시설수":0,
            "초등학교학업성취도":91.48,
            "중학교학업성취도":75.6,
            "용적률":199,
            "건폐율":19,
            "Y":36.787206,
            "X":127.09033,
            "rank":5.0,
            "area_info":"39평(129.08), 39평(130.4), 41평(137.16), 41평(138.0), 44평(146.57), 44평(146.57), 44평(146.01), 51평(170.86)",
            "last_sales":"2021-12-18,70000.0,44평(146.57)"
        },
        {
            "index":260,
            "아파트명":"포레스트힐",
            "투자타입":"일반",
            "전용면적(m2)":"128.95",
            "전용면적(평)":"39평",
            "법정동주소":"충청남도 아산시 배방읍 장재리 1204",
            "도로명주소":"충청남도 아산시 용연로 37",
            "세대수":50,
            "입주년차":60,
            "용적률점수":"--",
            "건폐율점수":"--",
            "세대당주차수":60,
            "난방방식":100,
            "공급면적":"--",
            "전용률":"--",
            "욕실수":100,
            "현관타입":100,
            "주거총점":68.5,
            "지역구공급총점":0.0,
            "역세권":"NA",
            "30분내 이동가능 거점":"NA",
            "1시간내 이동가능 거점":"NA",
            "교통총점":"NA",
            "백화점":100,
            "아울렛몰":0,
            "대형마트":0,
            "은행":0,
            "병원":0,
            "종합병원":100,
            "공원":80,
            "혐오시설":0,
            "인프라총점":52.4,
            "초등학군":88.76,
            "중학군":45.64,
            "학군총점":54.264,
            "인구수":34.83,
            "인구증감":21.27,
            "인구총점":30.762,
            "일자리":23.9,
            "소득수준":66.53,
            "일자리총점":36.689,
            "가치 총점":58.501,
            "매매실거래년":20211031.0,
            "매매실거래가":62000.0,
            "전세실거래년":20211130.0,
            "전세실거래가":29400.0,
            "전세가율":60.74,
            "장기전세가율평균":71.95,
            "전세가율거품지수":11.21,
            "검색코드":26889,
            "세대수":464.0,
            "준공년월":"2010-10-22",
            "준공년차":13.0,
            "가까운역이름":"NA",
            "가까운역거리":"NA",
            "역세권여부":"NA",
            "30분이내주요거점역":"NA",
            "1시간이내주요거점역":"NA",
            "3km이내백화점수":1,
            "5km이내아울렛몰수":0,
            "1km이내대형먀트수":0,
            "500m이내은행수":0,
            "500m이내병원수":0,
            "5km이내대형병원수":2,
            "500m이내공원수":1,
            "3km이내혐오시설수":0,
            "초등학교학업성취도":88.76,
            "중학교학업성취도":75.6,
            "용적률":199,
            "건폐율":16,
            "Y":36.793532,
            "X":127.091454,
            "rank":6.0,
            "area_info":"39평(128.95), 38평(128.66), 39평(129.67), 39평(129.12), 43평(144.08), 43평(144.36), 43평(144.6), 49평(162.88)",
            "last_sales":"2021-10-31,62000.0,49평(162.88)"
        },
        {
            "index":492,
            "아파트명":"홍익",
            "투자타입":"일반",
            "전용면적(m2)":"46.38",
            "전용면적(평)":"14평",
            "법정동주소":"충청남도 아산시 탕정면 호산리 497",
            "도로명주소":"충청남도 아산시 선문로 385",
            "세대수":90,
            "입주년차":20,
            "용적률점수":"--",
            "건폐율점수":"--",
            "세대당주차수":0,
            "난방방식":30,
            "공급면적":"--",
            "전용률":"--",
            "욕실수":50,
            "현관타입":100,
            "주거총점":53.5,
            "지역구공급총점":0.0,
            "역세권":"NA",
            "30분내 이동가능 거점":"NA",
            "1시간내 이동가능 거점":"NA",
            "교통총점":"NA",
            "백화점":100,
            "아울렛몰":0,
            "대형마트":80,
            "은행":0,
            "병원":0,
            "종합병원":80,
            "공원":0,
            "혐오시설":0,
            "인프라총점":58.0,
            "초등학군":90.48,
            "중학군":50.24,
            "학군총점":58.288,
            "인구수":34.83,
            "인구증감":21.27,
            "인구총점":30.762,
            "일자리":23.9,
            "소득수준":66.53,
            "일자리총점":36.689,
            "가치 총점":56.497,
            "매매실거래년":20220111.0,
            "매매실거래가":5000.0,
            "전세실거래년":20220103.0,
            "전세실거래가":3000.0,
            "전세가율":61.86,
            "장기전세가율평균":71.95,
            "전세가율거품지수":10.09,
            "검색코드":22948,
            "세대수":999.0,
            "준공년월":"1999-12-23",
            "준공년차":24.0,
            "가까운역이름":"NA",
            "가까운역거리":"NA",
            "역세권여부":"NA",
            "30분이내주요거점역":"NA",
            "1시간이내주요거점역":"NA",
            "3km이내백화점수":1,
            "5km이내아울렛몰수":0,
            "1km이내대형먀트수":1,
            "500m이내은행수":0,
            "500m이내병원수":1,
            "5km이내대형병원수":1,
            "500m이내공원수":0,
            "3km이내혐오시설수":0,
            "초등학교학업성취도":90.48,
            "중학교학업성취도":82.6,
            "용적률":145,
            "건폐율":11,
            "Y":36.807514,
            "X":127.078154,
            "rank":7.0,
            "area_info":"14평(46.38), 16평(55.46)",
            "last_sales":"2022-01-11,5000.0,16평(55.46)"
        },
        {
            "index":268,
            "아파트명":"한라비발디",
            "투자타입":"일반",
            "전용면적(m2)":"108.96",
            "전용면적(평)":"32평",
            "법정동주소":"충청남도 아산시 배방읍 공수리 636",
            "도로명주소":"충청남도 아산시 배방로 131",
            "세대수":80,
            "입주년차":40,
            "용적률점수":"--",
            "건폐율점수":"--",
            "세대당주차수":60,
            "난방방식":100,
            "공급면적":"--",
            "전용률":"--",
            "욕실수":100,
            "현관타입":100,
            "주거총점":75.0,
            "지역구공급총점":0.0,
            "역세권":"NA",
            "30분내 이동가능 거점":"NA",
            "1시간내 이동가능 거점":"NA",
            "교통총점":"NA",
            "백화점":0,
            "아울렛몰":0,
            "대형마트":100,
            "은행":0,
            "병원":0,
            "종합병원":80,
            "공원":100,
            "혐오시설":0,
            "인프라총점":34.0,
            "초등학군":97.88,
            "중학군":48.82,
            "학군총점":58.632,
            "인구수":34.83,
            "인구증감":21.27,
            "인구총점":30.762,
            "일자리":23.9,
            "소득수준":66.53,
            "일자리총점":36.689,
            "가치 총점":54.508,
            "매매실거래년":20211213.0,
            "매매실거래가":27000.0,
            "전세실거래년":20211225.0,
            "전세실거래가":25000.0,
            "전세가율":92.59,
            "장기전세가율평균":71.95,
            "전세가율거품지수":-20.64,
            "검색코드":19283,
            "세대수":794.0,
            "준공년월":"2006-08-31",
            "준공년차":17.0,
            "가까운역이름":"NA",
            "가까운역거리":"NA",
            "역세권여부":"NA",
            "30분이내주요거점역":"NA",
            "1시간이내주요거점역":"NA",
            "3km이내백화점수":0,
            "5km이내아울렛몰수":0,
            "1km이내대형먀트수":2,
            "500m이내은행수":1,
            "500m이내병원수":1,
            "5km이내대형병원수":1,
            "500m이내공원수":3,
            "3km이내혐오시설수":0,
            "초등학교학업성취도":97.88,
            "중학교학업성취도":79.1,
            "용적률":242,
            "건폐율":19,
            "Y":36.771229,
            "X":127.061372,
            "rank":8.0,
            "area_info":"32평(108.96), 33평(111.81), 39평(130.42), 45평(150.73)",
            "last_sales":"2021-12-13,27000.0,32평(108.96)"
        },
        {
            "index":237,
            "아파트명":"용연마을3단지",
            "투자타입":"일반",
            "전용면적(m2)":"97.17",
            "전용면적(평)":"29평",
            "법정동주소":"충청남도 아산시 배방읍 장재리 1208",
            "도로명주소":"충청남도 아산시 용연로 54",
            "세대수":30,
            "입주년차":60,
            "용적률점수":"--",
            "건폐율점수":"--",
            "세대당주차수":30,
            "난방방식":100,
            "공급면적":"--",
            "전용률":"--",
            "욕실수":100,
            "현관타입":100,
            "주거총점":57.0,
            "지역구공급총점":0.0,
            "역세권":"NA",
            "30분내 이동가능 거점":"NA",
            "1시간내 이동가능 거점":"NA",
            "교통총점":"NA",
            "백화점":100,
            "아울렛몰":0,
            "대형마트":0,
            "은행":0,
            "병원":0,
            "종합병원":100,
            "공원":80,
            "혐오시설":0,
            "인프라총점":52.4,
            "초등학군":88.76,
            "중학군":45.64,
            "학군총점":54.264,
            "인구수":34.83,
            "인구증감":21.27,
            "인구총점":30.762,
            "일자리":23.9,
            "소득수준":66.53,
            "일자리총점":36.689,
            "가치 총점":54.476,
            "매매실거래년":20211218.0,
            "매매실거래가":41000.0,
            "전세실거래년":20211120.0,
            "전세실거래가":26000.0,
            "전세가율":81.25,
            "장기전세가율평균":71.95,
            "전세가율거품지수":-9.3,
            "검색코드":26807,
            "세대수":378.0,
            "준공년월":"2009-06-08",
            "준공년차":14.0,
            "가까운역이름":"NA",
            "가까운역거리":"NA",
            "역세권여부":"NA",
            "30분이내주요거점역":"NA",
            "1시간이내주요거점역":"NA",
            "3km이내백화점수":1,
            "5km이내아울렛몰수":0,
            "1km이내대형먀트수":0,
            "500m이내은행수":0,
            "500m이내병원수":1,
            "5km이내대형병원수":2,
            "500m이내공원수":1,
            "3km이내혐오시설수":0,
            "초등학교학업성취도":88.76,
            "중학교학업성취도":75.6,
            "용적률":179,
            "건폐율":14,
            "Y":36.791928,
            "X":127.08921,
            "rank":9.0,
            "area_info":"29평(97.17), 29평(97.75), 33평(110.35), 33평(110.39), 33평(110.83)",
            "last_sales":"2021-12-18,41000.0,33평(110.83)"
        },
        {
            "index":503,
            "아파트명":"아산풍기EG the1",
            "투자타입":"일반",
            "전용면적(m2)":"96.46",
            "전용면적(평)":"29평",
            "법정동주소":"충청남도 아산시 풍기동 514",
            "도로명주소":"충청남도 아산시 어의정로 184",
            "세대수":90,
            "입주년차":80,
            "용적률점수":"--",
            "건폐율점수":"--",
            "세대당주차수":30,
            "난방방식":30,
            "공급면적":"--",
            "전용률":"--",
            "욕실수":100,
            "현관타입":100,
            "주거총점":75.0,
            "지역구공급총점":0.0,
            "역세권":"NA",
            "30분내 이동가능 거점":"NA",
            "1시간내 이동가능 거점":"NA",
            "교통총점":"NA",
            "백화점":0,
            "아울렛몰":0,
            "대형마트":100,
            "은행":0,
            "병원":30,
            "종합병원":80,
            "공원":100,
            "혐오시설":0,
            "인프라총점":37.0,
            "초등학군":89.18,
            "중학군":43.72,
            "학군총점":52.812,
            "인구수":34.83,
            "인구증감":21.27,
            "인구총점":30.762,
            "일자리":23.9,
            "소득수준":66.53,
            "일자리총점":36.689,
            "가치 총점":54.253,
            "매매실거래년":20211205.0,
            "매매실거래가":37000.0,
            "전세실거래년":20220113.0,
            "전세실거래가":29000.0,
            "전세가율":78.38,
            "장기전세가율평균":71.95,
            "전세가율거품지수":-6.43,
            "검색코드":110368,
            "세대수":1120.0,
            "준공년월":"2017-08-01",
            "준공년차":6.0,
            "가까운역이름":"NA",
            "가까운역거리":"NA",
            "역세권여부":"NA",
            "30분이내주요거점역":"NA",
            "1시간이내주요거점역":"NA",
            "3km이내백화점수":0,
            "5km이내아울렛몰수":0,
            "1km이내대형먀트수":2,
            "500m이내은행수":0,
            "500m이내병원수":8,
            "5km이내대형병원수":1,
            "500m이내공원수":3,
            "3km이내혐오시설수":0,
            "초등학교학업성취도":89.18,
            "중학교학업성취도":71.8,
            "용적률":214,
            "건폐율":17,
            "Y":36.775752,
            "X":127.018894,
            "rank":10.0,
            "area_info":"29평(96.46), 29평(97.42), 34평(113.37)",
            "last_sales":"2021-12-05,37000.0,29평(96.46)"
        },
        {
            "index":67,
            "아파트명":"모종캐슬어울림1단지",
            "투자타입":"일반",
            "전용면적(m2)":"84.66",
            "전용면적(평)":"25평",
            "법정동주소":"충청남도 아산시 모종동 637",
            "도로명주소":"충청남도 아산시 모종로22번길 7",
            "세대수":80,
            "입주년차":80,
            "용적률점수":"--",
            "건폐율점수":"--",
            "세대당주차수":30,
            "난방방식":30,
            "공급면적":"--",
            "전용률":"--",
            "욕실수":100,
            "현관타입":100,
            "주거총점":71.5,
            "지역구공급총점":0.0,
            "역세권":"NA",
            "30분내 이동가능 거점":"NA",
            "1시간내 이동가능 거점":"NA",
            "교통총점":"NA",
            "백화점":0,
            "아울렛몰":0,
            "대형마트":100,
            "은행":0,
            "병원":60,
            "종합병원":80,
            "공원":100,
            "혐오시설":0,
            "인프라총점":40.0,
            "초등학군":89.02,
            "중학군":43.72,
            "학군총점":52.78,
            "인구수":34.83,
            "인구증감":21.27,
            "인구총점":30.762,
            "일자리":23.9,
            "소득수준":66.53,
            "일자리총점":36.689,
            "가치 총점":54.22,
            "매매실거래년":20211226.0,
            "매매실거래가":47200.0,
            "전세실거래년":20211230.0,
            "전세실거래가":26000.0,
            "전세가율":77.15,
            "장기전세가율평균":71.95,
            "전세가율거품지수":-5.2,
            "검색코드":109305,
            "세대수":792.0,
            "준공년월":"2017-02-06",
            "준공년차":6.0,
            "가까운역이름":"NA",
            "가까운역거리":"NA",
            "역세권여부":"NA",
            "30분이내주요거점역":"NA",
            "1시간이내주요거점역":"NA",
            "3km이내백화점수":0,
            "5km이내아울렛몰수":0,
            "1km이내대형먀트수":2,
            "500m이내은행수":1,
            "500m이내병원수":14,
            "5km이내대형병원수":1,
            "500m이내공원수":3,
            "3km이내혐오시설수":0,
            "초등학교학업성취도":89.02,
            "중학교학업성취도":71.8,
            "용적률":223,
            "건폐율":16,
            "Y":36.783537,
            "X":127.021439,
            "rank":11.0,
            "area_info":"25평(84.66), 34평(112.51), 34평(112.87), 34평(114.25), 43평(142.36)",
            "last_sales":"2021-12-26,47200.0,34평(114.25)"
        },
        {
            "index":133,
            "아파트명":"대우푸르지오1차",
            "투자타입":"일반",
            "전용면적(m2)":"99.38",
            "전용면적(평)":"30평",
            "법정동주소":"충청남도 아산시 배방읍 공수리 1167",
            "도로명주소":"충청남도 아산시 배방로105번길 31",
            "세대수":80,
            "입주년차":40,
            "용적률점수":"--",
            "건폐율점수":"--",
            "세대당주차수":60,
            "난방방식":30,
            "공급면적":"--",
            "전용률":"--",
            "욕실수":100,
            "현관타입":100,
            "주거총점":68.0,
            "지역구공급총점":0.0,
            "역세권":"NA",
            "30분내 이동가능 거점":"NA",
            "1시간내 이동가능 거점":"NA",
            "교통총점":"NA",
            "백화점":0,
            "아울렛몰":0,
            "대형마트":100,
            "은행":20,
            "병원":30,
            "종합병원":80,
            "공원":80,
            "혐오시설":0,
            "인프라총점":38.4,
            "초등학군":91.27,
            "중학군":48.82,
            "학군총점":57.31,
            "인구수":34.83,
            "인구증감":21.27,
            "인구총점":30.762,
            "일자리":23.9,
            "소득수준":66.53,
            "일자리총점":36.689,
            "가치 총점":53.4875,
            "매매실거래년":20211220.0,
            "매매실거래가":28000.0,
            "전세실거래년":20211009.0,
            "전세실거래가":17000.0,
            "전세가율":60.71,
            "장기전세가율평균":71.95,
            "전세가율거품지수":11.24,
            "검색코드":22534,
            "세대수":893.0,
            "준공년월":"2007-03-29",
            "준공년차":16.0,
            "가까운역이름":"NA",
            "가까운역거리":"NA",
            "역세권여부":"NA",
            "30분이내주요거점역":"NA",
            "1시간이내주요거점역":"NA",
            "3km이내백화점수":0,
            "5km이내아울렛몰수":0,
            "1km이내대형먀트수":2,
            "500m이내은행수":2,
            "500m이내병원수":6,
            "5km이내대형병원수":1,
            "500m이내공원수":1,
            "3km이내혐오시설수":0,
            "초등학교학업성취도":91.27,
            "중학교학업성취도":79.1,
            "용적률":241,
            "건폐율":20,
            "Y":36.770147,
            "X":127.056826,
            "rank":12.0,
            "area_info":"30평(99.38), 34평(112.5), 40평(135.03), 48평(158.74)",
            "last_sales":"2021-12-20,28000.0,30평(99.38)"
        },
        {
            "index":224,
            "아파트명":"오르젠중앙하이츠1차",
            "투자타입":"일반",
            "전용면적(m2)":"96.43",
            "전용면적(평)":"29평",
            "법정동주소":"충청남도 아산시 배방읍 공수리 632",
            "도로명주소":"충청남도 아산시 배방로 58-10",
            "세대수":80,
            "입주년차":40,
            "용적률점수":"--",
            "건폐율점수":"--",
            "세대당주차수":30,
            "난방방식":30,
            "공급면적":"--",
            "전용률":"--",
            "욕실수":100,
            "현관타입":100,
            "주거총점":63.5,
            "지역구공급총점":0.0,
            "역세권":"NA",
            "30분내 이동가능 거점":"NA",
            "1시간내 이동가능 거점":"NA",
            "교통총점":"NA",
            "백화점":0,
            "아울렛몰":0,
            "대형마트":100,
            "은행":20,
            "병원":60,
            "종합병원":80,
            "공원":100,
            "혐오시설":0,
            "인프라총점":42.0,
            "초등학군":91.27,
            "중학군":48.82,
            "학군총점":57.31,
            "인구수":34.83,
            "인구증감":21.27,
            "인구총점":30.762,
            "일자리":23.9,
            "소득수준":66.53,
            "일자리총점":36.689,
            "가치 총점":53.3525,
            "매매실거래년":20211105.0,
            "매매실거래가":32500.0,
            "전세실거래년":20211016.0,
            "전세실거래가":20000.0,
            "전세가율":86.96,
            "장기전세가율평균":71.95,
            "전세가율거품지수":-15.01,
            "검색코드":19091,
            "세대수":702.0,
            "준공년월":"2006-06-30",
            "준공년차":17.0,
            "가까운역이름":"NA",
            "가까운역거리":"NA",
            "역세권여부":"NA",
            "30분이내주요거점역":"NA",
            "1시간이내주요거점역":"NA",
            "3km이내백화점수":0,
            "5km이내아울렛몰수":0,
            "1km이내대형먀트수":2,
            "500m이내은행수":2,
            "500m이내병원수":22,
            "5km이내대형병원수":1,
            "500m이내공원수":3,
            "3km이내혐오시설수":0,
            "초등학교학업성취도":91.27,
            "중학교학업성취도":79.1,
            "용적률":244,
            "건폐율":24,
            "Y":36.772264,
            "X":127.053249,
            "rank":13.0,
            "area_info":"29평(96.43), 33평(111.67), 33평(112.11), 34평(114.36), 45평(149.02)",
            "last_sales":"2021-11-05,32500.0,45평(149.02)"
        },
        {
            "index":149,
            "아파트명":"배방삼정그린코아",
            "투자타입":"일반",
            "전용면적(m2)":"51.34",
            "전용면적(평)":"15평",
            "법정동주소":"충청남도 아산시 배방읍 공수리 282",
            "도로명주소":"충청남도 아산시 모산로126번길 17-7",
            "세대수":100,
            "입주년차":60,
            "용적률점수":"--",
            "건폐율점수":"--",
            "세대당주차수":0,
            "난방방식":30,
            "공급면적":"--",
            "전용률":"--",
            "욕실수":50,
            "현관타입":10,
            "주거총점":56.0,
            "지역구공급총점":0.0,
            "역세권":"NA",
            "30분내 이동가능 거점":"NA",
            "1시간내 이동가능 거점":"NA",
            "교통총점":"NA",
            "백화점":0,
            "아울렛몰":0,
            "대형마트":100,
            "은행":70,
            "병원":60,
            "종합병원":80,
            "공원":100,
            "혐오시설":0,
            "인프라총점":47.0,
            "초등학군":97.88,
            "중학군":48.82,
            "학군총점":58.632,
            "인구수":34.83,
            "인구증감":21.27,
            "인구총점":30.762,
            "일자리":23.9,
            "소득수준":66.53,
            "일자리총점":36.689,
            "가치 총점":53.058,
            "매매실거래년":20220114.0,
            "매매실거래가":10300.0,
            "전세실거래년":20220114.0,
            "전세실거래가":8500.0,
            "전세가율":82.52,
            "장기전세가율평균":71.95,
            "전세가율거품지수":-10.57,
            "검색코드":103779,
            "세대수":2156.0,
            "준공년월":"2012-01-20",
            "준공년차":11.0,
            "가까운역이름":"NA",
            "가까운역거리":"NA",
            "역세권여부":"NA",
            "30분이내주요거점역":"NA",
            "1시간이내주요거점역":"NA",
            "3km이내백화점수":0,
            "5km이내아울렛몰수":0,
            "1km이내대형먀트수":2,
            "500m이내은행수":3,
            "500m이내병원수":16,
            "5km이내대형병원수":1,
            "500m이내공원수":2,
            "3km이내혐오시설수":0,
            "초등학교학업성취도":97.88,
            "중학교학업성취도":79.1,
            "용적률":341,
            "건폐율":21,
            "Y":36.773367,
            "X":127.059375,
            "rank":14.0,
            "area_info":"15평(51.34), 19평(63.36)",
            "last_sales":"2022-01-14,10300.0,15평(51.34)"
        },
        {
            "index":494,
            "아파트명":"동일하이빌",
            "투자타입":"일반",
            "전용면적(m2)":"109.75",
            "전용면적(평)":"33평",
            "법정동주소":"충청남도 아산시 풍기동 440",
            "도로명주소":"충청남도 아산시 남부로 353",
            "세대수":90,
            "입주년차":40,
            "용적률점수":"--",
            "건폐율점수":"--",
            "세대당주차수":60,
            "난방방식":30,
            "공급면적":"--",
            "전용률":"--",
            "욕실수":100,
            "현관타입":100,
            "주거총점":71.5,
            "지역구공급총점":0.0,
            "역세권":"NA",
            "30분내 이동가능 거점":"NA",
            "1시간내 이동가능 거점":"NA",
            "교통총점":"NA",
            "백화점":0,
            "아울렛몰":0,
            "대형마트":100,
            "은행":0,
            "병원":30,
            "종합병원":80,
            "공원":100,
            "혐오시설":0,
            "인프라총점":37.0,
            "초등학군":89.18,
            "중학군":43.72,
            "학군총점":52.812,
            "인구수":34.83,
            "인구증감":21.27,
            "인구총점":30.762,
            "일자리":23.9,
            "소득수준":66.53,
            "일자리총점":36.689,
            "가치 총점":53.028,
            "매매실거래년":20211221.0,
            "매매실거래가":43000.0,
            "전세실거래년":20211013.0,
            "전세실거래가":28000.0,
            "전세가율":88.05,
            "장기전세가율평균":71.95,
            "전세가율거품지수":-16.1,
            "검색코드":26137,
            "세대수":1456.0,
            "준공년월":"2008-01-24",
            "준공년차":15.0,
            "가까운역이름":"NA",
            "가까운역거리":"NA",
            "역세권여부":"NA",
            "30분이내주요거점역":"NA",
            "1시간이내주요거점역":"NA",
            "3km이내백화점수":0,
            "5km이내아울렛몰수":0,
            "1km이내대형먀트수":2,
            "500m이내은행수":0,
            "500m이내병원수":6,
            "5km이내대형병원수":1,
            "500m이내공원수":3,
            "3km이내혐오시설수":0,
            "초등학교학업성취도":89.18,
            "중학교학업성취도":71.8,
            "용적률":240,
            "건폐율":18,
            "Y":36.77404,
            "X":127.021112,
            "rank":15.0,
            "area_info":"33평(109.75), 35평(117.94), 44평(146.3), 44평(147.34)",
            "last_sales":"2021-12-21,43000.0,44평(146.3)"
        },
        {
            "index":195,
            "아파트명":"아산배방6차 한성필하우스",
            "투자타입":"일반",
            "전용면적(m2)":"80.75",
            "전용면적(평)":"24평",
            "법정동주소":"충청남도 아산시 배방읍 공수리 1725",
            "도로명주소":"충청남도 아산시 배방로 127",
            "세대수":50,
            "입주년차":100,
            "용적률점수":"--",
            "건폐율점수":"--",
            "세대당주차수":30,
            "난방방식":30,
            "공급면적":"--",
            "전용률":"--",
            "욕실수":100,
            "현관타입":100,
            "주거총점":65.0,
            "지역구공급총점":0.0,
            "역세권":"NA",
            "30분내 이동가능 거점":"NA",
            "1시간내 이동가능 거점":"NA",
            "교통총점":"NA",
            "백화점":0,
            "아울렛몰":0,
            "대형마트":100,
            "은행":20,
            "병원":30,
            "종합병원":80,
            "공원":100,
            "혐오시설":0,
            "인프라총점":39.0,
            "초등학군":97.88,
            "중학군":48.82,
            "학군총점":58.632,
            "인구수":34.83,
            "인구증감":21.27,
            "인구총점":30.762,
            "일자리":23.9,
            "소득수준":66.53,
            "일자리총점":36.689,
            "가치 총점":53.008,
            "매매실거래년":20211127.0,
            "매매실거래가":30000.0,
            "전세실거래년":20211010.0,
            "전세실거래가":27000.0,
            "전세가율":104.25,
            "장기전세가율평균":71.95,
            "전세가율거품지수":-32.3,
            "검색코드":126375,
            "세대수":511.0,
            "준공년월":"2020-08-01",
            "준공년차":3.0,
            "가까운역이름":"NA",
            "가까운역거리":"NA",
            "역세권여부":"NA",
            "30분이내주요거점역":"NA",
            "1시간이내주요거점역":"NA",
            "3km이내백화점수":0,
            "5km이내아울렛몰수":0,
            "1km이내대형먀트수":2,
            "500m이내은행수":2,
            "500m이내병원수":6,
            "5km이내대형병원수":1,
            "500m이내공원수":2,
            "3km이내혐오시설수":0,
            "초등학교학업성취도":97.88,
            "중학교학업성취도":79.1,
            "용적률":216,
            "건폐율":19,
            "Y":36.770772,
            "X":127.059558,
            "rank":16.0,
            "area_info":"24평(80.75), 24평(81.04), 32평(106.05), 32평(106.65), 34평(112.7)",
            "last_sales":"2021-11-27,30000.0,34평(112.7)"
        },
        {
            "index":409,
            "아파트명":"용화마을신도브래뉴",
            "투자타입":"일반",
            "전용면적(m2)":"91.95",
            "전용면적(평)":"27평",
            "법정동주소":"충청남도 아산시 용화동 1623",
            "도로명주소":"충청남도 아산시 용화고길 90",
            "세대수":90,
            "입주년차":60,
            "용적률점수":"--",
            "건폐율점수":"--",
            "세대당주차수":30,
            "난방방식":30,
            "공급면적":"--",
            "전용률":"--",
            "욕실수":100,
            "현관타입":100,
            "주거총점":71.0,
            "지역구공급총점":0.0,
            "역세권":"NA",
            "30분내 이동가능 거점":"NA",
            "1시간내 이동가능 거점":"NA",
            "교통총점":"NA",
            "백화점":0,
            "아울렛몰":0,
            "대형마트":100,
            "은행":0,
            "병원":30,
            "종합병원":80,
            "공원":100,
            "혐오시설":0,
            "인프라총점":37.0,
            "초등학군":90.49,
            "중학군":43.72,
            "학군총점":53.074,
            "인구수":34.83,
            "인구증감":21.27,
            "인구총점":30.762,
            "일자리":23.9,
            "소득수준":66.53,
            "일자리총점":36.689,
            "가치 총점":52.9185,
            "매매실거래년":20211226.0,
            "매매실거래가":25000.0,
            "전세실거래년":20211218.0,
            "전세실거래가":17500.0,
            "전세가율":70.0,
            "장기전세가율평균":71.95,
            "전세가율거품지수":1.95,
            "검색코드":26912,
            "세대수":940.0,
            "준공년월":"2009-10-08",
            "준공년차":14.0,
            "가까운역이름":"NA",
            "가까운역거리":"NA",
            "역세권여부":"NA",
            "30분이내주요거점역":"NA",
            "1시간이내주요거점역":"NA",
            "3km이내백화점수":0,
            "5km이내아울렛몰수":0,
            "1km이내대형먀트수":2,
            "500m이내은행수":0,
            "500m이내병원수":8,
            "5km이내대형병원수":1,
            "500m이내공원수":2,
            "3km이내혐오시설수":0,
            "초등학교학업성취도":90.49,
            "중학교학업성취도":71.8,
            "용적률":239,
            "건폐율":18,
            "Y":36.772795,
            "X":127.012256,
            "rank":17.0,
            "area_info":"27평(91.95), 35평(118.76), 35평(118.73), 35평(118.91), 49평(163.26)",
            "last_sales":"2021-12-26,25000.0,27평(91.95)"
        },
        {
            "index":72,
            "아파트명":"모종캐슬어울림2단지",
            "투자타입":"일반",
            "전용면적(m2)":"84.41",
            "전용면적(평)":"25평",
            "법정동주소":"충청남도 아산시 모종동 640",
            "도로명주소":"충청남도 아산시 모종로22번길 33",
            "세대수":80,
            "입주년차":80,
            "용적률점수":"--",
            "건폐율점수":"--",
            "세대당주차수":30,
            "난방방식":30,
            "공급면적":"--",
            "전용률":"--",
            "욕실수":100,
            "현관타입":100,
            "주거총점":71.5,
            "지역구공급총점":0.0,
            "역세권":"NA",
            "30분내 이동가능 거점":"NA",
            "1시간내 이동가능 거점":"NA",
            "교통총점":"NA",
            "백화점":0,
            "아울렛몰":0,
            "대형마트":100,
            "은행":0,
            "병원":30,
            "종합병원":80,
            "공원":100,
            "혐오시설":0,
            "인프라총점":37.0,
            "초등학군":85.89,
            "중학군":43.72,
            "학군총점":52.154,
            "인구수":34.83,
            "인구증감":21.27,
            "인구총점":30.762,
            "일자리":23.9,
            "소득수준":66.53,
            "일자리총점":36.689,
            "가치 총점":52.8635,
            "매매실거래년":20211221.0,
            "매매실거래가":50000.0,
            "전세실거래년":20211206.0,
            "전세실거래가":19950.0,
            "전세가율":60.45,
            "장기전세가율평균":71.95,
            "전세가율거품지수":11.5,
            "검색코드":110053,
            "세대수":794.0,
            "준공년월":"2017-06-01",
            "준공년차":6.0,
            "가까운역이름":"NA",
            "가까운역거리":"NA",
            "역세권여부":"NA",
            "30분이내주요거점역":"NA",
            "1시간이내주요거점역":"NA",
            "3km이내백화점수":0,
            "5km이내아울렛몰수":0,
            "1km이내대형먀트수":2,
            "500m이내은행수":0,
            "500m이내병원수":6,
            "5km이내대형병원수":1,
            "500m이내공원수":3,
            "3km이내혐오시설수":0,
            "초등학교학업성취도":85.89,
            "중학교학업성취도":71.8,
            "용적률":221,
            "건폐율":16,
            "Y":36.78144,
            "X":127.022368,
            "rank":18.0,
            "area_info":"25평(84.41), 34평(112.46), 34평(113.08), 34평(114.46), 43평(142.29)",
            "last_sales":"2021-12-21,50000.0,43평(142.29)"
        },
        {
            "index":242,
            "아파트명":"용연마을STX칸4단지",
            "투자타입":"일반",
            "전용면적(m2)":"130.87",
            "전용면적(평)":"39평",
            "법정동주소":"충청남도 아산시 배방읍 장재리 1211",
            "도로명주소":"충청남도 아산시 용연로 53",
            "세대수":0,
            "입주년차":60,
            "용적률점수":"--",
            "건폐율점수":"--",
            "세대당주차수":60,
            "난방방식":100,
            "공급면적":"--",
            "전용률":"--",
            "욕실수":100,
            "현관타입":100,
            "주거총점":51.0,
            "지역구공급총점":0.0,
            "역세권":"NA",
            "30분내 이동가능 거점":"NA",
            "1시간내 이동가능 거점":"NA",
            "교통총점":"NA",
            "백화점":100,
            "아울렛몰":0,
            "대형마트":0,
            "은행":0,
            "병원":0,
            "종합병원":100,
            "공원":80,
            "혐오시설":0,
            "인프라총점":52.4,
            "초등학군":88.76,
            "중학군":45.64,
            "학군총점":54.264,
            "인구수":34.83,
            "인구증감":21.27,
            "인구총점":30.762,
            "일자리":23.9,
            "소득수준":66.53,
            "일자리총점":36.689,
            "가치 총점":52.376,
            "매매실거래년":20210916.0,
            "매매실거래가":56000.0,
            "전세실거래년":20211211.0,
            "전세실거래가":40000.0,
            "전세가율":71.43,
            "장기전세가율평균":71.95,
            "전세가율거품지수":0.52,
            "검색코드":27114,
            "세대수":230.0,
            "준공년월":"2011-02-11",
            "준공년차":12.0,
            "가까운역이름":"NA",
            "가까운역거리":"NA",
            "역세권여부":"NA",
            "30분이내주요거점역":"NA",
            "1시간이내주요거점역":"NA",
            "3km이내백화점수":1,
            "5km이내아울렛몰수":0,
            "1km이내대형먀트수":0,
            "500m이내은행수":0,
            "500m이내병원수":1,
            "5km이내대형병원수":2,
            "500m이내공원수":1,
            "3km이내혐오시설수":0,
            "초등학교학업성취도":88.76,
            "중학교학업성취도":75.6,
            "용적률":199,
            "건폐율":19,
            "Y":36.792222,
            "X":127.091055,
            "rank":19.0,
            "area_info":"39평(130.87), 39평(130.14), 39평(131.45), 39평(131.45), 41평(137.62), 44평(147.78), 44평(147.78)",
            "last_sales":"2021-09-16,56000.0,39평(130.87)"
        },
        {
            "index":84,
            "아파트명":"모종한성필하우스1차",
            "투자타입":"일반",
            "전용면적(m2)":"95.22",
            "전용면적(평)":"28평",
            "법정동주소":"충청남도 아산시 모종동 617",
            "도로명주소":"충청남도 아산시 모종로 21",
            "세대수":80,
            "입주년차":40,
            "용적률점수":"--",
            "건폐율점수":"--",
            "세대당주차수":60,
            "난방방식":30,
            "공급면적":"--",
            "전용률":"--",
            "욕실수":100,
            "현관타입":100,
            "주거총점":68.0,
            "지역구공급총점":0.0,
            "역세권":"NA",
            "30분내 이동가능 거점":"NA",
            "1시간내 이동가능 거점":"NA",
            "교통총점":"NA",
            "백화점":0,
            "아울렛몰":0,
            "대형마트":80,
            "은행":0,
            "병원":60,
            "종합병원":80,
            "공원":100,
            "혐오시설":0,
            "인프라총점":37.0,
            "초등학군":89.02,
            "중학군":44.28,
            "학군총점":53.228,
            "인구수":34.83,
            "인구증감":21.27,
            "인구총점":30.762,
            "일자리":23.9,
            "소득수준":66.53,
            "일자리총점":36.689,
            "가치 총점":51.907,
            "매매실거래년":20211224.0,
            "매매실거래가":41500.0,
            "전세실거래년":20211129.0,
            "전세실거래가":26000.0,
            "전세가율":89.97,
            "장기전세가율평균":71.95,
            "전세가율거품지수":-18.02,
            "검색코드":17770,
            "세대수":769.0,
            "준공년월":"2005-12-12",
            "준공년차":18.0,
            "가까운역이름":"NA",
            "가까운역거리":"NA",
            "역세권여부":"NA",
            "30분이내주요거점역":"NA",
            "1시간이내주요거점역":"NA",
            "3km이내백화점수":0,
            "5km이내아울렛몰수":0,
            "1km이내대형먀트수":1,
            "500m이내은행수":1,
            "500m이내병원수":16,
            "5km이내대형병원수":1,
            "500m이내공원수":4,
            "3km이내혐오시설수":0,
            "초등학교학업성취도":89.02,
            "중학교학업성취도":73.0,
            "용적률":213,
            "건폐율":21,
            "Y":36.785986,
            "X":127.020646,
            "rank":20.0,
            "area_info":"28평(95.22), 34평(114.97), 47평(158.44)",
            "last_sales":"2021-12-24,41500.0,47평(158.44)"
        },
        {
            "index":120,
            "아파트명":"주공",
            "투자타입":"재건축",
            "전용면적(m2)":"45.54",
            "전용면적(평)":"13평",
            "법정동주소":"충청남도 아산시 방축동 57-6",
            "도로명주소":"충청남도 아산시 방축로 21",
            "세대수":50,
            "입주년차":"--",
            "용적률점수":100,
            "건폐율점수":80,
            "세대당주차수":"--",
            "난방방식":"--",
            "공급면적":50,
            "전용률":80,
            "욕실수":"--",
            "현관타입":"--",
            "주거총점":77.5,
            "지역구공급총점":0.0,
            "역세권":"NA",
            "30분내 이동가능 거점":"NA",
            "1시간내 이동가능 거점":"NA",
            "교통총점":"NA",
            "백화점":0,
            "아울렛몰":0,
            "대형마트":100,
            "은행":0,
            "병원":0,
            "종합병원":80,
            "공원":80,
            "혐오시설":0,
            "인프라총점":33.4,
            "초등학군":88.65,
            "중학군":34.44,
            "학군총점":45.282,
            "인구수":34.83,
            "인구증감":21.27,
            "인구총점":30.762,
            "일자리":23.9,
            "소득수준":66.53,
            "일자리총점":36.689,
            "가치 총점":51.8055,
            "매매실거래년":20220103.0,
            "매매실거래가":9500.0,
            "전세실거래년":20211228.0,
            "전세실거래가":7000.0,
            "전세가율":88.61,
            "장기전세가율평균":71.95,
            "전세가율거품지수":-16.66,
            "검색코드":12816,
            "세대수":410.0,
            "준공년월":"1990-08-25",
            "준공년차":33.0,
            "가까운역이름":"NA",
            "가까운역거리":"NA",
            "역세권여부":"NA",
            "30분이내주요거점역":"NA",
            "1시간이내주요거점역":"NA",
            "3km이내백화점수":0,
            "5km이내아울렛몰수":0,
            "1km이내대형먀트수":3,
            "500m이내은행수":0,
            "500m이내병원수":1,
            "5km이내대형병원수":1,
            "500m이내공원수":1,
            "3km이내혐오시설수":0,
            "초등학교학업성취도":88.65,
            "중학교학업성취도":56.8,
            "용적률":92,
            "건폐율":20,
            "Y":36.782695,
            "X":126.989241,
            "rank":21.0,
            "area_info":"13평(45.54), 13평(45.15), 15평(52.86), 15평(52.53)",
            "last_sales":"2022-01-03,9500.0,13평(45.15)"
        },
        {
            "index":499,
            "아파트명":"아산아이파크",
            "투자타입":"일반",
            "전용면적(m2)":"114.79",
            "전용면적(평)":"34평",
            "법정동주소":"충청남도 아산시 풍기동 447",
            "도로명주소":"충청남도 아산시 남부로 321-8",
            "세대수":80,
            "입주년차":40,
            "용적률점수":"--",
            "건폐율점수":"--",
            "세대당주차수":60,
            "난방방식":30,
            "공급면적":"--",
            "전용률":"--",
            "욕실수":100,
            "현관타입":100,
            "주거총점":68.0,
            "지역구공급총점":0.0,
            "역세권":"NA",
            "30분내 이동가능 거점":"NA",
            "1시간내 이동가능 거점":"NA",
            "교통총점":"NA",
            "백화점":0,
            "아울렛몰":0,
            "대형마트":100,
            "은행":0,
            "병원":30,
            "종합병원":80,
            "공원":100,
            "혐오시설":0,
            "인프라총점":37.0,
            "초등학군":89.18,
            "중학군":43.72,
            "학군총점":52.812,
            "인구수":34.83,
            "인구증감":21.27,
            "인구총점":30.762,
            "일자리":23.9,
            "소득수준":66.53,
            "일자리총점":36.689,
            "가치 총점":51.803,
            "매매실거래년":20211124.0,
            "매매실거래가":32000.0,
            "전세실거래년":20211228.0,
            "전세실거래가":27500.0,
            "전세가율":85.94,
            "장기전세가율평균":71.95,
            "전세가율거품지수":-13.99,
            "검색코드":25931,
            "세대수":869.0,
            "준공년월":"2008-01-28",
            "준공년차":15.0,
            "가까운역이름":"NA",
            "가까운역거리":"NA",
            "역세권여부":"NA",
            "30분이내주요거점역":"NA",
            "1시간이내주요거점역":"NA",
            "3km이내백화점수":0,
            "5km이내아울렛몰수":0,
            "1km이내대형먀트수":2,
            "500m이내은행수":0,
            "500m이내병원수":8,
            "5km이내대형병원수":1,
            "500m이내공원수":2,
            "3km이내혐오시설수":0,
            "초등학교학업성취도":89.18,
            "중학교학업성취도":71.8,
            "용적률":243,
            "건폐율":20,
            "Y":36.773209,
            "X":127.017571,
            "rank":22.0,
            "area_info":"34평(114.79), 42평(141.68), 45평(150.01), 54평(179.96)",
            "last_sales":"2021-11-24,32000.0,34평(114.79)"
        },
        {
            "index":468,
            "아파트명":"탕정삼성트라팰리스",
            "투자타입":"일반",
            "전용면적(m2)":"96.28",
            "전용면적(평)":"29평",
            "법정동주소":"충청남도 아산시 탕정면 명암리 809",
            "도로명주소":"충청남도 아산시 탕정면로 37",
            "세대수":100,
            "입주년차":60,
            "용적률점수":"--",
            "건폐율점수":"--",
            "세대당주차수":60,
            "난방방식":100,
            "공급면적":"--",
            "전용률":"--",
            "욕실수":50,
            "현관타입":100,
            "주거총점":81.0,
            "지역구공급총점":0.0,
            "역세권":"NA",
            "30분내 이동가능 거점":"NA",
            "1시간내 이동가능 거점":"NA",
            "교통총점":"NA",
            "백화점":0,
            "아울렛몰":0,
            "대형마트":0,
            "은행":0,
            "병원":30,
            "종합병원":80,
            "공원":80,
            "혐오시설":0,
            "인프라총점":21.4,
            "초등학군":90.48,
            "중학군":50.24,
            "학군총점":58.288,
            "인구수":34.83,
            "인구증감":21.27,
            "인구총점":30.762,
            "일자리":23.9,
            "소득수준":66.53,
            "일자리총점":36.689,
            "가치 총점":51.482,
            "매매실거래년":20211224.0,
            "매매실거래가":83500.0,
            "전세실거래년":20211008.0,
            "전세실거래가":28000.0,
            "전세가율":84.93,
            "장기전세가율평균":71.95,
            "전세가율거품지수":-12.98,
            "검색코드":107921,
            "세대수":3953.0,
            "준공년월":"2009-02-04",
            "준공년차":14.0,
            "가까운역이름":"NA",
            "가까운역거리":"NA",
            "역세권여부":"NA",
            "30분이내주요거점역":"NA",
            "1시간이내주요거점역":"NA",
            "3km이내백화점수":0,
            "5km이내아울렛몰수":0,
            "1km이내대형먀트수":0,
            "500m이내은행수":0,
            "500m이내병원수":6,
            "5km이내대형병원수":1,
            "500m이내공원수":1,
            "3km이내혐오시설수":0,
            "초등학교학업성취도":90.48,
            "중학교학업성취도":82.6,
            "용적률":279,
            "건폐율":15,
            "Y":36.801565,
            "X":127.059579,
            "rank":23.0,
            "area_info":"29평(96.28), 30평(100.36), 32평(108.11), 32평(108.11), 34평(112.91), 34평(114.96), 34평(114.37), 40평(134.61), 41평(136.01), 41평(136.01), 44평(145.89), 44평(146.9), 47평(158.63), 47평(158.63), 50평(168.01), 51평(169.84), 58평(192.63), 62평(205.81), 62평(205.81), 66평(219.2)",
            "last_sales":"2021-12-24,83500.0,58평(192.63)"
        },
        {
            "index":65,
            "아파트명":"모종e-편한세상",
            "투자타입":"일반",
            "전용면적(m2)":"115.02",
            "전용면적(평)":"34평",
            "법정동주소":"충청남도 아산시 모종동 625",
            "도로명주소":"충청남도 아산시 문화로 355",
            "세대수":80,
            "입주년차":40,
            "용적률점수":"--",
            "건폐율점수":"--",
            "세대당주차수":30,
            "난방방식":30,
            "공급면적":"--",
            "전용률":"--",
            "욕실수":100,
            "현관타입":100,
            "주거총점":63.5,
            "지역구공급총점":0.0,
            "역세권":"NA",
            "30분내 이동가능 거점":"NA",
            "1시간내 이동가능 거점":"NA",
            "교통총점":"NA",
            "백화점":0,
            "아울렛몰":0,
            "대형마트":100,
            "은행":0,
            "병원":60,
            "종합병원":80,
            "공원":100,
            "혐오시설":0,
            "인프라총점":40.0,
            "초등학군":85.89,
            "중학군":43.72,
            "학군총점":52.154,
            "인구수":34.83,
            "인구증감":21.27,
            "인구총점":30.762,
            "일자리":23.9,
            "소득수준":66.53,
            "일자리총점":36.689,
            "가치 총점":51.2635,
            "매매실거래년":20220112.0,
            "매매실거래가":31000.0,
            "전세실거래년":20211222.0,
            "전세실거래가":30000.0,
            "전세가율":96.77,
            "장기전세가율평균":71.95,
            "전세가율거품지수":-24.82,
            "검색코드":18505,
            "세대수":754.0,
            "준공년월":"2006-08-29",
            "준공년차":17.0,
            "가까운역이름":"NA",
            "가까운역거리":"NA",
            "역세권여부":"NA",
            "30분이내주요거점역":"NA",
            "1시간이내주요거점역":"NA",
            "3km이내백화점수":0,
            "5km이내아울렛몰수":0,
            "1km이내대형먀트수":3,
            "500m이내은행수":1,
            "500m이내병원수":17,
            "5km이내대형병원수":1,
            "500m이내공원수":5,
            "3km이내혐오시설수":0,
            "초등학교학업성취도":85.89,
            "중학교학업성취도":71.8,
            "용적률":247,
            "건폐율":16,
            "Y":36.780798,
            "X":127.01995,
            "rank":24.0,
            "area_info":"34평(115.02), 44평(147.11)",
            "last_sales":"2022-01-12,31000.0,34평(115.02)"
        },
        {
            "index":145,
            "아파트명":"배방북수마을자이2차",
            "투자타입":"일반",
            "전용면적(m2)":"109.79",
            "전용면적(평)":"33평",
            "법정동주소":"충청남도 아산시 배방읍 북수리 1530",
            "도로명주소":"충청남도 아산시 북수로 116",
            "세대수":80,
            "입주년차":40,
            "용적률점수":"--",
            "건폐율점수":"--",
            "세대당주차수":30,
            "난방방식":30,
            "공급면적":"--",
            "전용률":"--",
            "욕실수":100,
            "현관타입":100,
            "주거총점":63.5,
            "지역구공급총점":0.0,
            "역세권":"NA",
            "30분내 이동가능 거점":"NA",
            "1시간내 이동가능 거점":"NA",
            "교통총점":"NA",
            "백화점":0,
            "아울렛몰":0,
            "대형마트":100,
            "은행":0,
            "병원":30,
            "종합병원":80,
            "공원":100,
            "혐오시설":0,
            "인프라총점":37.0,
            "초등학군":88.88,
            "중학군":48.82,
            "학군총점":56.832,
            "인구수":34.83,
            "인구증감":21.27,
            "인구총점":30.762,
            "일자리":23.9,
            "소득수준":66.53,
            "일자리총점":36.689,
            "가치 총점":51.233,
            "매매실거래년":20211223.0,
            "매매실거래가":38000.0,
            "전세실거래년":20211222.0,
            "전세실거래가":25000.0,
            "전세가율":74.63,
            "장기전세가율평균":71.95,
            "전세가율거품지수":-2.68,
            "검색코드":26042,
            "세대수":712.0,
            "준공년월":"2007-12-24",
            "준공년차":16.0,
            "가까운역이름":"NA",
            "가까운역거리":"NA",
            "역세권여부":"NA",
            "30분이내주요거점역":"NA",
            "1시간이내주요거점역":"NA",
            "3km이내백화점수":0,
            "5km이내아울렛몰수":0,
            "1km이내대형먀트수":2,
            "500m이내은행수":0,
            "500m이내병원수":5,
            "5km이내대형병원수":1,
            "500m이내공원수":5,
            "3km이내혐오시설수":0,
            "초등학교학업성취도":88.88,
            "중학교학업성취도":79.1,
            "용적률":238,
            "건폐율":21,
            "Y":36.772928,
            "X":127.07355,
            "rank":25.0,
            "area_info":"33평(109.79), 33평(109.29), 33평(110.83), 45평(149.89)",
            "last_sales":"2021-12-23,38000.0,45평(149.89)"
        },
        {
            "index":394,
            "아파트명":"아산용화아이파크",
            "투자타입":"일반",
            "전용면적(m2)":"111.99",
            "전용면적(평)":"33평",
            "법정동주소":"충청남도 아산시 용화동 1394",
            "도로명주소":"충청남도 아산시 용화고길 46",
            "세대수":80,
            "입주년차":80,
            "용적률점수":"--",
            "건폐율점수":"--",
            "세대당주차수":30,
            "난방방식":30,
            "공급면적":"--",
            "전용률":"--",
            "욕실수":100,
            "현관타입":100,
            "주거총점":71.5,
            "지역구공급총점":0.0,
            "역세권":"NA",
            "30분내 이동가능 거점":"NA",
            "1시간내 이동가능 거점":"NA",
            "교통총점":"NA",
            "백화점":0,
            "아울렛몰":0,
            "대형마트":80,
            "은행":0,
            "병원":10,
            "종합병원":80,
            "공원":100,
            "혐오시설":0,
            "인프라총점":32.0,
            "초등학군":90.49,
            "중학군":41.04,
            "학군총점":50.93,
            "인구수":34.83,
            "인구증감":21.27,
            "인구총점":30.762,
            "일자리":23.9,
            "소득수준":66.53,
            "일자리총점":36.689,
            "가치 총점":50.5575,
            "매매실거래년":20220103.0,
            "매매실거래가":36000.0,
            "전세실거래년":20211211.0,
            "전세실거래가":33000.0,
            "전세가율":91.67,
            "장기전세가율평균":71.95,
            "전세가율거품지수":-19.72,
            "검색코드":104721,
            "세대수":894.0,
            "준공년월":"2014-07-31",
            "준공년차":9.0,
            "가까운역이름":"NA",
            "가까운역거리":"NA",
            "역세권여부":"NA",
            "30분이내주요거점역":"NA",
            "1시간이내주요거점역":"NA",
            "3km이내백화점수":0,
            "5km이내아울렛몰수":0,
            "1km이내대형먀트수":1,
            "500m이내은행수":0,
            "500m이내병원수":2,
            "5km이내대형병원수":1,
            "500m이내공원수":2,
            "3km이내혐오시설수":0,
            "초등학교학업성취도":90.49,
            "중학교학업성취도":68.0,
            "용적률":241,
            "건폐율":15,
            "Y":36.771671,
            "X":127.007117,
            "rank":26.0,
            "area_info":"33평(111.99), 33평(111.95), 33평(111.68), 34평(112.98), 33평(112.31), 34평(113.37), 42평(141.09)",
            "last_sales":"2022-01-03,36000.0,33평(111.99)"
        },
        {
            "index":205,
            "아파트명":"아산배방우방아이유쉘2단지(민간임대)",
            "투자타입":"일반",
            "전용면적(m2)":"82.87",
            "전용면적(평)":"25평",
            "법정동주소":"충청남도 아산시 배방읍 공수리 1730",
            "도로명주소":"충청남도 아산시 배방로 58-44",
            "세대수":90,
            "입주년차":100,
            "용적률점수":"--",
            "건폐율점수":"--",
            "세대당주차수":30,
            "난방방식":30,
            "공급면적":"--",
            "전용률":"--",
            "욕실수":100,
            "현관타입":100,
            "주거총점":79.0,
            "지역구공급총점":0.0,
            "역세권":"NA",
            "30분내 이동가능 거점":"NA",
            "1시간내 이동가능 거점":"NA",
            "교통총점":"NA",
            "백화점":0,
            "아울렛몰":0,
            "대형마트":0,
            "은행":0,
            "병원":0,
            "종합병원":80,
            "공원":100,
            "혐오시설":0,
            "인프라총점":19.0,
            "초등학군":94.58,
            "중학군":48.82,
            "학군총점":57.972,
            "인구수":34.83,
            "인구증감":21.27,
            "인구총점":30.762,
            "일자리":23.9,
            "소득수준":66.53,
            "일자리총점":36.689,
            "가치 총점":49.743,
            "매매실거래년":"18000101",
            "매매실거래가":null,
            "전세실거래년":null,
            "전세실거래가":null,
            "전세가율":null,
            "장기전세가율평균":71.95,
            "전세가율거품지수":null,
            "검색코드":120761,
            "세대수":1267.0,
            "준공년월":"2021-05-01",
            "준공년차":2.0,
            "가까운역이름":"NA",
            "가까운역거리":"NA",
            "역세권여부":"NA",
            "30분이내주요거점역":"NA",
            "1시간이내주요거점역":"NA",
            "3km이내백화점수":0,
            "5km이내아울렛몰수":0,
            "1km이내대형먀트수":0,
            "500m이내은행수":0,
            "500m이내병원수":0,
            "5km이내대형병원수":1,
            "500m이내공원수":2,
            "3km이내혐오시설수":0,
            "초등학교학업성취도":94.58,
            "중학교학업성취도":79.1,
            "용적률":227,
            "건폐율":18,
            "Y":36.770068,
            "X":127.04906,
            "rank":27.0,
            "area_info":"25평(82.87), 25평(82.69), 25평(83.22), 31평(103.81), 31평(105.01)",
            "last_sales":"1800-01-01,nan,25평(82.87)"
        },
        {
            "index":77,
            "아파트명":"모종캐슬어울림3단지",
            "투자타입":"일반",
            "전용면적(m2)":"79.64",
            "전용면적(평)":"24평",
            "법정동주소":"충청남도 아산시 모종동 643",
            "도로명주소":"충청남도 아산시 모종남로22번길 11",
            "세대수":50,
            "입주년차":80,
            "용적률점수":"--",
            "건폐율점수":"--",
            "세대당주차수":30,
            "난방방식":30,
            "공급면적":"--",
            "전용률":"--",
            "욕실수":100,
            "현관타입":100,
            "주거총점":61.0,
            "지역구공급총점":0.0,
            "역세권":"NA",
            "30분내 이동가능 거점":"NA",
            "1시간내 이동가능 거점":"NA",
            "교통총점":"NA",
            "백화점":0,
            "아울렛몰":0,
            "대형마트":100,
            "은행":0,
            "병원":30,
            "종합병원":80,
            "공원":100,
            "혐오시설":0,
            "인프라총점":37.0,
            "초등학군":85.89,
            "중학군":43.72,
            "학군총점":52.154,
            "인구수":34.83,
            "인구증감":21.27,
            "인구총점":30.762,
            "일자리":23.9,
            "소득수준":66.53,
            "일자리총점":36.689,
            "가치 총점":49.1885,
            "매매실거래년":20211222.0,
            "매매실거래가":58000.0,
            "전세실거래년":20210923.0,
            "전세실거래가":26000.0,
            "전세가율":112.55,
            "장기전세가율평균":71.95,
            "전세가율거품지수":-40.6,
            "검색코드":109538,
            "세대수":516.0,
            "준공년월":"2017-02-01",
            "준공년차":6.0,
            "가까운역이름":"NA",
            "가까운역거리":"NA",
            "역세권여부":"NA",
            "30분이내주요거점역":"NA",
            "1시간이내주요거점역":"NA",
            "3km이내백화점수":0,
            "5km이내아울렛몰수":0,
            "1km이내대형먀트수":2,
            "500m이내은행수":1,
            "500m이내병원수":5,
            "5km이내대형병원수":1,
            "500m이내공원수":2,
            "3km이내혐오시설수":0,
            "초등학교학업성취도":85.89,
            "중학교학업성취도":71.8,
            "용적률":226,
            "건폐율":17,
            "Y":36.779704,
            "X":127.022731,
            "rank":28.0,
            "area_info":"24평(79.64), 25평(84.74), 34평(112.59), 34평(113.65), 34평(113.42), 34평(115.03), 43평(142.31)",
            "last_sales":"2021-12-22,58000.0,43평(142.31)"
        },
        {
            "index":28,
            "아파트명":"충무",
            "투자타입":"재건축",
            "전용면적(m2)":"59.5",
            "전용면적(평)":"17평",
            "법정동주소":"충청남도 아산시 권곡동 443-54",
            "도로명주소":"충청남도 아산시 충무로 83",
            "세대수":0,
            "입주년차":"--",
            "용적률점수":100,
            "건폐율점수":80,
            "세대당주차수":"--",
            "난방방식":"--",
            "공급면적":50,
            "전용률":100,
            "욕실수":"--",
            "현관타입":"--",
            "주거총점":63.5,
            "지역구공급총점":0.0,
            "역세권":"NA",
            "30분내 이동가능 거점":"NA",
            "1시간내 이동가능 거점":"NA",
            "교통총점":"NA",
            "백화점":0,
            "아울렛몰":0,
            "대형마트":80,
            "은행":0,
            "병원":30,
            "종합병원":80,
            "공원":100,
            "혐오시설":0,
            "인프라총점":34.0,
            "초등학군":88.63,
            "중학군":41.52,
            "학군총점":50.942,
            "인구수":34.83,
            "인구증감":21.27,
            "인구총점":30.762,
            "일자리":23.9,
            "소득수준":66.53,
            "일자리총점":36.689,
            "가치 총점":48.5605,
            "매매실거래년":20220112.0,
            "매매실거래가":9000.0,
            "전세실거래년":20200908.0,
            "전세실거래가":5800.0,
            "전세가율":86.44,
            "장기전세가율평균":71.95,
            "전세가율거품지수":-14.49,
            "검색코드":7095,
            "세대수":110.0,
            "준공년월":"1979-01-01",
            "준공년차":44.0,
            "가까운역이름":"NA",
            "가까운역거리":"NA",
            "역세권여부":"NA",
            "30분이내주요거점역":"NA",
            "1시간이내주요거점역":"NA",
            "3km이내백화점수":0,
            "5km이내아울렛몰수":0,
            "1km이내대형먀트수":1,
            "500m이내은행수":1,
            "500m이내병원수":8,
            "5km이내대형병원수":1,
            "500m이내공원수":5,
            "3km이내혐오시설수":0,
            "초등학교학업성취도":88.63,
            "중학교학업성취도":69.0,
            "용적률":107,
            "건폐율":24,
            "Y":36.788641,
            "X":127.00617,
            "rank":29.0,
            "area_info":"17평(59.5), 17평(59.4), 18평(60.1), 21평(72.7), 22평(72.75), 22평(73.4)",
            "last_sales":"2022-01-12,9000.0,21평(72.7)"
        },
        {
            "index":141,
            "아파트명":"배방메이루즈",
            "투자타입":"일반",
            "전용면적(m2)":"82.44",
            "전용면적(평)":"24평",
            "법정동주소":"충청남도 아산시 배방읍 공수리 1717",
            "도로명주소":"충청남도 아산시 북수로25번길 33",
            "세대수":50,
            "입주년차":80,
            "용적률점수":"--",
            "건폐율점수":"--",
            "세대당주차수":0,
            "난방방식":30,
            "공급면적":"--",
            "전용률":"--",
            "욕실수":100,
            "현관타입":100,
            "주거총점":56.5,
            "지역구공급총점":0.0,
            "역세권":"NA",
            "30분내 이동가능 거점":"NA",
            "1시간내 이동가능 거점":"NA",
            "교통총점":"NA",
            "백화점":0,
            "아울렛몰":0,
            "대형마트":100,
            "은행":0,
            "병원":10,
            "종합병원":80,
            "공원":100,
            "혐오시설":0,
            "인프라총점":35.0,
            "초등학군":97.88,
            "중학군":48.82,
            "학군총점":58.632,
            "인구수":34.83,
            "인구증감":21.27,
            "인구총점":30.762,
            "일자리":23.9,
            "소득수준":66.53,
            "일자리총점":36.689,
            "가치 총점":48.433,
            "매매실거래년":20220108.0,
            "매매실거래가":25800.0,
            "전세실거래년":20211027.0,
            "전세실거래가":24000.0,
            "전세가율":93.02,
            "장기전세가율평균":71.95,
            "전세가율거품지수":-21.07,
            "검색코드":109452,
            "세대수":426.0,
            "준공년월":"2017-02-01",
            "준공년차":6.0,
            "가까운역이름":"NA",
            "가까운역거리":"NA",
            "역세권여부":"NA",
            "30분이내주요거점역":"NA",
            "1시간이내주요거점역":"NA",
            "3km이내백화점수":0,
            "5km이내아울렛몰수":0,
            "1km이내대형먀트수":2,
            "500m이내은행수":1,
            "500m이내병원수":4,
            "5km이내대형병원수":1,
            "500m이내공원수":2,
            "3km이내혐오시설수":0,
            "초등학교학업성취도":97.88,
            "중학교학업성취도":79.1,
            "용적률":239,
            "건폐율":18,
            "Y":36.773649,
            "X":127.062082,
            "rank":30.0,
            "area_info":"24평(82.44), 24평(82.14), 25평(83.57), 34평(112.88)",
            "last_sales":"2022-01-08,25800.0,24평(82.44)"
        },
        {
            "index":90,
            "아파트명":"아산모종푸르지오",
            "투자타입":"일반",
            "전용면적(m2)":"95.67",
            "전용면적(평)":"28평",
            "법정동주소":"충청남도 아산시 모종동 628",
            "도로명주소":"충청남도 아산시 문화로 353",
            "세대수":50,
            "입주년차":40,
            "용적률점수":"--",
            "건폐율점수":"--",
            "세대당주차수":30,
            "난방방식":30,
            "공급면적":"--",
            "전용률":"--",
            "욕실수":100,
            "현관타입":100,
            "주거총점":53.0,
            "지역구공급총점":0.0,
            "역세권":"NA",
            "30분내 이동가능 거점":"NA",
            "1시간내 이동가능 거점":"NA",
            "교통총점":"NA",
            "백화점":0,
            "아울렛몰":0,
            "대형마트":100,
            "은행":20,
            "병원":60,
            "종합병원":80,
            "공원":100,
            "혐오시설":0,
            "인프라총점":42.0,
            "초등학군":85.89,
            "중학군":43.72,
            "학군총점":52.154,
            "인구수":34.83,
            "인구증감":21.27,
            "인구총점":30.762,
            "일자리":23.9,
            "소득수준":66.53,
            "일자리총점":36.689,
            "가치 총점":48.3885,
            "매매실거래년":20211203.0,
            "매매실거래가":29500.0,
            "전세실거래년":20211128.0,
            "전세실거래가":26000.0,
            "전세가율":88.14,
            "장기전세가율평균":71.95,
            "전세가율거품지수":-16.19,
            "검색코드":25289,
            "세대수":427.0,
            "준공년월":"2008-07-30",
            "준공년차":15.0,
            "가까운역이름":"NA",
            "가까운역거리":"NA",
            "역세권여부":"NA",
            "30분이내주요거점역":"NA",
            "1시간이내주요거점역":"NA",
            "3km이내백화점수":0,
            "5km이내아울렛몰수":0,
            "1km이내대형먀트수":2,
            "500m이내은행수":2,
            "500m이내병원수":26,
            "5km이내대형병원수":1,
            "500m이내공원수":4,
            "3km이내혐오시설수":0,
            "초등학교학업성취도":85.89,
            "중학교학업성취도":71.8,
            "용적률":224,
            "건폐율":16,
            "Y":36.782481,
            "X":127.019615,
            "rank":31.0,
            "area_info":"28평(95.67), 33평(110.1), 33평(111.57), 40평(133.56)",
            "last_sales":"2021-12-03,29500.0,28평(95.67)"
        },
        {
            "index":178,
            "아파트명":"신라",
            "투자타입":"일반",
            "전용면적(m2)":"55.34",
            "전용면적(평)":"16평",
            "법정동주소":"충청남도 아산시 배방읍 세교리 424-9",
            "도로명주소":"충청남도 아산시 온천대로 2358",
            "세대수":90,
            "입주년차":0,
            "용적률점수":"--",
            "건폐율점수":"--",
            "세대당주차수":0,
            "난방방식":30,
            "공급면적":"--",
            "전용률":"--",
            "욕실수":50,
            "현관타입":10,
            "주거총점":40.5,
            "지역구공급총점":0.0,
            "역세권":"NA",
            "30분내 이동가능 거점":"NA",
            "1시간내 이동가능 거점":"NA",
            "교통총점":"NA",
            "백화점":100,
            "아울렛몰":0,
            "대형마트":0,
            "은행":0,
            "병원":10,
            "종합병원":100,
            "공원":0,
            "혐오시설":0,
            "인프라총점":51.0,
            "초등학군":91.48,
            "중학군":45.64,
            "학군총점":54.808,
            "인구수":34.83,
            "인구증감":21.27,
            "인구총점":30.762,
            "일자리":23.9,
            "소득수준":66.53,
            "일자리총점":36.689,
            "가치 총점":48.277,
            "매매실거래년":20211221.0,
            "매매실거래가":9500.0,
            "전세실거래년":20211228.0,
            "전세실거래가":7000.0,
            "전세가율":73.68,
            "장기전세가율평균":71.95,
            "전세가율거품지수":-1.73,
            "검색코드":10785,
            "세대수":960.0,
            "준공년월":"1997-10-23",
            "준공년차":26.0,
            "가까운역이름":"NA",
            "가까운역거리":"NA",
            "역세권여부":"NA",
            "30분이내주요거점역":"NA",
            "1시간이내주요거점역":"NA",
            "3km이내백화점수":1,
            "5km이내아울렛몰수":0,
            "1km이내대형먀트수":0,
            "500m이내은행수":0,
            "500m이내병원수":4,
            "5km이내대형병원수":2,
            "500m이내공원수":0,
            "3km이내혐오시설수":0,
            "초등학교학업성취도":91.48,
            "중학교학업성취도":75.6,
            "용적률":259,
            "건폐율":19,
            "Y":36.781288,
            "X":127.094298,
            "rank":32.0,
            "area_info":"16평(55.34), 20평(69.42), 25평(82.96)",
            "last_sales":"2021-12-21,9500.0,16평(55.34)"
        },
        {
            "index":5,
            "아파트명":"서해그랑블2단지",
            "투자타입":"일반",
            "전용면적(m2)":"113.2",
            "전용면적(평)":"34평",
            "법정동주소":"충청남도 아산시 권곡동 96-1",
            "도로명주소":"충청남도 아산시 문화로 257-24",
            "세대수":50,
            "입주년차":60,
            "용적률점수":"--",
            "건폐율점수":"--",
            "세대당주차수":60,
            "난방방식":30,
            "공급면적":"--",
            "전용률":"--",
            "욕실수":100,
            "현관타입":100,
            "주거총점":61.5,
            "지역구공급총점":0.0,
            "역세권":"NA",
            "30분내 이동가능 거점":"NA",
            "1시간내 이동가능 거점":"NA",
            "교통총점":"NA",
            "백화점":0,
            "아울렛몰":0,
            "대형마트":80,
            "은행":0,
            "병원":10,
            "종합병원":80,
            "공원":100,
            "혐오시설":0,
            "인프라총점":32.0,
            "초등학군":89.47,
            "중학군":44.28,
            "학군총점":53.318,
            "인구수":34.83,
            "인구증감":21.27,
            "인구총점":30.762,
            "일자리":23.9,
            "소득수준":66.53,
            "일자리총점":36.689,
            "가치 총점":47.6545,
            "매매실거래년":20211016.0,
            "매매실거래가":29800.0,
            "전세실거래년":20211027.0,
            "전세실거래가":25000.0,
            "전세가율":83.89,
            "장기전세가율평균":71.95,
            "전세가율거품지수":-11.94,
            "검색코드":26893,
            "세대수":537.0,
            "준공년월":"2009-05-01",
            "준공년차":14.0,
            "가까운역이름":"NA",
            "가까운역거리":"NA",
            "역세권여부":"NA",
            "30분이내주요거점역":"NA",
            "1시간이내주요거점역":"NA",
            "3km이내백화점수":0,
            "5km이내아울렛몰수":0,
            "1km이내대형먀트수":1,
            "500m이내은행수":0,
            "500m이내병원수":2,
            "5km이내대형병원수":1,
            "500m이내공원수":2,
            "3km이내혐오시설수":0,
            "초등학교학업성취도":89.47,
            "중학교학업성취도":73.0,
            "용적률":218,
            "건폐율":19,
            "Y":36.790673,
            "X":127.01755,
            "rank":33.0,
            "area_info":"34평(113.2), 34평(113.69), 34평(114.72), 34평(115.69), 43평(143.89)",
            "last_sales":"2021-10-16,29800.0,34평(113.2)"
        },
        {
            "index":210,
            "아파트명":"아산한도",
            "투자타입":"일반",
            "전용면적(m2)":"57.63",
            "전용면적(평)":"17평",
            "법정동주소":"충청남도 아산시 배방읍 공수리 282-5",
            "도로명주소":"충청남도 아산시 모산로126번길 17-26",
            "세대수":90,
            "입주년차":0,
            "용적률점수":"--",
            "건폐율점수":"--",
            "세대당주차수":0,
            "난방방식":30,
            "공급면적":"--",
            "전용률":"--",
            "욕실수":50,
            "현관타입":100,
            "주거총점":49.5,
            "지역구공급총점":0.0,
            "역세권":"NA",
            "30분내 이동가능 거점":"NA",
            "1시간내 이동가능 거점":"NA",
            "교통총점":"NA",
            "백화점":0,
            "아울렛몰":0,
            "대형마트":100,
            "은행":20,
            "병원":30,
            "종합병원":80,
            "공원":100,
            "혐오시설":0,
            "인프라총점":39.0,
            "초등학군":97.88,
            "중학군":48.82,
            "학군총점":58.632,
            "인구수":34.83,
            "인구증감":21.27,
            "인구총점":30.762,
            "일자리":23.9,
            "소득수준":66.53,
            "일자리총점":36.689,
            "가치 총점":47.583,
            "매매실거래년":20211221.0,
            "매매실거래가":14000.0,
            "전세실거래년":20211220.0,
            "전세실거래가":6300.0,
            "전세가율":87.5,
            "장기전세가율평균":71.95,
            "전세가율거품지수":-15.55,
            "검색코드":11869,
            "세대수":922.0,
            "준공년월":"1997-06-27",
            "준공년차":26.0,
            "가까운역이름":"NA",
            "가까운역거리":"NA",
            "역세권여부":"NA",
            "30분이내주요거점역":"NA",
            "1시간이내주요거점역":"NA",
            "3km이내백화점수":0,
            "5km이내아울렛몰수":0,
            "1km이내대형먀트수":2,
            "500m이내은행수":2,
            "500m이내병원수":9,
            "5km이내대형병원수":1,
            "500m이내공원수":3,
            "3km이내혐오시설수":0,
            "초등학교학업성취도":97.88,
            "중학교학업성취도":79.1,
            "용적률":0,
            "건폐율":0,
            "Y":36.772039,
            "X":127.060152,
            "rank":34.0,
            "area_info":"17평(57.63), 25평(85.27), 32평(106.89)",
            "last_sales":"2021-12-21,14000.0,25평(85.27)"
        },
        {
            "index":87,
            "아파트명":"모종한성필하우스2차",
            "투자타입":"일반",
            "전용면적(m2)":"101.09",
            "전용면적(평)":"30평",
            "법정동주소":"충청남도 아산시 모종동 632",
            "도로명주소":"충청남도 아산시 모종로 22",
            "세대수":30,
            "입주년차":60,
            "용적률점수":"--",
            "건폐율점수":"--",
            "세대당주차수":30,
            "난방방식":30,
            "공급면적":"--",
            "전용률":"--",
            "욕실수":100,
            "현관타입":100,
            "주거총점":50.0,
            "지역구공급총점":0.0,
            "역세권":"NA",
            "30분내 이동가능 거점":"NA",
            "1시간내 이동가능 거점":"NA",
            "교통총점":"NA",
            "백화점":0,
            "아울렛몰":0,
            "대형마트":100,
            "은행":20,
            "병원":60,
            "종합병원":80,
            "공원":100,
            "혐오시설":0,
            "인프라총점":42.0,
            "초등학군":85.89,
            "중학군":44.28,
            "학군총점":52.602,
            "인구수":34.83,
            "인구증감":21.27,
            "인구총점":30.762,
            "일자리":23.9,
            "소득수준":66.53,
            "일자리총점":36.689,
            "가치 총점":47.4505,
            "매매실거래년":20211225.0,
            "매매실거래가":33300.0,
            "전세실거래년":20211226.0,
            "전세실거래가":29000.0,
            "전세가율":87.09,
            "장기전세가율평균":71.95,
            "전세가율거품지수":-15.14,
            "검색코드":100733,
            "세대수":374.0,
            "준공년월":"2010-04-29",
            "준공년차":13.0,
            "가까운역이름":"NA",
            "가까운역거리":"NA",
            "역세권여부":"NA",
            "30분이내주요거점역":"NA",
            "1시간이내주요거점역":"NA",
            "3km이내백화점수":0,
            "5km이내아울렛몰수":0,
            "1km이내대형먀트수":2,
            "500m이내은행수":2,
            "500m이내병원수":27,
            "5km이내대형병원수":1,
            "500m이내공원수":4,
            "3km이내혐오시설수":0,
            "초등학교학업성취도":85.89,
            "중학교학업성취도":73.0,
            "용적률":223,
            "건폐율":23,
            "Y":36.783799,
            "X":127.018825,
            "rank":35.0,
            "area_info":"30평(101.09), 30평(102.39), 35평(117.23)",
            "last_sales":"2021-12-25,33300.0,30평(101.09)"
        },
        {
            "index":175,
            "아파트명":"센텀시티한양수자인",
            "투자타입":"일반",
            "전용면적(m2)":"82.6",
            "전용면적(평)":"24평",
            "법정동주소":"충청남도 아산시 배방읍 공수리 1723",
            "도로명주소":"충청남도 아산시 북수로 33",
            "세대수":30,
            "입주년차":100,
            "용적률점수":"--",
            "건폐율점수":"--",
            "세대당주차수":0,
            "난방방식":30,
            "공급면적":"--",
            "전용률":"--",
            "욕실수":100,
            "현관타입":100,
            "주거총점":53.5,
            "지역구공급총점":0.0,
            "역세권":"NA",
            "30분내 이동가능 거점":"NA",
            "1시간내 이동가능 거점":"NA",
            "교통총점":"NA",
            "백화점":0,
            "아울렛몰":0,
            "대형마트":100,
            "은행":0,
            "병원":10,
            "종합병원":80,
            "공원":100,
            "혐오시설":0,
            "인프라총점":35.0,
            "초등학군":97.88,
            "중학군":48.82,
            "학군총점":58.632,
            "인구수":34.83,
            "인구증감":21.27,
            "인구총점":30.762,
            "일자리":23.9,
            "소득수준":66.53,
            "일자리총점":36.689,
            "가치 총점":47.383,
            "매매실거래년":20211223.0,
            "매매실거래가":29500.0,
            "전세실거래년":20211216.0,
            "전세실거래가":19000.0,
            "전세가율":69.09,
            "장기전세가율평균":71.95,
            "전세가율거품지수":2.86,
            "검색코드":126596,
            "세대수":334.0,
            "준공년월":"2019-07-19",
            "준공년차":4.0,
            "가까운역이름":"NA",
            "가까운역거리":"NA",
            "역세권여부":"NA",
            "30분이내주요거점역":"NA",
            "1시간이내주요거점역":"NA",
            "3km이내백화점수":0,
            "5km이내아울렛몰수":0,
            "1km이내대형먀트수":2,
            "500m이내은행수":1,
            "500m이내병원수":3,
            "5km이내대형병원수":1,
            "500m이내공원수":3,
            "3km이내혐오시설수":0,
            "초등학교학업성취도":97.88,
            "중학교학업성취도":79.1,
            "용적률":0,
            "건폐율":0,
            "Y":36.773965,
            "X":127.063675,
            "rank":36.0,
            "area_info":"24평(82.6), 25평(84.17), 29평(96.47)",
            "last_sales":"2021-12-23,29500.0,29평(96.47)"
        },
        {
            "index":183,
            "아파트명":"아산배방3차한성필하우스",
            "투자타입":"일반",
            "전용면적(m2)":"84.65",
            "전용면적(평)":"25평",
            "법정동주소":"충청남도 아산시 배방읍 공수리 1486",
            "도로명주소":"충청남도 아산시 모산로 51",
            "세대수":80,
            "입주년차":80,
            "용적률점수":"--",
            "건폐율점수":"--",
            "세대당주차수":30,
            "난방방식":30,
            "공급면적":"--",
            "전용률":"--",
            "욕실수":100,
            "현관타입":100,
            "주거총점":71.5,
            "지역구공급총점":0.0,
            "역세권":"NA",
            "30분내 이동가능 거점":"NA",
            "1시간내 이동가능 거점":"NA",
            "교통총점":"NA",
            "백화점":0,
            "아울렛몰":0,
            "대형마트":0,
            "은행":0,
            "병원":0,
            "종합병원":80,
            "공원":100,
            "혐오시설":0,
            "인프라총점":19.0,
            "초등학군":94.58,
            "중학군":48.82,
            "학군총점":57.972,
            "인구수":34.83,
            "인구증감":21.27,
            "인구총점":30.762,
            "일자리":23.9,
            "소득수준":66.53,
            "일자리총점":36.689,
            "가치 총점":47.118,
            "매매실거래년":20211217.0,
            "매매실거래가":29800.0,
            "전세실거래년":20211215.0,
            "전세실거래가":19950.0,
            "전세가율":61.2,
            "장기전세가율평균":71.95,
            "전세가율거품지수":10.75,
            "검색코드":110532,
            "세대수":711.0,
            "준공년월":"2017-10-01",
            "준공년차":6.0,
            "가까운역이름":"NA",
            "가까운역거리":"NA",
            "역세권여부":"NA",
            "30분이내주요거점역":"NA",
            "1시간이내주요거점역":"NA",
            "3km이내백화점수":0,
            "5km이내아울렛몰수":0,
            "1km이내대형먀트수":0,
            "500m이내은행수":0,
            "500m이내병원수":0,
            "5km이내대형병원수":1,
            "500m이내공원수":2,
            "3km이내혐오시설수":0,
            "초등학교학업성취도":94.58,
            "중학교학업성취도":79.1,
            "용적률":218,
            "건폐율":21,
            "Y":36.773798,
            "X":127.047932,
            "rank":37.0,
            "area_info":"25평(84.65), 25평(85.11), 25평(85.67), 26평(86.34), 32평(105.81), 32평(106.43), 32평(106.75)",
            "last_sales":"2021-12-17,29800.0,26평(86.34)"
        },
        {
            "index":401,
            "아파트명":"아산용화엘크루",
            "투자타입":"일반",
            "전용면적(m2)":"85.55",
            "전용면적(평)":"25평",
            "법정동주소":"충청남도 아산시 용화동 1395",
            "도로명주소":"충청남도 아산시 어의정로 92-7",
            "세대수":50,
            "입주년차":80,
            "용적률점수":"--",
            "건폐율점수":"--",
            "세대당주차수":30,
            "난방방식":30,
            "공급면적":"--",
            "전용률":"--",
            "욕실수":100,
            "현관타입":100,
            "주거총점":61.0,
            "지역구공급총점":0.0,
            "역세권":"NA",
            "30분내 이동가능 거점":"NA",
            "1시간내 이동가능 거점":"NA",
            "교통총점":"NA",
            "백화점":0,
            "아울렛몰":0,
            "대형마트":80,
            "은행":0,
            "병원":10,
            "종합병원":80,
            "공원":100,
            "혐오시설":0,
            "인프라총점":32.0,
            "초등학군":90.49,
            "중학군":41.04,
            "학군총점":50.93,
            "인구수":34.83,
            "인구증감":21.27,
            "인구총점":30.762,
            "일자리":23.9,
            "소득수준":66.53,
            "일자리총점":36.689,
            "가치 총점":46.8825,
            "매매실거래년":20211108.0,
            "매매실거래가":31000.0,
            "전세실거래년":20220106.0,
            "전세실거래가":18900.0,
            "전세가율":76.52,
            "장기전세가율평균":71.95,
            "전세가율거품지수":-4.57,
            "검색코드":104993,
            "세대수":511.0,
            "준공년월":"2014-09-04",
            "준공년차":9.0,
            "가까운역이름":"NA",
            "가까운역거리":"NA",
            "역세권여부":"NA",
            "30분이내주요거점역":"NA",
            "1시간이내주요거점역":"NA",
            "3km이내백화점수":0,
            "5km이내아울렛몰수":0,
            "1km이내대형먀트수":1,
            "500m이내은행수":0,
            "500m이내병원수":3,
            "5km이내대형병원수":1,
            "500m이내공원수":2,
            "3km이내혐오시설수":0,
            "초등학교학업성취도":90.49,
            "중학교학업성취도":68.0,
            "용적률":225,
            "건폐율":17,
            "Y":36.773569,
            "X":127.006712,
            "rank":38.0,
            "area_info":"25평(85.55), 26평(86.07), 29평(98.72), 29평(99.15), 34평(112.91), 34평(113.14)",
            "last_sales":"2021-11-08,31000.0,29평(99.15)"
        },
        {
            "index":190,
            "아파트명":"아산배방5차한성필하우스",
            "투자타입":"일반",
            "전용면적(m2)":"101.72",
            "전용면적(평)":"30평",
            "법정동주소":"충청남도 아산시 배방읍 공수리 1675",
            "도로명주소":"충청남도 아산시 모산로 52",
            "세대수":50,
            "입주년차":80,
            "용적률점수":"--",
            "건폐율점수":"--",
            "세대당주차수":60,
            "난방방식":30,
            "공급면적":"--",
            "전용률":"--",
            "욕실수":100,
            "현관타입":100,
            "주거총점":65.5,
            "지역구공급총점":0.0,
            "역세권":"NA",
            "30분내 이동가능 거점":"NA",
            "1시간내 이동가능 거점":"NA",
            "교통총점":"NA",
            "백화점":0,
            "아울렛몰":0,
            "대형마트":0,
            "은행":0,
            "병원":30,
            "종합병원":80,
            "공원":100,
            "혐오시설":0,
            "인프라총점":22.0,
            "초등학군":94.58,
            "중학군":48.82,
            "학군총점":57.972,
            "인구수":34.83,
            "인구증감":21.27,
            "인구총점":30.762,
            "일자리":23.9,
            "소득수준":66.53,
            "일자리총점":36.689,
            "가치 총점":46.218,
            "매매실거래년":20211104.0,
            "매매실거래가":46000.0,
            "전세실거래년":20211106.0,
            "전세실거래가":33000.0,
            "전세가율":78.76,
            "장기전세가율평균":71.95,
            "전세가율거품지수":-6.81,
            "검색코드":113089,
            "세대수":467.0,
            "준공년월":"2018-11-01",
            "준공년차":5.0,
            "가까운역이름":"NA",
            "가까운역거리":"NA",
            "역세권여부":"NA",
            "30분이내주요거점역":"NA",
            "1시간이내주요거점역":"NA",
            "3km이내백화점수":0,
            "5km이내아울렛몰수":0,
            "1km이내대형먀트수":0,
            "500m이내은행수":0,
            "500m이내병원수":8,
            "5km이내대형병원수":1,
            "500m이내공원수":2,
            "3km이내혐오시설수":0,
            "초등학교학업성취도":94.58,
            "중학교학업성취도":79.1,
            "용적률":225,
            "건폐율":23,
            "Y":36.772697,
            "X":127.048964,
            "rank":39.0,
            "area_info":"30평(101.72), 33평(112.32), 34평(112.53), 34평(112.83), 34평(113.19)",
            "last_sales":"2021-11-04,46000.0,33평(112.32)"
        },
        {
            "index":0,
            "아파트명":"삼부르네상스",
            "투자타입":"일반",
            "전용면적(m2)":"118.28",
            "전용면적(평)":"35평",
            "법정동주소":"충청남도 아산시 권곡동 610",
            "도로명주소":"충청남도 아산시 문화로243번길 13",
            "세대수":50,
            "입주년차":40,
            "용적률점수":"--",
            "건폐율점수":"--",
            "세대당주차수":60,
            "난방방식":30,
            "공급면적":"--",
            "전용률":"--",
            "욕실수":100,
            "현관타입":100,
            "주거총점":57.5,
            "지역구공급총점":0.0,
            "역세권":"NA",
            "30분내 이동가능 거점":"NA",
            "1시간내 이동가능 거점":"NA",
            "교통총점":"NA",
            "백화점":0,
            "아울렛몰":0,
            "대형마트":80,
            "은행":0,
            "병원":10,
            "종합병원":80,
            "공원":100,
            "혐오시설":0,
            "인프라총점":32.0,
            "초등학군":88.63,
            "중학군":44.28,
            "학군총점":53.15,
            "인구수":34.83,
            "인구증감":21.27,
            "인구총점":30.762,
            "일자리":23.9,
            "소득수준":66.53,
            "일자리총점":36.689,
            "가치 총점":46.2125,
            "매매실거래년":20211227.0,
            "매매실거래가":26000.0,
            "전세실거래년":20211205.0,
            "전세실거래가":14700.0,
            "전세가율":56.54,
            "장기전세가율평균":71.95,
            "전세가율거품지수":15.41,
            "검색코드":19087,
            "세대수":498.0,
            "준공년월":"2005-11-09",
            "준공년차":18.0,
            "가까운역이름":"NA",
            "가까운역거리":"NA",
            "역세권여부":"NA",
            "30분이내주요거점역":"NA",
            "1시간이내주요거점역":"NA",
            "3km이내백화점수":0,
            "5km이내아울렛몰수":0,
            "1km이내대형먀트수":1,
            "500m이내은행수":0,
            "500m이내병원수":3,
            "5km이내대형병원수":1,
            "500m이내공원수":5,
            "3km이내혐오시설수":0,
            "초등학교학업성취도":88.63,
            "중학교학업성취도":73.0,
            "용적률":248,
            "건폐율":21,
            "Y":36.790899,
            "X":127.012225,
            "rank":40.0,
            "area_info":"35평(118.28), 43평(145.34)",
            "last_sales":"2021-12-27,26000.0,35평(118.28)"
        },
        {
            "index":2,
            "아파트명":"서해그랑블1단지",
            "투자타입":"일반",
            "전용면적(m2)":"95.5",
            "전용면적(평)":"28평",
            "법정동주소":"충청남도 아산시 권곡동 169-1",
            "도로명주소":"충청남도 아산시 문화로 257-20",
            "세대수":50,
            "입주년차":60,
            "용적률점수":"--",
            "건폐율점수":"--",
            "세대당주차수":30,
            "난방방식":30,
            "공급면적":"--",
            "전용률":"--",
            "욕실수":100,
            "현관타입":100,
            "주거총점":57.0,
            "지역구공급총점":0.0,
            "역세권":"NA",
            "30분내 이동가능 거점":"NA",
            "1시간내 이동가능 거점":"NA",
            "교통총점":"NA",
            "백화점":0,
            "아울렛몰":0,
            "대형마트":80,
            "은행":0,
            "병원":10,
            "종합병원":80,
            "공원":100,
            "혐오시설":0,
            "인프라총점":32.0,
            "초등학군":88.63,
            "중학군":44.28,
            "학군총점":53.15,
            "인구수":34.83,
            "인구증감":21.27,
            "인구총점":30.762,
            "일자리":23.9,
            "소득수준":66.53,
            "일자리총점":36.689,
            "가치 총점":46.0375,
            "매매실거래년":20211009.0,
            "매매실거래가":29300.0,
            "전세실거래년":20211212.0,
            "전세실거래가":18000.0,
            "전세가율":72.29,
            "장기전세가율평균":71.95,
            "전세가율거품지수":-0.34,
            "검색코드":26892,
            "세대수":506.0,
            "준공년월":"2009-05-01",
            "준공년차":14.0,
            "가까운역이름":"NA",
            "가까운역거리":"NA",
            "역세권여부":"NA",
            "30분이내주요거점역":"NA",
            "1시간이내주요거점역":"NA",
            "3km이내백화점수":0,
            "5km이내아울렛몰수":0,
            "1km이내대형먀트수":1,
            "500m이내은행수":0,
            "500m이내병원수":2,
            "5km이내대형병원수":1,
            "500m이내공원수":2,
            "3km이내혐오시설수":0,
            "초등학교학업성취도":88.63,
            "중학교학업성취도":73.0,
            "용적률":227,
            "건폐율":21,
            "Y":36.789923,
            "X":127.016159,
            "rank":41.0,
            "area_info":"28평(95.5), 34평(112.82), 34평(113.31)",
            "last_sales":"2021-10-09,29300.0,34평(113.31)"
        },
        {
            "index":366,
            "아파트명":"온양힐스테이트",
            "투자타입":"일반",
            "전용면적(m2)":"115.76",
            "전용면적(평)":"35평",
            "법정동주소":"충청남도 아산시 온천동 1910",
            "도로명주소":"충청남도 아산시 남산로 126",
            "세대수":50,
            "입주년차":40,
            "용적률점수":"--",
            "건폐율점수":"--",
            "세대당주차수":30,
            "난방방식":30,
            "공급면적":"--",
            "전용률":"--",
            "욕실수":100,
            "현관타입":100,
            "주거총점":53.0,
            "지역구공급총점":0.0,
            "역세권":"NA",
            "30분내 이동가능 거점":"NA",
            "1시간내 이동가능 거점":"NA",
            "교통총점":"NA",
            "백화점":0,
            "아울렛몰":0,
            "대형마트":80,
            "은행":0,
            "병원":60,
            "종합병원":80,
            "공원":100,
            "혐오시설":0,
            "인프라총점":37.0,
            "초등학군":87.84,
            "중학군":41.04,
            "학군총점":50.4,
            "인구수":34.83,
            "인구증감":21.27,
            "인구총점":30.762,
            "일자리":23.9,
            "소득수준":66.53,
            "일자리총점":36.689,
            "가치 총점":45.95,
            "매매실거래년":20211023.0,
            "매매실거래가":38500.0,
            "전세실거래년":20210812.0,
            "전세실거래가":25000.0,
            "전세가율":83.33,
            "장기전세가율평균":71.95,
            "전세가율거품지수":-11.38,
            "검색코드":17414,
            "세대수":533.0,
            "준공년월":"2006-03-17",
            "준공년차":17.0,
            "가까운역이름":"NA",
            "가까운역거리":"NA",
            "역세권여부":"NA",
            "30분이내주요거점역":"NA",
            "1시간이내주요거점역":"NA",
            "3km이내백화점수":0,
            "5km이내아울렛몰수":0,
            "1km이내대형먀트수":1,
            "500m이내은행수":1,
            "500m이내병원수":25,
            "5km이내대형병원수":1,
            "500m이내공원수":2,
            "3km이내혐오시설수":0,
            "초등학교학업성취도":87.84,
            "중학교학업성취도":68.0,
            "용적률":239,
            "건폐율":20,
            "Y":36.77823,
            "X":127.006876,
            "rank":42.0,
            "area_info":"35평(115.76), 35평(115.77), 35평(116.04), 47평(156.1), 47평(157.4)",
            "last_sales":"2021-10-23,38500.0,47평(157.4)"
        },
        {
            "index":107,
            "아파트명":"방축현대",
            "투자타입":"재건축",
            "전용면적(m2)":"89.66",
            "전용면적(평)":"27평",
            "법정동주소":"충청남도 아산시 방축동 55-11",
            "도로명주소":"충청남도 아산시 방축로 8",
            "세대수":0,
            "입주년차":"--",
            "용적률점수":100,
            "건폐율점수":80,
            "세대당주차수":"--",
            "난방방식":"--",
            "공급면적":70,
            "전용률":80,
            "욕실수":"--",
            "현관타입":"--",
            "주거총점":63.5,
            "지역구공급총점":0.0,
            "역세권":"NA",
            "30분내 이동가능 거점":"NA",
            "1시간내 이동가능 거점":"NA",
            "교통총점":"NA",
            "백화점":0,
            "아울렛몰":0,
            "대형마트":100,
            "은행":0,
            "병원":0,
            "종합병원":80,
            "공원":0,
            "혐오시설":0,
            "인프라총점":31.0,
            "초등학군":88.65,
            "중학군":34.44,
            "학군총점":45.282,
            "인구수":34.83,
            "인구증감":21.27,
            "인구총점":30.762,
            "일자리":23.9,
            "소득수준":66.53,
            "일자리총점":36.689,
            "가치 총점":45.9455,
            "매매실거래년":20220114.0,
            "매매실거래가":12300.0,
            "전세실거래년":20210611.0,
            "전세실거래가":7000.0,
            "전세가율":70.0,
            "장기전세가율평균":71.95,
            "전세가율거품지수":1.95,
            "검색코드":7109,
            "세대수":170.0,
            "준공년월":"1991-04-27",
            "준공년차":32.0,
            "가까운역이름":"NA",
            "가까운역거리":"NA",
            "역세권여부":"NA",
            "30분이내주요거점역":"NA",
            "1시간이내주요거점역":"NA",
            "3km이내백화점수":0,
            "5km이내아울렛몰수":0,
            "1km이내대형먀트수":3,
            "500m이내은행수":0,
            "500m이내병원수":1,
            "5km이내대형병원수":1,
            "500m이내공원수":0,
            "3km이내혐오시설수":0,
            "초등학교학업성취도":88.65,
            "중학교학업성취도":56.8,
            "용적률":129,
            "건폐율":23,
            "Y":36.781027,
            "X":126.98812,
            "rank":43.0,
            "area_info":"27평(89.66), 31평(103.27), 31평(103.96), 31평(103.77)",
            "last_sales":"2022-01-14,12300.0,31평(103.27)"
        },
        {
            "index":151,
            "아파트명":"배방역효성해링턴플레이스",
            "투자타입":"일반",
            "전용면적(m2)":"81.75",
            "전용면적(평)":"24평",
            "법정동주소":"충청남도 아산시 배방읍 공수리 1487",
            "도로명주소":"충청남도 아산시 모산로 67",
            "세대수":50,
            "입주년차":80,
            "용적률점수":"--",
            "건폐율점수":"--",
            "세대당주차수":30,
            "난방방식":30,
            "공급면적":"--",
            "전용률":"--",
            "욕실수":100,
            "현관타입":100,
            "주거총점":61.0,
            "지역구공급총점":0.0,
            "역세권":"NA",
            "30분내 이동가능 거점":"NA",
            "1시간내 이동가능 거점":"NA",
            "교통총점":"NA",
            "백화점":0,
            "아울렛몰":0,
            "대형마트":0,
            "은행":0,
            "병원":60,
            "종합병원":80,
            "공원":100,
            "혐오시설":0,
            "인프라총점":25.0,
            "초등학군":94.58,
            "중학군":48.82,
            "학군총점":57.972,
            "인구수":34.83,
            "인구증감":21.27,
            "인구총점":30.762,
            "일자리":23.9,
            "소득수준":66.53,
            "일자리총점":36.689,
            "가치 총점":45.843,
            "매매실거래년":20220102.0,
            "매매실거래가":30800.0,
            "전세실거래년":20211215.0,
            "전세실거래가":26500.0,
            "전세가율":86.04,
            "장기전세가율평균":71.95,
            "전세가율거품지수":-14.09,
            "검색코드":113085,
            "세대수":557.0,
            "준공년월":"2018-08-01",
            "준공년차":5.0,
            "가까운역이름":"NA",
            "가까운역거리":"NA",
            "역세권여부":"NA",
            "30분이내주요거점역":"NA",
            "1시간이내주요거점역":"NA",
            "3km이내백화점수":0,
            "5km이내아울렛몰수":0,
            "1km이내대형먀트수":0,
            "500m이내은행수":1,
            "500m이내병원수":14,
            "5km이내대형병원수":1,
            "500m이내공원수":2,
            "3km이내혐오시설수":0,
            "초등학교학업성취도":94.58,
            "중학교학업성취도":79.1,
            "용적률":234,
            "건폐율":20,
            "Y":36.774089,
            "X":127.049669,
            "rank":44.0,
            "area_info":"24평(81.75), 24평(82.44), 31평(102.56), 34평(112.65), 34평(113.35), 56평(186.01)",
            "last_sales":"2022-01-02,30800.0,24평(81.75)"
        },
        {
            "index":275,
            "아파트명":"한양수자인2차",
            "투자타입":"일반",
            "전용면적(m2)":"73.51",
            "전용면적(평)":"22평",
            "법정동주소":"충청남도 아산시 배방읍 공수리 1728",
            "도로명주소":"충청남도 아산시 북수로 31",
            "세대수":0,
            "입주년차":100,
            "용적률점수":"--",
            "건폐율점수":"--",
            "세대당주차수":30,
            "난방방식":30,
            "공급면적":"--",
            "전용률":"--",
            "욕실수":100,
            "현관타입":100,
            "주거총점":47.5,
            "지역구공급총점":0.0,
            "역세권":"NA",
            "30분내 이동가능 거점":"NA",
            "1시간내 이동가능 거점":"NA",
            "교통총점":"NA",
            "백화점":0,
            "아울렛몰":0,
            "대형마트":100,
            "은행":0,
            "병원":10,
            "종합병원":80,
            "공원":100,
            "혐오시설":0,
            "인프라총점":35.0,
            "초등학군":97.88,
            "중학군":48.82,
            "학군총점":58.632,
            "인구수":34.83,
            "인구증감":21.27,
            "인구총점":30.762,
            "일자리":23.9,
            "소득수준":66.53,
            "일자리총점":36.689,
            "가치 총점":45.283,
            "매매실거래년":20211115.0,
            "매매실거래가":21900.0,
            "전세실거래년":null,
            "전세실거래가":null,
            "전세가율":null,
            "장기전세가율평균":71.95,
            "전세가율거품지수":null,
            "검색코드":135305,
            "세대수":153.0,
            "준공년월":"2020-11-01",
            "준공년차":3.0,
            "가까운역이름":"NA",
            "가까운역거리":"NA",
            "역세권여부":"NA",
            "30분이내주요거점역":"NA",
            "1시간이내주요거점역":"NA",
            "3km이내백화점수":0,
            "5km이내아울렛몰수":0,
            "1km이내대형먀트수":2,
            "500m이내은행수":1,
            "500m이내병원수":4,
            "5km이내대형병원수":1,
            "500m이내공원수":3,
            "3km이내혐오시설수":0,
            "초등학교학업성취도":97.88,
            "중학교학업성취도":79.1,
            "용적률":206,
            "건폐율":27,
            "Y":36.772669,
            "X":127.063452,
            "rank":45.0,
            "area_info":"22평(73.51), 22평(74.36), 22평(74.59)",
            "last_sales":"2021-11-15,21900.0,22평(74.36)"
        },
        {
            "index":282,
            "아파트명":"코아루더파크",
            "투자타입":"일반",
            "전용면적(m2)":"82.82",
            "전용면적(평)":"25평",
            "법정동주소":"충청남도 아산시 법곡동 327",
            "도로명주소":"충청남도 아산시 법곡길 8",
            "세대수":50,
            "입주년차":80,
            "용적률점수":"--",
            "건폐율점수":"--",
            "세대당주차수":30,
            "난방방식":30,
            "공급면적":"--",
            "전용률":"--",
            "욕실수":100,
            "현관타입":100,
            "주거총점":61.0,
            "지역구공급총점":0.0,
            "역세권":"NA",
            "30분내 이동가능 거점":"NA",
            "1시간내 이동가능 거점":"NA",
            "교통총점":"NA",
            "백화점":0,
            "아울렛몰":0,
            "대형마트":80,
            "은행":0,
            "병원":0,
            "종합병원":80,
            "공원":0,
            "혐오시설":0,
            "인프라총점":28.0,
            "초등학군":90.49,
            "중학군":41.04,
            "학군총점":50.93,
            "인구수":34.83,
            "인구증감":21.27,
            "인구총점":30.762,
            "일자리":23.9,
            "소득수준":66.53,
            "일자리총점":36.689,
            "가치 총점":45.2825,
            "매매실거래년":20211209.0,
            "매매실거래가":23500.0,
            "전세실거래년":20220114.0,
            "전세실거래가":16000.0,
            "전세가율":87.43,
            "장기전세가율평균":71.95,
            "전세가율거품지수":-15.48,
            "검색코드":108933,
            "세대수":513.0,
            "준공년월":"2016-02-25",
            "준공년차":7.0,
            "가까운역이름":"NA",
            "가까운역거리":"NA",
            "역세권여부":"NA",
            "30분이내주요거점역":"NA",
            "1시간이내주요거점역":"NA",
            "3km이내백화점수":0,
            "5km이내아울렛몰수":0,
            "1km이내대형먀트수":1,
            "500m이내은행수":0,
            "500m이내병원수":1,
            "5km이내대형병원수":1,
            "500m이내공원수":0,
            "3km이내혐오시설수":0,
            "초등학교학업성취도":90.49,
            "중학교학업성취도":68.0,
            "용적률":238,
            "건폐율":25,
            "Y":36.76519,
            "X":127.011583,
            "rank":46.0,
            "area_info":"25평(82.82), 25평(82.94), 24평(82.56), 30평(102.35), 31평(103.33)",
            "last_sales":"2021-12-09,23500.0,30평(102.35)"
        },
        {
            "index":513,
            "아파트명":"주은",
            "투자타입":"일반",
            "전용면적(m2)":"44.98",
            "전용면적(평)":"13평",
            "법정동주소":"충청남도 아산시 풍기동 229-71",
            "도로명주소":"충청남도 아산시 어의정로183번길 14",
            "세대수":90,
            "입주년차":20,
            "용적률점수":"--",
            "건폐율점수":"--",
            "세대당주차수":0,
            "난방방식":30,
            "공급면적":"--",
            "전용률":"--",
            "욕실수":50,
            "현관타입":10,
            "주거총점":44.5,
            "지역구공급총점":0.0,
            "역세권":"NA",
            "30분내 이동가능 거점":"NA",
            "1시간내 이동가능 거점":"NA",
            "교통총점":"NA",
            "백화점":0,
            "아울렛몰":0,
            "대형마트":100,
            "은행":0,
            "병원":60,
            "종합병원":80,
            "공원":100,
            "혐오시설":0,
            "인프라총점":40.0,
            "초등학군":89.18,
            "중학군":43.72,
            "학군총점":52.812,
            "인구수":34.83,
            "인구증감":21.27,
            "인구총점":30.762,
            "일자리":23.9,
            "소득수준":66.53,
            "일자리총점":36.689,
            "가치 총점":44.778,
            "매매실거래년":20220112.0,
            "매매실거래가":9300.0,
            "전세실거래년":20211221.0,
            "전세실거래가":5000.0,
            "전세가율":84.03,
            "장기전세가율평균":71.95,
            "전세가율거품지수":-12.08,
            "검색코드":15256,
            "세대수":1412.0,
            "준공년월":"2000-08-30",
            "준공년차":23.0,
            "가까운역이름":"NA",
            "가까운역거리":"NA",
            "역세권여부":"NA",
            "30분이내주요거점역":"NA",
            "1시간이내주요거점역":"NA",
            "3km이내백화점수":0,
            "5km이내아울렛몰수":0,
            "1km이내대형먀트수":3,
            "500m이내은행수":0,
            "500m이내병원수":10,
            "5km이내대형병원수":1,
            "500m이내공원수":3,
            "3km이내혐오시설수":0,
            "초등학교학업성취도":89.18,
            "중학교학업성취도":71.8,
            "용적률":285,
            "건폐율":21,
            "Y":36.776573,
            "X":127.016856,
            "rank":47.0,
            "area_info":"13평(44.98), 17평(57.35), 24평(80.24)",
            "last_sales":"2022-01-12,9300.0,17평(57.35)"
        },
        {
            "index":279,
            "아파트명":"신원더파크2차",
            "투자타입":"일반",
            "전용면적(m2)":"83.21",
            "전용면적(평)":"25평",
            "법정동주소":"충청남도 아산시 법곡동 334",
            "도로명주소":"충청남도 아산시 법곡길 20-12",
            "세대수":30,
            "입주년차":100,
            "용적률점수":"--",
            "건폐율점수":"--",
            "세대당주차수":30,
            "난방방식":30,
            "공급면적":"--",
            "전용률":"--",
            "욕실수":100,
            "현관타입":100,
            "주거총점":58.0,
            "지역구공급총점":0.0,
            "역세권":"NA",
            "30분내 이동가능 거점":"NA",
            "1시간내 이동가능 거점":"NA",
            "교통총점":"NA",
            "백화점":0,
            "아울렛몰":0,
            "대형마트":80,
            "은행":0,
            "병원":0,
            "종합병원":80,
            "공원":0,
            "혐오시설":0,
            "인프라총점":28.0,
            "초등학군":90.49,
            "중학군":41.04,
            "학군총점":50.93,
            "인구수":34.83,
            "인구증감":21.27,
            "인구총점":30.762,
            "일자리":23.9,
            "소득수준":66.53,
            "일자리총점":36.689,
            "가치 총점":44.2325,
            "매매실거래년":20190802.0,
            "매매실거래가":16718.0,
            "전세실거래년":null,
            "전세실거래가":null,
            "전세가율":null,
            "장기전세가율평균":71.95,
            "전세가율거품지수":null,
            "검색코드":115017,
            "세대수":369.0,
            "준공년월":"2019-05-01",
            "준공년차":4.0,
            "가까운역이름":"NA",
            "가까운역거리":"NA",
            "역세권여부":"NA",
            "30분이내주요거점역":"NA",
            "1시간이내주요거점역":"NA",
            "3km이내백화점수":0,
            "5km이내아울렛몰수":0,
            "1km이내대형먀트수":1,
            "500m이내은행수":0,
            "500m이내병원수":0,
            "5km이내대형병원수":1,
            "500m이내공원수":0,
            "3km이내혐오시설수":0,
            "초등학교학업성취도":90.49,
            "중학교학업성취도":68.0,
            "용적률":0,
            "건폐율":0,
            "Y":36.765267,
            "X":127.010049,
            "rank":48.0,
            "area_info":"25평(83.21), 25평(83.09), 31평(102.59)",
            "last_sales":"2019-08-02,16718.0,25평(83.21)"
        },
        {
            "index":346,
            "아파트명":"삼정하이츠",
            "투자타입":"재건축",
            "전용면적(m2)":"67.34",
            "전용면적(평)":"20평",
            "법정동주소":"충청남도 아산시 온천동 617-1",
            "도로명주소":"충청남도 아산시 어의정로 41",
            "세대수":30,
            "입주년차":"--",
            "용적률점수":100,
            "건폐율점수":60,
            "세대당주차수":"--",
            "난방방식":"--",
            "공급면적":50,
            "전용률":80,
            "욕실수":"--",
            "현관타입":"--",
            "주거총점":67.5,
            "지역구공급총점":0.0,
            "역세권":"NA",
            "30분내 이동가능 거점":"NA",
            "1시간내 이동가능 거점":"NA",
            "교통총점":"NA",
            "백화점":0,
            "아울렛몰":0,
            "대형마트":0,
            "은행":0,
            "병원":30,
            "종합병원":80,
            "공원":100,
            "혐오시설":0,
            "인프라총점":22.0,
            "초등학군":87.84,
            "중학군":34.92,
            "학군총점":45.504,
            "인구수":34.83,
            "인구증감":21.27,
            "인구총점":30.762,
            "일자리":23.9,
            "소득수준":66.53,
            "일자리총점":36.689,
            "가치 총점":43.801,
            "매매실거래년":20220110.0,
            "매매실거래가":8900.0,
            "전세실거래년":20210727.0,
            "전세실거래가":7000.0,
            "전세가율":78.65,
            "장기전세가율평균":71.95,
            "전세가율거품지수":-6.7,
            "검색코드":7125,
            "세대수":300.0,
            "준공년월":"1991-04-11",
            "준공년차":32.0,
            "가까운역이름":"NA",
            "가까운역거리":"NA",
            "역세권여부":"NA",
            "30분이내주요거점역":"NA",
            "1시간이내주요거점역":"NA",
            "3km이내백화점수":0,
            "5km이내아울렛몰수":0,
            "1km이내대형먀트수":0,
            "500m이내은행수":0,
            "500m이내병원수":5,
            "5km이내대형병원수":1,
            "500m이내공원수":5,
            "3km이내혐오시설수":0,
            "초등학교학업성취도":87.84,
            "중학교학업성취도":57.8,
            "용적률":138,
            "건폐율":34,
            "Y":36.776069,
            "X":127.000619,
            "rank":49.0,
            "area_info":"20평(67.34), 26평(86.0), 29평(98.21)",
            "last_sales":"2022-01-10,8900.0,20평(67.34)"
        },
        {
            "index":111,
            "아파트명":"삼일파라뷰더스테이(민간임대)",
            "투자타입":"일반",
            "전용면적(m2)":"85.47",
            "전용면적(평)":"25평",
            "법정동주소":"충청남도 아산시 방축동 773",
            "도로명주소":"충청남도 아산시 실옥로 15",
            "세대수":30,
            "입주년차":100,
            "용적률점수":"--",
            "건폐율점수":"--",
            "세대당주차수":0,
            "난방방식":30,
            "공급면적":"--",
            "전용률":"--",
            "욕실수":100,
            "현관타입":100,
            "주거총점":53.5,
            "지역구공급총점":0.0,
            "역세권":"NA",
            "30분내 이동가능 거점":"NA",
            "1시간내 이동가능 거점":"NA",
            "교통총점":"NA",
            "백화점":0,
            "아울렛몰":0,
            "대형마트":100,
            "은행":0,
            "병원":10,
            "종합병원":80,
            "공원":100,
            "혐오시설":-50,
            "인프라총점":34.0,
            "초등학군":88.65,
            "중학군":34.44,
            "학군총점":45.282,
            "인구수":34.83,
            "인구증감":21.27,
            "인구총점":30.762,
            "일자리":23.9,
            "소득수준":66.53,
            "일자리총점":36.689,
            "가치 총점":43.6455,
            "매매실거래년":"18000101",
            "매매실거래가":null,
            "전세실거래년":20210503.0,
            "전세실거래가":14500.0,
            "전세가율":null,
            "장기전세가율평균":71.95,
            "전세가율거품지수":null,
            "검색코드":119685,
            "세대수":346.0,
            "준공년월":"2020-04-01",
            "준공년차":3.0,
            "가까운역이름":"NA",
            "가까운역거리":"NA",
            "역세권여부":"NA",
            "30분이내주요거점역":"NA",
            "1시간이내주요거점역":"NA",
            "3km이내백화점수":0,
            "5km이내아울렛몰수":0,
            "1km이내대형먀트수":3,
            "500m이내은행수":0,
            "500m이내병원수":3,
            "5km이내대형병원수":1,
            "500m이내공원수":3,
            "3km이내혐오시설수":1,
            "초등학교학업성취도":88.65,
            "중학교학업성취도":56.8,
            "용적률":0,
            "건폐율":0,
            "Y":36.784242,
            "X":126.993534,
            "rank":50.0,
            "area_info":"25평(85.47), 25평(85.6), 25평(85.94)",
            "last_sales":"1800-01-01,nan,25평(85.47)"
        },
        {
            "index":249,
            "아파트명":"중앙하이츠오르젠2단지",
            "투자타입":"일반",
            "전용면적(m2)":"110.86",
            "전용면적(평)":"33평",
            "법정동주소":"충청남도 아산시 배방읍 공수리 634",
            "도로명주소":"충청남도 아산시 배방로 58-11",
            "세대수":0,
            "입주년차":40,
            "용적률점수":"--",
            "건폐율점수":"--",
            "세대당주차수":30,
            "난방방식":30,
            "공급면적":"--",
            "전용률":"--",
            "욕실수":100,
            "현관타입":100,
            "주거총점":35.5,
            "지역구공급총점":0.0,
            "역세권":"NA",
            "30분내 이동가능 거점":"NA",
            "1시간내 이동가능 거점":"NA",
            "교통총점":"NA",
            "백화점":0,
            "아울렛몰":0,
            "대형마트":100,
            "은행":20,
            "병원":60,
            "종합병원":80,
            "공원":100,
            "혐오시설":0,
            "인프라총점":42.0,
            "초등학군":91.27,
            "중학군":48.82,
            "학군총점":57.31,
            "인구수":34.83,
            "인구증감":21.27,
            "인구총점":30.762,
            "일자리":23.9,
            "소득수준":66.53,
            "일자리총점":36.689,
            "가치 총점":43.5525,
            "매매실거래년":20210517.0,
            "매매실거래가":25000.0,
            "전세실거래년":null,
            "전세실거래가":null,
            "전세가율":null,
            "장기전세가율평균":71.95,
            "전세가율거품지수":null,
            "검색코드":19092,
            "세대수":298.0,
            "준공년월":"2006-06-30",
            "준공년차":17.0,
            "가까운역이름":"NA",
            "가까운역거리":"NA",
            "역세권여부":"NA",
            "30분이내주요거점역":"NA",
            "1시간이내주요거점역":"NA",
            "3km이내백화점수":0,
            "5km이내아울렛몰수":0,
            "1km이내대형먀트수":2,
            "500m이내은행수":2,
            "500m이내병원수":19,
            "5km이내대형병원수":1,
            "500m이내공원수":3,
            "3km이내혐오시설수":0,
            "초등학교학업성취도":91.27,
            "중학교학업성취도":79.1,
            "용적률":244,
            "건폐율":42,
            "Y":36.771262,
            "X":127.054203,
            "rank":51.0,
            "area_info":"33평(110.86), 33평(112.33), 34평(113.54), 45평(150.35)",
            "last_sales":"2021-05-17,25000.0,45평(150.35)"
        },
        {
            "index":506,
            "아파트명":"아산풍기이지더원2차",
            "투자타입":"일반",
            "전용면적(m2)":"99.14",
            "전용면적(평)":"29평",
            "법정동주소":"충청남도 아산시 풍기동 519",
            "도로명주소":"충청남도 아산시 어의정로 182",
            "세대수":0,
            "입주년차":80,
            "용적률점수":"--",
            "건폐율점수":"--",
            "세대당주차수":30,
            "난방방식":30,
            "공급면적":"--",
            "전용률":"--",
            "욕실수":100,
            "현관타입":100,
            "주거총점":43.5,
            "지역구공급총점":0.0,
            "역세권":"NA",
            "30분내 이동가능 거점":"NA",
            "1시간내 이동가능 거점":"NA",
            "교통총점":"NA",
            "백화점":0,
            "아울렛몰":0,
            "대형마트":100,
            "은행":0,
            "병원":30,
            "종합병원":80,
            "공원":100,
            "혐오시설":0,
            "인프라총점":37.0,
            "초등학군":89.18,
            "중학군":43.72,
            "학군총점":52.812,
            "인구수":34.83,
            "인구증감":21.27,
            "인구총점":30.762,
            "일자리":23.9,
            "소득수준":66.53,
            "일자리총점":36.689,
            "가치 총점":43.228,
            "매매실거래년":20220110.0,
            "매매실거래가":34000.0,
            "전세실거래년":20210925.0,
            "전세실거래가":30000.0,
            "전세가율":88.24,
            "장기전세가율평균":71.95,
            "전세가율거품지수":-16.29,
            "검색코드":111859,
            "세대수":182.0,
            "준공년월":"2018-03-28",
            "준공년차":5.0,
            "가까운역이름":"NA",
            "가까운역거리":"NA",
            "역세권여부":"NA",
            "30분이내주요거점역":"NA",
            "1시간이내주요거점역":"NA",
            "3km이내백화점수":0,
            "5km이내아울렛몰수":0,
            "1km이내대형먀트수":2,
            "500m이내은행수":0,
            "500m이내병원수":9,
            "5km이내대형병원수":1,
            "500m이내공원수":3,
            "3km이내혐오시설수":0,
            "초등학교학업성취도":89.18,
            "중학교학업성취도":71.8,
            "용적률":246,
            "건폐율":19,
            "Y":36.774526,
            "X":127.015617,
            "rank":52.0,
            "area_info":"29평(99.14), 30평(99.18)",
            "last_sales":"2022-01-10,34000.0,29평(99.14)"
        },
        {
            "index":371,
            "아파트명":"온정",
            "투자타입":"재건축",
            "전용면적(m2)":"63.35",
            "전용면적(평)":"19평",
            "법정동주소":"충청남도 아산시 온천동 625-1",
            "도로명주소":"충청남도 아산시",
            "세대수":0,
            "입주년차":"--",
            "용적률점수":100,
            "건폐율점수":100,
            "세대당주차수":"--",
            "난방방식":"--",
            "공급면적":50,
            "전용률":60,
            "욕실수":"--",
            "현관타입":"--",
            "주거총점":65.5,
            "지역구공급총점":0.0,
            "역세권":"NA",
            "30분내 이동가능 거점":"NA",
            "1시간내 이동가능 거점":"NA",
            "교통총점":"NA",
            "백화점":0,
            "아울렛몰":0,
            "대형마트":0,
            "은행":0,
            "병원":30,
            "종합병원":80,
            "공원":100,
            "혐오시설":0,
            "인프라총점":22.0,
            "초등학군":87.84,
            "중학군":34.92,
            "학군총점":45.504,
            "인구수":34.83,
            "인구증감":21.27,
            "인구총점":30.762,
            "일자리":23.9,
            "소득수준":66.53,
            "일자리총점":36.689,
            "가치 총점":43.101,
            "매매실거래년":20211214.0,
            "매매실거래가":7600.0,
            "전세실거래년":20211120.0,
            "전세실거래가":3500.0,
            "전세가율":46.05,
            "장기전세가율평균":71.95,
            "전세가율거품지수":25.9,
            "검색코드":105774,
            "세대수":100.0,
            "준공년월":"1992-12-31",
            "준공년차":31.0,
            "가까운역이름":"NA",
            "가까운역거리":"NA",
            "역세권여부":"NA",
            "30분이내주요거점역":"NA",
            "1시간이내주요거점역":"NA",
            "3km이내백화점수":0,
            "5km이내아울렛몰수":0,
            "1km이내대형먀트수":0,
            "500m이내은행수":0,
            "500m이내병원수":9,
            "5km이내대형병원수":1,
            "500m이내공원수":3,
            "3km이내혐오시설수":0,
            "초등학교학업성취도":87.84,
            "중학교학업성취도":57.8,
            "용적률":143,
            "건폐율":18,
            "Y":36.777081,
            "X":127.001021,
            "rank":53.0,
            "area_info":"19평(63.35)",
            "last_sales":"2021-12-14,7600.0,19평(63.35)"
        },
        {
            "index":50,
            "아파트명":"아산테크노밸리이지더원8단지",
            "투자타입":"일반",
            "전용면적(m2)":"92.45",
            "전용면적(평)":"27평",
            "법정동주소":"충청남도 아산시 둔포면 석곡리 1805",
            "도로명주소":"충청남도 아산시 아산밸리남로 81",
            "세대수":90,
            "입주년차":80,
            "용적률점수":"--",
            "건폐율점수":"--",
            "세대당주차수":30,
            "난방방식":30,
            "공급면적":"--",
            "전용률":"--",
            "욕실수":100,
            "현관타입":100,
            "주거총점":75.0,
            "지역구공급총점":0.0,
            "역세권":"NA",
            "30분내 이동가능 거점":"NA",
            "1시간내 이동가능 거점":"NA",
            "교통총점":"NA",
            "백화점":0,
            "아울렛몰":0,
            "대형마트":0,
            "은행":0,
            "병원":60,
            "종합병원":0,
            "공원":100,
            "혐오시설":0,
            "인프라총점":9.0,
            "초등학군":86.93,
            "중학군":40.68,
            "학군총점":49.93,
            "인구수":34.83,
            "인구증감":21.27,
            "인구총점":30.762,
            "일자리":23.9,
            "소득수준":66.53,
            "일자리총점":36.689,
            "가치 총점":42.3325,
            "매매실거래년":20211116.0,
            "매매실거래가":37500.0,
            "전세실거래년":20220108.0,
            "전세실거래가":19000.0,
            "전세가율":70.37,
            "장기전세가율평균":71.95,
            "전세가율거품지수":1.58,
            "검색코드":113068,
            "세대수":929.0,
            "준공년월":"2017-12-01",
            "준공년차":6.0,
            "가까운역이름":"NA",
            "가까운역거리":"NA",
            "역세권여부":"NA",
            "30분이내주요거점역":"NA",
            "1시간이내주요거점역":"NA",
            "3km이내백화점수":0,
            "5km이내아울렛몰수":0,
            "1km이내대형먀트수":0,
            "500m이내은행수":1,
            "500m이내병원수":10,
            "5km이내대형병원수":0,
            "500m이내공원수":3,
            "3km이내혐오시설수":0,
            "초등학교학업성취도":86.93,
            "중학교학업성취도":67.8,
            "용적률":193,
            "건폐율":17,
            "Y":36.920619,
            "X":127.055459,
            "rank":54.0,
            "area_info":"27평(92.45), 30평(101.67), 30평(101.67), 34평(112.57)",
            "last_sales":"2021-11-16,37500.0,34평(112.57)"
        },
        {
            "index":355,
            "아파트명":"아산반도유보라",
            "투자타입":"일반",
            "전용면적(m2)":"82.25",
            "전용면적(평)":"24평",
            "법정동주소":"충청남도 아산시 온천동 1928",
            "도로명주소":"충청남도 아산시 아산로 116-21",
            "세대수":50,
            "입주년차":80,
            "용적률점수":"--",
            "건폐율점수":"--",
            "세대당주차수":30,
            "난방방식":30,
            "공급면적":"--",
            "전용률":"--",
            "욕실수":100,
            "현관타입":100,
            "주거총점":61.0,
            "지역구공급총점":0.0,
            "역세권":"NA",
            "30분내 이동가능 거점":"NA",
            "1시간내 이동가능 거점":"NA",
            "교통총점":"NA",
            "백화점":0,
            "아울렛몰":0,
            "대형마트":0,
            "은행":20,
            "병원":0,
            "종합병원":80,
            "공원":100,
            "혐오시설":-50,
            "인프라총점":20.0,
            "초등학군":88.65,
            "중학군":41.52,
            "학군총점":50.946,
            "인구수":34.83,
            "인구증감":21.27,
            "인구총점":30.762,
            "일자리":23.9,
            "소득수준":66.53,
            "일자리총점":36.689,
            "가치 총점":42.0865,
            "매매실거래년":20211228.0,
            "매매실거래가":25000.0,
            "전세실거래년":20211018.0,
            "전세실거래가":16800.0,
            "전세가율":67.2,
            "장기전세가율평균":71.95,
            "전세가율거품지수":4.75,
            "검색코드":107499,
            "세대수":650.0,
            "준공년월":"2016-03-25",
            "준공년차":7.0,
            "가까운역이름":"NA",
            "가까운역거리":"NA",
            "역세권여부":"NA",
            "30분이내주요거점역":"NA",
            "1시간이내주요거점역":"NA",
            "3km이내백화점수":0,
            "5km이내아울렛몰수":0,
            "1km이내대형먀트수":0,
            "500m이내은행수":2,
            "500m이내병원수":1,
            "5km이내대형병원수":1,
            "500m이내공원수":4,
            "3km이내혐오시설수":1,
            "초등학교학업성취도":88.65,
            "중학교학업성취도":69.0,
            "용적률":197,
            "건폐율":19,
            "Y":36.791081,
            "X":126.996907,
            "rank":55.0,
            "area_info":"24평(82.25), 24평(82.58), 24평(82.28)",
            "last_sales":"2021-12-28,25000.0,24평(82.25)"
        },
        {
            "index":322,
            "아파트명":"아산푸르지오",
            "투자타입":"일반",
            "전용면적(m2)":"86.62",
            "전용면적(평)":"26평",
            "법정동주소":"충청남도 아산시 실옥동 537",
            "도로명주소":"충청남도 아산시 아산로117번길 17",
            "세대수":50,
            "입주년차":40,
            "용적률점수":"--",
            "건폐율점수":"--",
            "세대당주차수":30,
            "난방방식":30,
            "공급면적":"--",
            "전용률":"--",
            "욕실수":50,
            "현관타입":100,
            "주거총점":48.0,
            "지역구공급총점":0.0,
            "역세권":"NA",
            "30분내 이동가능 거점":"NA",
            "1시간내 이동가능 거점":"NA",
            "교통총점":"NA",
            "백화점":0,
            "아울렛몰":0,
            "대형마트":100,
            "은행":0,
            "병원":10,
            "종합병원":80,
            "공원":100,
            "혐오시설":-50,
            "인프라총점":34.0,
            "초등학군":88.65,
            "중학군":34.44,
            "학군총점":45.282,
            "인구수":34.83,
            "인구증감":21.27,
            "인구총점":30.762,
            "일자리":23.9,
            "소득수준":66.53,
            "일자리총점":36.689,
            "가치 총점":41.7205,
            "매매실거래년":20211227.0,
            "매매실거래가":21000.0,
            "전세실거래년":20191203.0,
            "전세실거래가":11000.0,
            "전세가율":84.62,
            "장기전세가율평균":71.95,
            "전세가율거품지수":-12.67,
            "검색코드":17845,
            "세대수":580.0,
            "준공년월":"2006-05-25",
            "준공년차":17.0,
            "가까운역이름":"NA",
            "가까운역거리":"NA",
            "역세권여부":"NA",
            "30분이내주요거점역":"NA",
            "1시간이내주요거점역":"NA",
            "3km이내백화점수":0,
            "5km이내아울렛몰수":0,
            "1km이내대형먀트수":3,
            "500m이내은행수":1,
            "500m이내병원수":2,
            "5km이내대형병원수":1,
            "500m이내공원수":2,
            "3km이내혐오시설수":1,
            "초등학교학업성취도":88.65,
            "중학교학업성취도":56.8,
            "용적률":221,
            "건폐율":19,
            "Y":36.791035,
            "X":126.992885,
            "rank":56.0,
            "area_info":"26평(86.62), 27평(89.84), 33평(110.95)",
            "last_sales":"2021-12-27,21000.0,33평(110.95)"
        },
        {
            "index":94,
            "아파트명":"한라동백",
            "투자타입":"일반",
            "전용면적(m2)":"77.4",
            "전용면적(평)":"23평",
            "법정동주소":"충청남도 아산시 모종동 576-1",
            "도로명주소":"충청남도 아산시 삼동로 34",
            "세대수":50,
            "입주년차":0,
            "용적률점수":"--",
            "건폐율점수":"--",
            "세대당주차수":0,
            "난방방식":30,
            "공급면적":"--",
            "전용률":"--",
            "욕실수":50,
            "현관타입":100,
            "주거총점":35.5,
            "지역구공급총점":0.0,
            "역세권":"NA",
            "30분내 이동가능 거점":"NA",
            "1시간내 이동가능 거점":"NA",
            "교통총점":"NA",
            "백화점":0,
            "아울렛몰":0,
            "대형마트":80,
            "은행":20,
            "병원":60,
            "종합병원":80,
            "공원":100,
            "혐오시설":0,
            "인프라총점":39.0,
            "초등학군":92.08,
            "중학군":44.28,
            "학군총점":53.84,
            "인구수":34.83,
            "인구증감":21.27,
            "인구총점":30.762,
            "일자리":23.9,
            "소득수준":66.53,
            "일자리총점":36.689,
            "가치 총점":41.485,
            "매매실거래년":20211230.0,
            "매매실거래가":20000.0,
            "전세실거래년":20211117.0,
            "전세실거래가":11000.0,
            "전세가율":84.62,
            "장기전세가율평균":71.95,
            "전세가율거품지수":-12.67,
            "검색코드":7100,
            "세대수":688.0,
            "준공년월":"1998-11-19",
            "준공년차":25.0,
            "가까운역이름":"NA",
            "가까운역거리":"NA",
            "역세권여부":"NA",
            "30분이내주요거점역":"NA",
            "1시간이내주요거점역":"NA",
            "3km이내백화점수":0,
            "5km이내아울렛몰수":0,
            "1km이내대형먀트수":1,
            "500m이내은행수":2,
            "500m이내병원수":21,
            "5km이내대형병원수":1,
            "500m이내공원수":3,
            "3km이내혐오시설수":0,
            "초등학교학업성취도":92.08,
            "중학교학업성취도":73.0,
            "용적률":381,
            "건폐율":28,
            "Y":36.783271,
            "X":127.011651,
            "rank":57.0,
            "area_info":"23평(77.4), 23평(77.45), 30평(101.44), 30평(101.31), 39평(130.89), 39평(130.92)",
            "last_sales":"2021-12-30,20000.0,30평(101.44)"
        },
        {
            "index":163,
            "아파트명":"배방한성필하우스1단지",
            "투자타입":"일반",
            "전용면적(m2)":"117.82",
            "전용면적(평)":"35평",
            "법정동주소":"충청남도 아산시 배방읍 공수리 640",
            "도로명주소":"충청남도 아산시 배방로 58-43",
            "세대수":30,
            "입주년차":40,
            "용적률점수":"--",
            "건폐율점수":"--",
            "세대당주차수":30,
            "난방방식":30,
            "공급면적":"--",
            "전용률":"--",
            "욕실수":100,
            "현관타입":100,
            "주거총점":46.0,
            "지역구공급총점":0.0,
            "역세권":"NA",
            "30분내 이동가능 거점":"NA",
            "1시간내 이동가능 거점":"NA",
            "교통총점":"NA",
            "백화점":0,
            "아울렛몰":0,
            "대형마트":0,
            "은행":20,
            "병원":60,
            "종합병원":80,
            "공원":100,
            "혐오시설":0,
            "인프라총점":27.0,
            "초등학군":91.27,
            "중학군":48.82,
            "학군총점":57.31,
            "인구수":34.83,
            "인구증감":21.27,
            "인구총점":30.762,
            "일자리":23.9,
            "소득수준":66.53,
            "일자리총점":36.689,
            "가치 총점":41.2275,
            "매매실거래년":20211025.0,
            "매매실거래가":32700.0,
            "전세실거래년":20211008.0,
            "전세실거래가":25000.0,
            "전세가율":76.45,
            "장기전세가율평균":71.95,
            "전세가율거품지수":-4.5,
            "검색코드":22533,
            "세대수":396.0,
            "준공년월":"2006-12-12",
            "준공년차":17.0,
            "가까운역이름":"NA",
            "가까운역거리":"NA",
            "역세권여부":"NA",
            "30분이내주요거점역":"NA",
            "1시간이내주요거점역":"NA",
            "3km이내백화점수":0,
            "5km이내아울렛몰수":0,
            "1km이내대형먀트수":0,
            "500m이내은행수":2,
            "500m이내병원수":18,
            "5km이내대형병원수":1,
            "500m이내공원수":3,
            "3km이내혐오시설수":0,
            "초등학교학업성취도":91.27,
            "중학교학업성취도":79.1,
            "용적률":208,
            "건폐율":20,
            "Y":36.771184,
            "X":127.052322,
            "rank":58.0,
            "area_info":"35평(117.82), 45평(151.43)",
            "last_sales":"2021-10-25,32700.0,35평(117.82)"
        },
        {
            "index":202,
            "아파트명":"아산배방금호어울림2단지",
            "투자타입":"일반",
            "전용면적(m2)":"107.94",
            "전용면적(평)":"32평",
            "법정동주소":"충청남도 아산시 배방읍 북수리  1183",
            "도로명주소":"충청남도 아산시 배방로201번길 20",
            "세대수":0,
            "입주년차":40,
            "용적률점수":"--",
            "건폐율점수":"--",
            "세대당주차수":30,
            "난방방식":30,
            "공급면적":"--",
            "전용률":"--",
            "욕실수":100,
            "현관타입":100,
            "주거총점":35.5,
            "지역구공급총점":0.0,
            "역세권":"NA",
            "30분내 이동가능 거점":"NA",
            "1시간내 이동가능 거점":"NA",
            "교통총점":"NA",
            "백화점":0,
            "아울렛몰":0,
            "대형마트":100,
            "은행":0,
            "병원":10,
            "종합병원":80,
            "공원":100,
            "혐오시설":0,
            "인프라총점":35.0,
            "초등학군":97.88,
            "중학군":48.82,
            "학군총점":58.632,
            "인구수":34.83,
            "인구증감":21.27,
            "인구총점":30.762,
            "일자리":23.9,
            "소득수준":66.53,
            "일자리총점":36.689,
            "가치 총점":41.083,
            "매매실거래년":20211228.0,
            "매매실거래가":22300.0,
            "전세실거래년":20210531.0,
            "전세실거래가":17500.0,
            "전세가율":78.48,
            "장기전세가율평균":71.95,
            "전세가율거품지수":-6.53,
            "검색코드":19090,
            "세대수":138.0,
            "준공년월":"2005-05-26",
            "준공년차":18.0,
            "가까운역이름":"NA",
            "가까운역거리":"NA",
            "역세권여부":"NA",
            "30분이내주요거점역":"NA",
            "1시간이내주요거점역":"NA",
            "3km이내백화점수":0,
            "5km이내아울렛몰수":0,
            "1km이내대형먀트수":2,
            "500m이내은행수":0,
            "500m이내병원수":2,
            "5km이내대형병원수":1,
            "500m이내공원수":4,
            "3km이내혐오시설수":0,
            "초등학교학업성취도":97.88,
            "중학교학업성취도":79.1,
            "용적률":247,
            "건폐율":21,
            "Y":36.772226,
            "X":127.069056,
            "rank":59.0,
            "area_info":"32평(107.94), 33평(110.29), 39평(130.92)",
            "last_sales":"2021-12-28,22300.0,32평(107.94)"
        },
        {
            "index":200,
            "아파트명":"아산배방금호어울림1단지",
            "투자타입":"일반",
            "전용면적(m2)":"106.87",
            "전용면적(평)":"32평",
            "법정동주소":"충청남도 아산시 배방읍 북수리  1181",
            "도로명주소":"충청남도 아산시 배방로201번길 10",
            "세대수":0,
            "입주년차":40,
            "용적률점수":"--",
            "건폐율점수":"--",
            "세대당주차수":30,
            "난방방식":30,
            "공급면적":"--",
            "전용률":"--",
            "욕실수":100,
            "현관타입":100,
            "주거총점":35.5,
            "지역구공급총점":0.0,
            "역세권":"NA",
            "30분내 이동가능 거점":"NA",
            "1시간내 이동가능 거점":"NA",
            "교통총점":"NA",
            "백화점":0,
            "아울렛몰":0,
            "대형마트":100,
            "은행":0,
            "병원":10,
            "종합병원":80,
            "공원":100,
            "혐오시설":0,
            "인프라총점":35.0,
            "초등학군":97.88,
            "중학군":48.82,
            "학군총점":58.632,
            "인구수":34.83,
            "인구증감":21.27,
            "인구총점":30.762,
            "일자리":23.9,
            "소득수준":66.53,
            "일자리총점":36.689,
            "가치 총점":41.083,
            "매매실거래년":20211113.0,
            "매매실거래가":20300.0,
            "전세실거래년":20220104.0,
            "전세실거래가":21000.0,
            "전세가율":103.45,
            "장기전세가율평균":71.95,
            "전세가율거품지수":-31.5,
            "검색코드":19089,
            "세대수":272.0,
            "준공년월":"2005-05-26",
            "준공년차":18.0,
            "가까운역이름":"NA",
            "가까운역거리":"NA",
            "역세권여부":"NA",
            "30분이내주요거점역":"NA",
            "1시간이내주요거점역":"NA",
            "3km이내백화점수":0,
            "5km이내아울렛몰수":0,
            "1km이내대형먀트수":2,
            "500m이내은행수":0,
            "500m이내병원수":2,
            "5km이내대형병원수":1,
            "500m이내공원수":4,
            "3km이내혐오시설수":0,
            "초등학교학업성취도":97.88,
            "중학교학업성취도":79.1,
            "용적률":248,
            "건폐율":24,
            "Y":36.771334,
            "X":127.069044,
            "rank":59.0,
            "area_info":"32평(106.87), 39평(129.21)",
            "last_sales":"2021-11-13,20300.0,32평(106.87)"
        },
        {
            "index":162,
            "아파트명":"배방푸르지오2차",
            "투자타입":"일반",
            "전용면적(m2)":"112.74",
            "전용면적(평)":"34평",
            "법정동주소":"충청남도 아산시 배방읍 공수리 1712",
            "도로명주소":"충청남도 아산시 배방로 58-38",
            "세대수":30,
            "입주년차":80,
            "용적률점수":"--",
            "건폐율점수":"--",
            "세대당주차수":30,
            "난방방식":30,
            "공급면적":"--",
            "전용률":"--",
            "욕실수":100,
            "현관타입":100,
            "주거총점":54.0,
            "지역구공급총점":0.0,
            "역세권":"NA",
            "30분내 이동가능 거점":"NA",
            "1시간내 이동가능 거점":"NA",
            "교통총점":"NA",
            "백화점":0,
            "아울렛몰":0,
            "대형마트":0,
            "은행":0,
            "병원":0,
            "종합병원":80,
            "공원":100,
            "혐오시설":0,
            "인프라총점":19.0,
            "초등학군":94.58,
            "중학군":48.82,
            "학군총점":57.972,
            "인구수":34.83,
            "인구증감":21.27,
            "인구총점":30.762,
            "일자리":23.9,
            "소득수준":66.53,
            "일자리총점":36.689,
            "가치 총점":40.993,
            "매매실거래년":20211024.0,
            "매매실거래가":39300.0,
            "전세실거래년":20211222.0,
            "전세실거래가":32000.0,
            "전세가율":81.42,
            "장기전세가율평균":71.95,
            "전세가율거품지수":-9.47,
            "검색코드":106440,
            "세대수":379.0,
            "준공년월":"2015-04-22",
            "준공년차":8.0,
            "가까운역이름":"NA",
            "가까운역거리":"NA",
            "역세권여부":"NA",
            "30분이내주요거점역":"NA",
            "1시간이내주요거점역":"NA",
            "3km이내백화점수":0,
            "5km이내아울렛몰수":0,
            "1km이내대형먀트수":0,
            "500m이내은행수":0,
            "500m이내병원수":0,
            "5km이내대형병원수":1,
            "500m이내공원수":2,
            "3km이내혐오시설수":0,
            "초등학교학업성취도":94.58,
            "중학교학업성취도":79.1,
            "용적률":212,
            "건폐율":16,
            "Y":36.771702,
            "X":127.049267,
            "rank":60.0,
            "area_info":"34평(112.74)",
            "last_sales":"2021-10-24,39300.0,34평(112.74)"
        },
        {
            "index":157,
            "아파트명":"배방자이",
            "투자타입":"일반",
            "전용면적(m2)":"110.2",
            "전용면적(평)":"33평",
            "법정동주소":"충청남도 아산시 배방읍 갈매리 508",
            "도로명주소":"충청남도 아산시 호서로 460",
            "세대수":100,
            "입주년차":40,
            "용적률점수":"--",
            "건폐율점수":"--",
            "세대당주차수":60,
            "난방방식":30,
            "공급면적":"--",
            "전용률":"--",
            "욕실수":100,
            "현관타입":100,
            "주거총점":75.0,
            "지역구공급총점":0.0,
            "역세권":"NA",
            "30분내 이동가능 거점":"NA",
            "1시간내 이동가능 거점":"NA",
            "교통총점":"NA",
            "백화점":0,
            "아울렛몰":0,
            "대형마트":0,
            "은행":0,
            "병원":10,
            "종합병원":0,
            "공원":0,
            "혐오시설":0,
            "인프라총점":1.0,
            "초등학군":88.88,
            "중학군":48.82,
            "학군총점":56.832,
            "인구수":34.83,
            "인구증감":21.27,
            "인구총점":30.762,
            "일자리":23.9,
            "소득수준":66.53,
            "일자리총점":36.689,
            "가치 총점":40.858,
            "매매실거래년":20211220.0,
            "매매실거래가":27000.0,
            "전세실거래년":20220110.0,
            "전세실거래가":23000.0,
            "전세가율":85.19,
            "장기전세가율평균":71.95,
            "전세가율거품지수":-13.24,
            "검색코드":26136,
            "세대수":1875.0,
            "준공년월":"2007-12-26",
            "준공년차":16.0,
            "가까운역이름":"NA",
            "가까운역거리":"NA",
            "역세권여부":"NA",
            "30분이내주요거점역":"NA",
            "1시간이내주요거점역":"NA",
            "3km이내백화점수":0,
            "5km이내아울렛몰수":0,
            "1km이내대형먀트수":0,
            "500m이내은행수":0,
            "500m이내병원수":2,
            "5km이내대형병원수":0,
            "500m이내공원수":0,
            "3km이내혐오시설수":0,
            "초등학교학업성취도":88.88,
            "중학교학업성취도":79.1,
            "용적률":177,
            "건폐율":15,
            "Y":36.76769,
            "X":127.083705,
            "rank":61.0,
            "area_info":"33평(110.2), 34평(114.07), 34평(114.08), 47평(157.07), 57평(190.63)",
            "last_sales":"2021-12-20,27000.0,33평(110.2)"
        },
        {
            "index":168,
            "아파트명":"배방한성필하우스테라스인포레(도시형)",
            "투자타입":"일반",
            "전용면적(m2)":"98.07",
            "전용면적(평)":"29평",
            "법정동주소":"충청남도 아산시 배방읍 공수리 1735",
            "도로명주소":"충청남도 아산시 배방로 78",
            "세대수":0,
            "입주년차":100,
            "용적률점수":"--",
            "건폐율점수":"--",
            "세대당주차수":60,
            "난방방식":30,
            "공급면적":"--",
            "전용률":"--",
            "욕실수":100,
            "현관타입":100,
            "주거총점":52.0,
            "지역구공급총점":0.0,
            "역세권":"NA",
            "30분내 이동가능 거점":"NA",
            "1시간내 이동가능 거점":"NA",
            "교통총점":"NA",
            "백화점":0,
            "아울렛몰":0,
            "대형마트":0,
            "은행":0,
            "병원":10,
            "종합병원":80,
            "공원":100,
            "혐오시설":0,
            "인프라총점":20.0,
            "초등학군":91.27,
            "중학군":48.82,
            "학군총점":57.31,
            "인구수":34.83,
            "인구증감":21.27,
            "인구총점":30.762,
            "일자리":23.9,
            "소득수준":66.53,
            "일자리총점":36.689,
            "가치 총점":40.5275,
            "매매실거래년":"18000101",
            "매매실거래가":null,
            "전세실거래년":null,
            "전세실거래가":null,
            "전세가율":null,
            "장기전세가율평균":71.95,
            "전세가율거품지수":null,
            "검색코드":140703,
            "세대수":136.0,
            "준공년월":"2021-05-01",
            "준공년차":2.0,
            "가까운역이름":"NA",
            "가까운역거리":"NA",
            "역세권여부":"NA",
            "30분이내주요거점역":"NA",
            "1시간이내주요거점역":"NA",
            "3km이내백화점수":0,
            "5km이내아울렛몰수":0,
            "1km이내대형먀트수":0,
            "500m이내은행수":1,
            "500m이내병원수":4,
            "5km이내대형병원수":1,
            "500m이내공원수":3,
            "3km이내혐오시설수":0,
            "초등학교학업성취도":91.27,
            "중학교학업성취도":79.1,
            "용적률":57,
            "건폐율":19,
            "Y":36.768921,
            "X":127.053402,
            "rank":62.0,
            "area_info":"29평(98.07), 32평(106.99), 32평(107.84)",
            "last_sales":"1800-01-01,nan,29평(98.07)"
        },
        {
            "index":114,
            "아파트명":"아산KD아람채(민간임대)",
            "투자타입":"일반",
            "전용면적(m2)":"83.41",
            "전용면적(평)":"25평",
            "법정동주소":"충청남도 아산시 방축동 775",
            "도로명주소":"충청남도 아산시 온천대로 1323-25",
            "세대수":0,
            "입주년차":100,
            "용적률점수":"--",
            "건폐율점수":"--",
            "세대당주차수":30,
            "난방방식":30,
            "공급면적":"--",
            "전용률":"--",
            "욕실수":100,
            "현관타입":100,
            "주거총점":47.5,
            "지역구공급총점":0.0,
            "역세권":"NA",
            "30분내 이동가능 거점":"NA",
            "1시간내 이동가능 거점":"NA",
            "교통총점":"NA",
            "백화점":0,
            "아울렛몰":0,
            "대형마트":100,
            "은행":0,
            "병원":0,
            "종합병원":80,
            "공원":0,
            "혐오시설":-50,
            "인프라총점":30.0,
            "초등학군":100.0,
            "중학군":34.44,
            "학군총점":47.552,
            "인구수":34.83,
            "인구증감":21.27,
            "인구총점":30.762,
            "일자리":23.9,
            "소득수준":66.53,
            "일자리총점":36.689,
            "가치 총점":40.513,
            "매매실거래년":"18000101",
            "매매실거래가":null,
            "전세실거래년":null,
            "전세실거래가":null,
            "전세가율":null,
            "장기전세가율평균":71.95,
            "전세가율거품지수":null,
            "검색코드":129168,
            "세대수":271.0,
            "준공년월":"2020-08-07",
            "준공년차":3.0,
            "가까운역이름":"NA",
            "가까운역거리":"NA",
            "역세권여부":"NA",
            "30분이내주요거점역":"NA",
            "1시간이내주요거점역":"NA",
            "3km이내백화점수":0,
            "5km이내아울렛몰수":0,
            "1km이내대형먀트수":3,
            "500m이내은행수":0,
            "500m이내병원수":1,
            "5km이내대형병원수":1,
            "500m이내공원수":0,
            "3km이내혐오시설수":1,
            "초등학교학업성취도":100.0,
            "중학교학업성취도":56.8,
            "용적률":230,
            "건폐율":19,
            "Y":36.787268,
            "X":126.985469,
            "rank":63.0,
            "area_info":"25평(83.41), 25평(83.35), 25평(83.27), 28평(94.28)",
            "last_sales":"1800-01-01,nan,25평(83.41)"
        },
        {
            "index":452,
            "아파트명":"청솔",
            "투자타입":"일반",
            "전용면적(m2)":"54.57",
            "전용면적(평)":"16평",
            "법정동주소":"충청남도 아산시 장존동 305",
            "도로명주소":"충청남도 아산시 외암로 1247",
            "세대수":100,
            "입주년차":40,
            "용적률점수":"--",
            "건폐율점수":"--",
            "세대당주차수":0,
            "난방방식":30,
            "공급면적":"--",
            "전용률":"--",
            "욕실수":50,
            "현관타입":100,
            "주거총점":61.0,
            "지역구공급총점":0.0,
            "역세권":"NA",
            "30분내 이동가능 거점":"NA",
            "1시간내 이동가능 거점":"NA",
            "교통총점":"NA",
            "백화점":0,
            "아울렛몰":0,
            "대형마트":0,
            "은행":0,
            "병원":0,
            "종합병원":80,
            "공원":0,
            "혐오시설":0,
            "인프라총점":16.0,
            "초등학군":90.88,
            "중학군":41.04,
            "학군총점":51.008,
            "인구수":34.83,
            "인구증감":21.27,
            "인구총점":30.762,
            "일자리":23.9,
            "소득수준":66.53,
            "일자리총점":36.689,
            "가치 총점":40.502,
            "매매실거래년":20220107.0,
            "매매실거래가":4500.0,
            "전세실거래년":20211228.0,
            "전세실거래가":2500.0,
            "전세가율":55.56,
            "장기전세가율평균":71.95,
            "전세가율거품지수":16.39,
            "검색코드":19035,
            "세대수":1998.0,
            "준공년월":"2004-08-17",
            "준공년차":19.0,
            "가까운역이름":"NA",
            "가까운역거리":"NA",
            "역세권여부":"NA",
            "30분이내주요거점역":"NA",
            "1시간이내주요거점역":"NA",
            "3km이내백화점수":0,
            "5km이내아울렛몰수":0,
            "1km이내대형먀트수":0,
            "500m이내은행수":0,
            "500m이내병원수":1,
            "5km이내대형병원수":1,
            "500m이내공원수":0,
            "3km이내혐오시설수":0,
            "초등학교학업성취도":90.88,
            "중학교학업성취도":68.0,
            "용적률":139,
            "건폐율":14,
            "Y":36.748405,
            "X":127.013755,
            "rank":64.0,
            "area_info":"16평(54.57), 19평(64.45), 23평(77.39), 23평(77.39)",
            "last_sales":"2022-01-07,4500.0,16평(54.57)"
        },
        {
            "index":181,
            "아파트명":"신한",
            "투자타입":"일반",
            "전용면적(m2)":"45.66",
            "전용면적(평)":"13평",
            "법정동주소":"충청남도 아산시 배방읍 세교리 432",
            "도로명주소":"충청남도 아산시",
            "세대수":0,
            "입주년차":0,
            "용적률점수":"--",
            "건폐율점수":"--",
            "세대당주차수":0,
            "난방방식":30,
            "공급면적":"--",
            "전용률":"--",
            "욕실수":50,
            "현관타입":100,
            "주거총점":18.0,
            "지역구공급총점":0.0,
            "역세권":"NA",
            "30분내 이동가능 거점":"NA",
            "1시간내 이동가능 거점":"NA",
            "교통총점":"NA",
            "백화점":100,
            "아울렛몰":0,
            "대형마트":0,
            "은행":0,
            "병원":10,
            "종합병원":100,
            "공원":0,
            "혐오시설":0,
            "인프라총점":51.0,
            "초등학군":91.48,
            "중학군":45.64,
            "학군총점":54.808,
            "인구수":34.83,
            "인구증감":21.27,
            "인구총점":30.762,
            "일자리":23.9,
            "소득수준":66.53,
            "일자리총점":36.689,
            "가치 총점":40.402,
            "매매실거래년":20220106.0,
            "매매실거래가":10500.0,
            "전세실거래년":20211014.0,
            "전세실거래가":3000.0,
            "전세가율":28.57,
            "장기전세가율평균":71.95,
            "전세가율거품지수":43.38,
            "검색코드":25851,
            "세대수":240.0,
            "준공년월":"1996-01-16",
            "준공년차":27.0,
            "가까운역이름":"NA",
            "가까운역거리":"NA",
            "역세권여부":"NA",
            "30분이내주요거점역":"NA",
            "1시간이내주요거점역":"NA",
            "3km이내백화점수":1,
            "5km이내아울렛몰수":0,
            "1km이내대형먀트수":0,
            "500m이내은행수":0,
            "500m이내병원수":4,
            "5km이내대형병원수":2,
            "500m이내공원수":0,
            "3km이내혐오시설수":0,
            "초등학교학업성취도":91.48,
            "중학교학업성취도":75.6,
            "용적률":0,
            "건폐율":0,
            "Y":36.780168,
            "X":127.091589,
            "rank":65.0,
            "area_info":"13평(45.66), 16평(54.14)",
            "last_sales":"2022-01-06,10500.0,13평(45.66)"
        },
        {
            "index":442,
            "아파트명":"아산삼일원앙",
            "투자타입":"일반",
            "전용면적(m2)":"52.43",
            "전용면적(평)":"15평",
            "법정동주소":"충청남도 아산시 음봉면 산동리 427-1",
            "도로명주소":"충청남도 아산시 음봉로 847",
            "세대수":90,
            "입주년차":0,
            "용적률점수":"--",
            "건폐율점수":"--",
            "세대당주차수":0,
            "난방방식":30,
            "공급면적":"--",
            "전용률":"--",
            "욕실수":50,
            "현관타입":10,
            "주거총점":40.5,
            "지역구공급총점":0.0,
            "역세권":"NA",
            "30분내 이동가능 거점":"NA",
            "1시간내 이동가능 거점":"NA",
            "교통총점":"NA",
            "백화점":0,
            "아울렛몰":0,
            "대형마트":80,
            "은행":0,
            "병원":0,
            "종합병원":100,
            "공원":0,
            "혐오시설":-100,
            "인프라총점":30.0,
            "초등학군":90.05,
            "중학군":48.32,
            "학군총점":56.666,
            "인구수":34.83,
            "인구증감":21.27,
            "인구총점":30.762,
            "일자리":23.9,
            "소득수준":66.53,
            "일자리총점":36.689,
            "가치 총점":40.3415,
            "매매실거래년":20220108.0,
            "매매실거래가":13300.0,
            "전세실거래년":20220105.0,
            "전세실거래가":6800.0,
            "전세가율":100.0,
            "장기전세가율평균":71.95,
            "전세가율거품지수":-28.05,
            "검색코드":10734,
            "세대수":1440.0,
            "준공년월":"1997-08-30",
            "준공년차":26.0,
            "가까운역이름":"NA",
            "가까운역거리":"NA",
            "역세권여부":"NA",
            "30분이내주요거점역":"NA",
            "1시간이내주요거점역":"NA",
            "3km이내백화점수":0,
            "5km이내아울렛몰수":0,
            "1km이내대형먀트수":1,
            "500m이내은행수":0,
            "500m이내병원수":1,
            "5km이내대형병원수":2,
            "500m이내공원수":0,
            "3km이내혐오시설수":4,
            "초등학교학업성취도":90.05,
            "중학교학업성취도":78.4,
            "용적률":200,
            "건폐율":18,
            "Y":36.828196,
            "X":127.100528,
            "rank":66.0,
            "area_info":"15평(52.43), 21평(72.38), 22평(72.73)",
            "last_sales":"2022-01-08,13300.0,21평(72.38)"
        },
        {
            "index":437,
            "아파트명":"아산더샵레이크시티3차",
            "투자타입":"일반",
            "전용면적(m2)":"98.59",
            "전용면적(평)":"29평",
            "법정동주소":"충청남도 아산시 음봉면 동암리 714",
            "도로명주소":"충청남도 아산시 음봉로 515-37",
            "세대수":90,
            "입주년차":80,
            "용적률점수":"--",
            "건폐율점수":"--",
            "세대당주차수":30,
            "난방방식":30,
            "공급면적":"--",
            "전용률":"--",
            "욕실수":100,
            "현관타입":100,
            "주거총점":75.0,
            "지역구공급총점":0.0,
            "역세권":"NA",
            "30분내 이동가능 거점":"NA",
            "1시간내 이동가능 거점":"NA",
            "교통총점":"NA",
            "백화점":0,
            "아울렛몰":0,
            "대형마트":0,
            "은행":0,
            "병원":10,
            "종합병원":0,
            "공원":0,
            "혐오시설":0,
            "인프라총점":1.0,
            "초등학군":86.77,
            "중학군":46.06,
            "학군총점":54.202,
            "인구수":34.83,
            "인구증감":21.27,
            "인구총점":30.762,
            "일자리":23.9,
            "소득수준":66.53,
            "일자리총점":36.689,
            "가치 총점":40.2005,
            "매매실거래년":20220111.0,
            "매매실거래가":28800.0,
            "전세실거래년":20211223.0,
            "전세실거래가":23000.0,
            "전세가율":79.86,
            "장기전세가율평균":71.95,
            "전세가율거품지수":-7.91,
            "검색코드":107492,
            "세대수":1118.0,
            "준공년월":"2016-01-01",
            "준공년차":7.0,
            "가까운역이름":"NA",
            "가까운역거리":"NA",
            "역세권여부":"NA",
            "30분이내주요거점역":"NA",
            "1시간이내주요거점역":"NA",
            "3km이내백화점수":0,
            "5km이내아울렛몰수":0,
            "1km이내대형먀트수":0,
            "500m이내은행수":0,
            "500m이내병원수":2,
            "5km이내대형병원수":0,
            "500m이내공원수":0,
            "3km이내혐오시설수":0,
            "초등학교학업성취도":86.77,
            "중학교학업성취도":76.1,
            "용적률":162,
            "건폐율":14,
            "Y":36.843736,
            "X":127.066073,
            "rank":67.0,
            "area_info":"29평(98.59), 33평(110.85), 33평(111.95), 39평(128.96), 39평(129.31)",
            "last_sales":"2022-01-11,28800.0,29평(98.59)"
        },
        {
            "index":429,
            "아파트명":"아산더샵레이크시티2차",
            "투자타입":"일반",
            "전용면적(m2)":"97.67",
            "전용면적(평)":"29평",
            "법정동주소":"충청남도 아산시 음봉면 월랑리 702",
            "도로명주소":"충청남도 아산시 음봉로 515-38",
            "세대수":80,
            "입주년차":80,
            "용적률점수":"--",
            "건폐율점수":"--",
            "세대당주차수":30,
            "난방방식":30,
            "공급면적":"--",
            "전용률":"--",
            "욕실수":100,
            "현관타입":100,
            "주거총점":71.5,
            "지역구공급총점":0.0,
            "역세권":"NA",
            "30분내 이동가능 거점":"NA",
            "1시간내 이동가능 거점":"NA",
            "교통총점":"NA",
            "백화점":0,
            "아울렛몰":0,
            "대형마트":0,
            "은행":0,
            "병원":10,
            "종합병원":0,
            "공원":100,
            "혐오시설":0,
            "인프라총점":4.0,
            "초등학군":86.77,
            "중학군":46.06,
            "학군총점":54.202,
            "인구수":34.83,
            "인구증감":21.27,
            "인구총점":30.762,
            "일자리":23.9,
            "소득수준":66.53,
            "일자리총점":36.689,
            "가치 총점":40.1755,
            "매매실거래년":20211204.0,
            "매매실거래가":31500.0,
            "전세실거래년":20211207.0,
            "전세실거래가":15500.0,
            "전세가율":51.67,
            "장기전세가율평균":71.95,
            "전세가율거품지수":20.28,
            "검색코드":106678,
            "세대수":796.0,
            "준공년월":"2015-12-23",
            "준공년차":8.0,
            "가까운역이름":"NA",
            "가까운역거리":"NA",
            "역세권여부":"NA",
            "30분이내주요거점역":"NA",
            "1시간이내주요거점역":"NA",
            "3km이내백화점수":0,
            "5km이내아울렛몰수":0,
            "1km이내대형먀트수":0,
            "500m이내은행수":0,
            "500m이내병원수":2,
            "5km이내대형병원수":0,
            "500m이내공원수":2,
            "3km이내혐오시설수":0,
            "초등학교학업성취도":86.77,
            "중학교학업성취도":76.1,
            "용적률":171,
            "건폐율":16,
            "Y":36.844307,
            "X":127.071019,
            "rank":68.0,
            "area_info":"29평(97.67), 33평(110.94), 33평(111.85), 33평(111.73), 38평(128.9), 39평(129.38), 39평(129.41), 39평(129.84)",
            "last_sales":"2021-12-04,31500.0,33평(111.85)"
        },
        {
            "index":27,
            "아파트명":"청솔",
            "투자타입":"일반",
            "전용면적(m2)":"73.22",
            "전용면적(평)":"22평",
            "법정동주소":"충청남도 아산시 권곡동 205-1",
            "도로명주소":"충청남도 아산시 문화로 257-17",
            "세대수":50,
            "입주년차":20,
            "용적률점수":"--",
            "건폐율점수":"--",
            "세대당주차수":0,
            "난방방식":30,
            "공급면적":"--",
            "전용률":"--",
            "욕실수":50,
            "현관타입":100,
            "주거총점":39.5,
            "지역구공급총점":0.0,
            "역세권":"NA",
            "30분내 이동가능 거점":"NA",
            "1시간내 이동가능 거점":"NA",
            "교통총점":"NA",
            "백화점":0,
            "아울렛몰":0,
            "대형마트":80,
            "은행":0,
            "병원":10,
            "종합병원":80,
            "공원":100,
            "혐오시설":0,
            "인프라총점":32.0,
            "초등학군":88.63,
            "중학군":44.28,
            "학군총점":53.15,
            "인구수":34.83,
            "인구증감":21.27,
            "인구총점":30.762,
            "일자리":23.9,
            "소득수준":66.53,
            "일자리총점":36.689,
            "가치 총점":39.9125,
            "매매실거래년":20220106.0,
            "매매실거래가":11700.0,
            "전세실거래년":20220113.0,
            "전세실거래가":11000.0,
            "전세가율":94.02,
            "장기전세가율평균":71.95,
            "전세가율거품지수":-22.07,
            "검색코드":26311,
            "세대수":620.0,
            "준공년월":"2002-07-30",
            "준공년차":21.0,
            "가까운역이름":"NA",
            "가까운역거리":"NA",
            "역세권여부":"NA",
            "30분이내주요거점역":"NA",
            "1시간이내주요거점역":"NA",
            "3km이내백화점수":0,
            "5km이내아울렛몰수":0,
            "1km이내대형먀트수":1,
            "500m이내은행수":0,
            "500m이내병원수":2,
            "5km이내대형병원수":1,
            "500m이내공원수":3,
            "3km이내혐오시설수":0,
            "초등학교학업성취도":88.63,
            "중학교학업성취도":73.0,
            "용적률":302,
            "건폐율":27,
            "Y":36.790924,
            "X":127.015171,
            "rank":69.0,
            "area_info":"22평(73.22)",
            "last_sales":"2022-01-06,11700.0,22평(73.22)"
        },
        {
            "index":358,
            "아파트명":"아산온천미소지움",
            "투자타입":"일반",
            "전용면적(m2)":"81.95",
            "전용면적(평)":"24평",
            "법정동주소":"충청남도 아산시 온천동 1935",
            "도로명주소":"충청남도 아산시 아산로 116-20",
            "세대수":50,
            "입주년차":80,
            "용적률점수":"--",
            "건폐율점수":"--",
            "세대당주차수":30,
            "난방방식":30,
            "공급면적":"--",
            "전용률":"--",
            "욕실수":100,
            "현관타입":100,
            "주거총점":61.0,
            "지역구공급총점":0.0,
            "역세권":"NA",
            "30분내 이동가능 거점":"NA",
            "1시간내 이동가능 거점":"NA",
            "교통총점":"NA",
            "백화점":0,
            "아울렛몰":0,
            "대형마트":0,
            "은행":0,
            "병원":0,
            "종합병원":80,
            "공원":100,
            "혐오시설":-50,
            "인프라총점":18.0,
            "초등학군":88.65,
            "중학군":34.44,
            "학군총점":45.282,
            "인구수":34.83,
            "인구증감":21.27,
            "인구총점":30.762,
            "일자리":23.9,
            "소득수준":66.53,
            "일자리총점":36.689,
            "가치 총점":39.8705,
            "매매실거래년":20210607.0,
            "매매실거래가":32500.0,
            "전세실거래년":null,
            "전세실거래가":null,
            "전세가율":null,
            "장기전세가율평균":71.95,
            "전세가율거품지수":null,
            "검색코드":109884,
            "세대수":586.0,
            "준공년월":"2017-02-21",
            "준공년차":6.0,
            "가까운역이름":"NA",
            "가까운역거리":"NA",
            "역세권여부":"NA",
            "30분이내주요거점역":"NA",
            "1시간이내주요거점역":"NA",
            "3km이내백화점수":0,
            "5km이내아울렛몰수":0,
            "1km이내대형먀트수":0,
            "500m이내은행수":1,
            "500m이내병원수":1,
            "5km이내대형병원수":1,
            "500m이내공원수":3,
            "3km이내혐오시설수":1,
            "초등학교학업성취도":88.65,
            "중학교학업성취도":56.8,
            "용적률":224,
            "건폐율":20,
            "Y":36.791804,
            "X":126.99544,
            "rank":70.0,
            "area_info":"24평(81.95), 24평(81.92), 24평(82.18), 27평(91.12), 29평(98.78), 33평(110.68)",
            "last_sales":"2021-06-07,32500.0,33평(110.68)"
        },
        {
            "index":420,
            "아파트명":"더샵레이크사이드",
            "투자타입":"일반",
            "전용면적(m2)":"110.99",
            "전용면적(평)":"33평",
            "법정동주소":"충청남도 아산시 음봉면 덕지리 580",
            "도로명주소":"충청남도 아산시 음봉로 567",
            "세대수":90,
            "입주년차":40,
            "용적률점수":"--",
            "건폐율점수":"--",
            "세대당주차수":60,
            "난방방식":30,
            "공급면적":"--",
            "전용률":"--",
            "욕실수":100,
            "현관타입":100,
            "주거총점":71.5,
            "지역구공급총점":0.0,
            "역세권":"NA",
            "30분내 이동가능 거점":"NA",
            "1시간내 이동가능 거점":"NA",
            "교통총점":"NA",
            "백화점":0,
            "아울렛몰":0,
            "대형마트":0,
            "은행":0,
            "병원":0,
            "종합병원":0,
            "공원":100,
            "혐오시설":0,
            "인프라총점":3.0,
            "초등학군":86.77,
            "중학군":46.06,
            "학군총점":54.202,
            "인구수":34.83,
            "인구증감":21.27,
            "인구총점":30.762,
            "일자리":23.9,
            "소득수준":66.53,
            "일자리총점":36.689,
            "가치 총점":39.7755,
            "매매실거래년":20220109.0,
            "매매실거래가":27800.0,
            "전세실거래년":20211229.0,
            "전세실거래가":20000.0,
            "전세가율":71.94,
            "장기전세가율평균":71.95,
            "전세가율거품지수":0.01,
            "검색코드":19307,
            "세대수":1288.0,
            "준공년월":"2006-12-15",
            "준공년차":17.0,
            "가까운역이름":"NA",
            "가까운역거리":"NA",
            "역세권여부":"NA",
            "30분이내주요거점역":"NA",
            "1시간이내주요거점역":"NA",
            "3km이내백화점수":0,
            "5km이내아울렛몰수":0,
            "1km이내대형먀트수":0,
            "500m이내은행수":0,
            "500m이내병원수":0,
            "5km이내대형병원수":0,
            "500m이내공원수":2,
            "3km이내혐오시설수":0,
            "초등학교학업성취도":86.77,
            "중학교학업성취도":76.1,
            "용적률":167,
            "건폐율":14,
            "Y":36.841654,
            "X":127.073989,
            "rank":71.0,
            "area_info":"33평(110.99), 39평(131.54), 49평(164.68), 59평(197.55)",
            "last_sales":"2022-01-09,27800.0,33평(110.99)"
        },
        {
            "index":349,
            "아파트명":"아산갤러리휴리움(도시형)",
            "투자타입":"일반",
            "전용면적(m2)":"27.09",
            "전용면적(평)":"8평",
            "법정동주소":"충청남도 아산시 온천동 79-14",
            "도로명주소":"충청남도 아산시",
            "세대수":0,
            "입주년차":80,
            "용적률점수":"--",
            "건폐율점수":"--",
            "세대당주차수":0,
            "난방방식":30,
            "공급면적":"--",
            "전용률":"--",
            "욕실수":50,
            "현관타입":10,
            "주거총점":25.0,
            "지역구공급총점":0.0,
            "역세권":"NA",
            "30분내 이동가능 거점":"NA",
            "1시간내 이동가능 거점":"NA",
            "교통총점":"NA",
            "백화점":0,
            "아울렛몰":0,
            "대형마트":100,
            "은행":20,
            "병원":80,
            "종합병원":80,
            "공원":80,
            "혐오시설":0,
            "인프라총점":43.4,
            "초등학군":92.08,
            "중학군":41.04,
            "학군총점":51.248,
            "인구수":34.83,
            "인구증감":21.27,
            "인구총점":30.762,
            "일자리":23.9,
            "소득수준":66.53,
            "일자리총점":36.689,
            "가치 총점":38.922,
            "매매실거래년":20210701.0,
            "매매실거래가":13000.0,
            "전세실거래년":20181214.0,
            "전세실거래가":5300.0,
            "전세가율":100.0,
            "장기전세가율평균":71.95,
            "전세가율거품지수":-28.05,
            "검색코드":115339,
            "세대수":256.0,
            "준공년월":"2018-05-01",
            "준공년차":5.0,
            "가까운역이름":"NA",
            "가까운역거리":"NA",
            "역세권여부":"NA",
            "30분이내주요거점역":"NA",
            "1시간이내주요거점역":"NA",
            "3km이내백화점수":0,
            "5km이내아울렛몰수":0,
            "1km이내대형먀트수":2,
            "500m이내은행수":2,
            "500m이내병원수":52,
            "5km이내대형병원수":1,
            "500m이내공원수":1,
            "3km이내혐오시설수":0,
            "초등학교학업성취도":92.08,
            "중학교학업성취도":68.0,
            "용적률":0,
            "건폐율":0,
            "Y":36.780032,
            "X":127.007962,
            "rank":72.0,
            "area_info":"8평(27.09), 8평(28.95), 9평(30.93), 15평(52.19), 17평(57.88), 18평(59.86)",
            "last_sales":"2021-07-01,13000.0,15평(52.19)"
        },
        {
            "index":118,
            "아파트명":"아산삼환나우빌",
            "투자타입":"일반",
            "전용면적(m2)":"116.85",
            "전용면적(평)":"35평",
            "법정동주소":"충청남도 아산시 방축동 707",
            "도로명주소":"충청남도 아산시 번영로 15",
            "세대수":0,
            "입주년차":40,
            "용적률점수":"--",
            "건폐율점수":"--",
            "세대당주차수":60,
            "난방방식":30,
            "공급면적":"--",
            "전용률":"--",
            "욕실수":100,
            "현관타입":100,
            "주거총점":40.0,
            "지역구공급총점":0.0,
            "역세권":"NA",
            "30분내 이동가능 거점":"NA",
            "1시간내 이동가능 거점":"NA",
            "교통총점":"NA",
            "백화점":0,
            "아울렛몰":0,
            "대형마트":100,
            "은행":0,
            "병원":10,
            "종합병원":80,
            "공원":80,
            "혐오시설":-50,
            "인프라총점":33.4,
            "초등학군":88.65,
            "중학군":34.44,
            "학군총점":45.282,
            "인구수":34.83,
            "인구증감":21.27,
            "인구총점":30.762,
            "일자리":23.9,
            "소득수준":66.53,
            "일자리총점":36.689,
            "가치 총점":38.6805,
            "매매실거래년":20211217.0,
            "매매실거래가":21900.0,
            "전세실거래년":20210606.0,
            "전세실거래가":18000.0,
            "전세가율":72.0,
            "장기전세가율평균":71.95,
            "전세가율거품지수":-0.05,
            "검색코드":19379,
            "세대수":256.0,
            "준공년월":"2006-10-31",
            "준공년차":17.0,
            "가까운역이름":"NA",
            "가까운역거리":"NA",
            "역세권여부":"NA",
            "30분이내주요거점역":"NA",
            "1시간이내주요거점역":"NA",
            "3km이내백화점수":0,
            "5km이내아울렛몰수":0,
            "1km이내대형먀트수":3,
            "500m이내은행수":0,
            "500m이내병원수":3,
            "5km이내대형병원수":1,
            "500m이내공원수":1,
            "3km이내혐오시설수":1,
            "초등학교학업성취도":88.65,
            "중학교학업성취도":56.8,
            "용적률":205,
            "건폐율":18,
            "Y":36.785616,
            "X":126.991555,
            "rank":73.0,
            "area_info":"35평(116.85), 46평(155.04)",
            "last_sales":"2021-12-17,21900.0,46평(155.04)"
        },
        {
            "index":372,
            "아파트명":"올리브힐(도시형)",
            "투자타입":"일반",
            "전용면적(m2)":"24.94",
            "전용면적(평)":"7평",
            "법정동주소":"충청남도 아산시 온천동 307-41",
            "도로명주소":"충청남도 아산시 청운로84번길 15",
            "세대수":0,
            "입주년차":80,
            "용적률점수":"--",
            "건폐율점수":"--",
            "세대당주차수":0,
            "난방방식":30,
            "공급면적":"--",
            "전용률":"--",
            "욕실수":50,
            "현관타입":10,
            "주거총점":25.0,
            "지역구공급총점":0.0,
            "역세권":"NA",
            "30분내 이동가능 거점":"NA",
            "1시간내 이동가능 거점":"NA",
            "교통총점":"NA",
            "백화점":0,
            "아울렛몰":0,
            "대형마트":80,
            "은행":20,
            "병원":80,
            "종합병원":80,
            "공원":100,
            "혐오시설":0,
            "인프라총점":41.0,
            "초등학군":92.08,
            "중학군":43.72,
            "학군총점":53.392,
            "인구수":34.83,
            "인구증감":21.27,
            "인구총점":30.762,
            "일자리":23.9,
            "소득수준":66.53,
            "일자리총점":36.689,
            "가치 총점":38.498,
            "매매실거래년":20210820.0,
            "매매실거래가":11000.0,
            "전세실거래년":null,
            "전세실거래가":null,
            "전세가율":null,
            "장기전세가율평균":71.95,
            "전세가율거품지수":null,
            "검색코드":111920,
            "세대수":212.0,
            "준공년월":"2016-04-25",
            "준공년차":7.0,
            "가까운역이름":"NA",
            "가까운역거리":"NA",
            "역세권여부":"NA",
            "30분이내주요거점역":"NA",
            "1시간이내주요거점역":"NA",
            "3km이내백화점수":0,
            "5km이내아울렛몰수":0,
            "1km이내대형먀트수":1,
            "500m이내은행수":2,
            "500m이내병원수":55,
            "5km이내대형병원수":1,
            "500m이내공원수":2,
            "3km이내혐오시설수":0,
            "초등학교학업성취도":92.08,
            "중학교학업성취도":71.8,
            "용적률":399,
            "건폐율":51,
            "Y":36.781346,
            "X":127.008852,
            "rank":74.0,
            "area_info":"7평(24.94), 7평(25.96), 7평(25.16), 8평(27.21), 8평(28.65), 9평(31.23), 16평(55.02), 17평(56.33), 19평(63.17), 19평(64.64)",
            "last_sales":"2021-08-20,11000.0,19평(64.64)"
        },
        {
            "index":100,
            "아파트명":"남산현대",
            "투자타입":"일반",
            "전용면적(m2)":"104.5",
            "전용면적(평)":"31평",
            "법정동주소":"충청남도 아산시 방축동 134-1",
            "도로명주소":"충청남도 아산시 문화로 26-4",
            "세대수":30,
            "입주년차":0,
            "용적률점수":"--",
            "건폐율점수":"--",
            "세대당주차수":30,
            "난방방식":30,
            "공급면적":"--",
            "전용률":"--",
            "욕실수":100,
            "현관타입":100,
            "주거총점":38.0,
            "지역구공급총점":0.0,
            "역세권":"NA",
            "30분내 이동가능 거점":"NA",
            "1시간내 이동가능 거점":"NA",
            "교통총점":"NA",
            "백화점":0,
            "아울렛몰":0,
            "대형마트":100,
            "은행":0,
            "병원":10,
            "종합병원":80,
            "공원":100,
            "혐오시설":-50,
            "인프라총점":34.0,
            "초등학군":88.65,
            "중학군":34.44,
            "학군총점":45.282,
            "인구수":34.83,
            "인구증감":21.27,
            "인구총점":30.762,
            "일자리":23.9,
            "소득수준":66.53,
            "일자리총점":36.689,
            "가치 총점":38.2205,
            "매매실거래년":20211229.0,
            "매매실거래가":18700.0,
            "전세실거래년":20210426.0,
            "전세실거래가":14000.0,
            "전세가율":74.87,
            "장기전세가율평균":71.95,
            "전세가율거품지수":-2.92,
            "검색코드":7106,
            "세대수":332.0,
            "준공년월":"1998-11-25",
            "준공년차":25.0,
            "가까운역이름":"NA",
            "가까운역거리":"NA",
            "역세권여부":"NA",
            "30분이내주요거점역":"NA",
            "1시간이내주요거점역":"NA",
            "3km이내백화점수":0,
            "5km이내아울렛몰수":0,
            "1km이내대형먀트수":3,
            "500m이내은행수":0,
            "500m이내병원수":2,
            "5km이내대형병원수":1,
            "500m이내공원수":2,
            "3km이내혐오시설수":1,
            "초등학교학업성취도":88.65,
            "중학교학업성취도":56.8,
            "용적률":230,
            "건폐율":22,
            "Y":36.785952,
            "X":126.990789,
            "rank":75.0,
            "area_info":"31평(104.5), 41평(135.59)",
            "last_sales":"2021-12-29,18700.0,31평(104.5)"
        },
        {
            "index":15,
            "아파트명":"아산더샵퍼스트타워",
            "투자타입":"일반",
            "전용면적(m2)":"127.0",
            "전용면적(평)":"38평",
            "법정동주소":"충청남도 아산시 권곡동 620",
            "도로명주소":"충청남도 아산시 권곡로 47",
            "세대수":30,
            "입주년차":60,
            "용적률점수":"--",
            "건폐율점수":"--",
            "세대당주차수":60,
            "난방방식":30,
            "공급면적":"--",
            "전용률":"--",
            "욕실수":100,
            "현관타입":50,
            "주거총점":49.5,
            "지역구공급총점":0.0,
            "역세권":"NA",
            "30분내 이동가능 거점":"NA",
            "1시간내 이동가능 거점":"NA",
            "교통총점":"NA",
            "백화점":0,
            "아울렛몰":0,
            "대형마트":0,
            "은행":0,
            "병원":0,
            "종합병원":80,
            "공원":100,
            "혐오시설":0,
            "인프라총점":19.0,
            "초등학군":88.63,
            "중학군":44.28,
            "학군총점":53.15,
            "인구수":34.83,
            "인구증감":21.27,
            "인구총점":30.762,
            "일자리":23.9,
            "소득수준":66.53,
            "일자리총점":36.689,
            "가치 총점":38.2125,
            "매매실거래년":20220104.0,
            "매매실거래가":49800.0,
            "전세실거래년":20211112.0,
            "전세실거래가":18000.0,
            "전세가율":50.14,
            "장기전세가율평균":71.95,
            "전세가율거품지수":21.81,
            "검색코드":27676,
            "세대수":390.0,
            "준공년월":"2009-06-25",
            "준공년차":14.0,
            "가까운역이름":"NA",
            "가까운역거리":"NA",
            "역세권여부":"NA",
            "30분이내주요거점역":"NA",
            "1시간이내주요거점역":"NA",
            "3km이내백화점수":0,
            "5km이내아울렛몰수":0,
            "1km이내대형먀트수":0,
            "500m이내은행수":0,
            "500m이내병원수":0,
            "5km이내대형병원수":1,
            "500m이내공원수":2,
            "3km이내혐오시설수":0,
            "초등학교학업성취도":88.63,
            "중학교학업성취도":73.0,
            "용적률":238,
            "건폐율":15,
            "Y":36.794686,
            "X":127.010283,
            "rank":76.0,
            "area_info":"38평(127.0), 48평(161.32), 48평(161.77), 57평(189.89), 68평(225.93), 68평(226.71), 79평(263.41)",
            "last_sales":"2022-01-04,49800.0,57평(189.89)"
        },
        {
            "index":102,
            "아파트명":"동아1차",
            "투자타입":"일반",
            "전용면적(m2)":"76.26",
            "전용면적(평)":"23평",
            "법정동주소":"충청남도 아산시 방축동 140-4",
            "도로명주소":"충청남도 아산시 온천대로1333번길 7",
            "세대수":50,
            "입주년차":0,
            "용적률점수":"--",
            "건폐율점수":"--",
            "세대당주차수":0,
            "난방방식":30,
            "공급면적":"--",
            "전용률":"--",
            "욕실수":50,
            "현관타입":100,
            "주거총점":35.5,
            "지역구공급총점":0.0,
            "역세권":"NA",
            "30분내 이동가능 거점":"NA",
            "1시간내 이동가능 거점":"NA",
            "교통총점":"NA",
            "백화점":0,
            "아울렛몰":0,
            "대형마트":100,
            "은행":0,
            "병원":10,
            "종합병원":80,
            "공원":80,
            "혐오시설":-50,
            "인프라총점":33.4,
            "초등학군":100.0,
            "중학군":34.44,
            "학군총점":47.552,
            "인구수":34.83,
            "인구증감":21.27,
            "인구총점":30.762,
            "일자리":23.9,
            "소득수준":66.53,
            "일자리총점":36.689,
            "가치 총점":37.673,
            "매매실거래년":20211217.0,
            "매매실거래가":11000.0,
            "전세실거래년":20210710.0,
            "전세실거래가":9000.0,
            "전세가율":81.82,
            "장기전세가율평균":71.95,
            "전세가율거품지수":-9.87,
            "검색코드":7108,
            "세대수":484.0,
            "준공년월":"1997-08-12",
            "준공년차":26.0,
            "가까운역이름":"NA",
            "가까운역거리":"NA",
            "역세권여부":"NA",
            "30분이내주요거점역":"NA",
            "1시간이내주요거점역":"NA",
            "3km이내백화점수":0,
            "5km이내아울렛몰수":0,
            "1km이내대형먀트수":3,
            "500m이내은행수":0,
            "500m이내병원수":2,
            "5km이내대형병원수":1,
            "500m이내공원수":1,
            "3km이내혐오시설수":1,
            "초등학교학업성취도":100.0,
            "중학교학업성취도":56.8,
            "용적률":372,
            "건폐율":24,
            "Y":36.78614,
            "X":126.986338,
            "rank":77.0,
            "area_info":"23평(76.26), 30평(100.71)",
            "last_sales":"2021-12-17,11000.0,23평(76.26)"
        },
        {
            "index":388,
            "아파트명":"모아미래도",
            "투자타입":"일반",
            "전용면적(m2)":"118.44",
            "전용면적(평)":"35평",
            "법정동주소":"충청남도 아산시 용화동 713",
            "도로명주소":"충청남도 아산시 온중로 6",
            "세대수":50,
            "입주년차":40,
            "용적률점수":"--",
            "건폐율점수":"--",
            "세대당주차수":30,
            "난방방식":30,
            "공급면적":"--",
            "전용률":"--",
            "욕실수":100,
            "현관타입":100,
            "주거총점":53.0,
            "지역구공급총점":0.0,
            "역세권":"NA",
            "30분내 이동가능 거점":"NA",
            "1시간내 이동가능 거점":"NA",
            "교통총점":"NA",
            "백화점":0,
            "아울렛몰":0,
            "대형마트":0,
            "은행":0,
            "병원":0,
            "종합병원":80,
            "공원":100,
            "혐오시설":0,
            "인프라총점":19.0,
            "초등학군":88.69,
            "중학군":34.92,
            "학군총점":45.674,
            "인구수":34.83,
            "인구증감":21.27,
            "인구총점":30.762,
            "일자리":23.9,
            "소득수준":66.53,
            "일자리총점":36.689,
            "가치 총점":37.5685,
            "매매실거래년":20211217.0,
            "매매실거래가":26000.0,
            "전세실거래년":20211208.0,
            "전세실거래가":21000.0,
            "전세가율":80.77,
            "장기전세가율평균":71.95,
            "전세가율거품지수":-8.82,
            "검색코드":12933,
            "세대수":510.0,
            "준공년월":"2005-02-17",
            "준공년차":18.0,
            "가까운역이름":"NA",
            "가까운역거리":"NA",
            "역세권여부":"NA",
            "30분이내주요거점역":"NA",
            "1시간이내주요거점역":"NA",
            "3km이내백화점수":0,
            "5km이내아울렛몰수":0,
            "1km이내대형먀트수":0,
            "500m이내은행수":0,
            "500m이내병원수":1,
            "5km이내대형병원수":1,
            "500m이내공원수":5,
            "3km이내혐오시설수":0,
            "초등학교학업성취도":88.69,
            "중학교학업성취도":57.8,
            "용적률":210,
            "건폐율":21,
            "Y":36.771366,
            "X":126.997533,
            "rank":78.0,
            "area_info":"35평(118.44), 46평(153.24)",
            "last_sales":"2021-12-17,26000.0,35평(118.44)"
        },
        {
            "index":57,
            "아파트명":"테크노밸리이지더원2단지",
            "투자타입":"일반",
            "전용면적(m2)":"83.82",
            "전용면적(평)":"25평",
            "법정동주소":"충청남도 아산시 둔포면 석곡리 1801",
            "도로명주소":"충청남도 아산시 아산밸리중앙로 58-5",
            "세대수":50,
            "입주년차":80,
            "용적률점수":"--",
            "건폐율점수":"--",
            "세대당주차수":30,
            "난방방식":30,
            "공급면적":"--",
            "전용률":"--",
            "욕실수":100,
            "현관타입":100,
            "주거총점":61.0,
            "지역구공급총점":0.0,
            "역세권":"NA",
            "30분내 이동가능 거점":"NA",
            "1시간내 이동가능 거점":"NA",
            "교통총점":"NA",
            "백화점":0,
            "아울렛몰":0,
            "대형마트":0,
            "은행":0,
            "병원":60,
            "종합병원":0,
            "공원":100,
            "혐오시설":0,
            "인프라총점":9.0,
            "초등학군":86.93,
            "중학군":40.68,
            "학군총점":49.93,
            "인구수":34.83,
            "인구증감":21.27,
            "인구총점":30.762,
            "일자리":23.9,
            "소득수준":66.53,
            "일자리총점":36.689,
            "가치 총점":37.4325,
            "매매실거래년":20211219.0,
            "매매실거래가":29000.0,
            "전세실거래년":20211218.0,
            "전세실거래가":14700.0,
            "전세가율":61.76,
            "장기전세가율평균":71.95,
            "전세가율거품지수":10.19,
            "검색코드":107732,
            "세대수":542.0,
            "준공년월":"2015-09-25",
            "준공년차":8.0,
            "가까운역이름":"NA",
            "가까운역거리":"NA",
            "역세권여부":"NA",
            "30분이내주요거점역":"NA",
            "1시간이내주요거점역":"NA",
            "3km이내백화점수":0,
            "5km이내아울렛몰수":0,
            "1km이내대형먀트수":0,
            "500m이내은행수":1,
            "500m이내병원수":10,
            "5km이내대형병원수":0,
            "500m이내공원수":6,
            "3km이내혐오시설수":0,
            "초등학교학업성취도":86.93,
            "중학교학업성취도":67.8,
            "용적률":193,
            "건폐율":18,
            "Y":36.923037,
            "X":127.055766,
            "rank":79.0,
            "area_info":"25평(83.82), 25평(83.68), 31평(103.0)",
            "last_sales":"2021-12-19,29000.0,31평(103.0)"
        },
        {
            "index":39,
            "아파트명":"아산테크노밸리이지더원3단지",
            "투자타입":"일반",
            "전용면적(m2)":"95.59",
            "전용면적(평)":"28평",
            "법정동주소":"충청남도 아산시 둔포면 석곡리 1788",
            "도로명주소":"충청남도 아산시 아산밸리중앙로 47",
            "세대수":50,
            "입주년차":80,
            "용적률점수":"--",
            "건폐율점수":"--",
            "세대당주차수":30,
            "난방방식":30,
            "공급면적":"--",
            "전용률":"--",
            "욕실수":100,
            "현관타입":100,
            "주거총점":61.0,
            "지역구공급총점":0.0,
            "역세권":"NA",
            "30분내 이동가능 거점":"NA",
            "1시간내 이동가능 거점":"NA",
            "교통총점":"NA",
            "백화점":0,
            "아울렛몰":0,
            "대형마트":0,
            "은행":0,
            "병원":60,
            "종합병원":0,
            "공원":100,
            "혐오시설":0,
            "인프라총점":9.0,
            "초등학군":86.93,
            "중학군":40.68,
            "학군총점":49.93,
            "인구수":34.83,
            "인구증감":21.27,
            "인구총점":30.762,
            "일자리":23.9,
            "소득수준":66.53,
            "일자리총점":36.689,
            "가치 총점":37.4325,
            "매매실거래년":20220107.0,
            "매매실거래가":27000.0,
            "전세실거래년":20211227.0,
            "전세실거래가":22000.0,
            "전세가율":81.48,
            "장기전세가율평균":71.95,
            "전세가율거품지수":-9.53,
            "검색코드":109383,
            "세대수":589.0,
            "준공년월":"2016-12-01",
            "준공년차":7.0,
            "가까운역이름":"NA",
            "가까운역거리":"NA",
            "역세권여부":"NA",
            "30분이내주요거점역":"NA",
            "1시간이내주요거점역":"NA",
            "3km이내백화점수":0,
            "5km이내아울렛몰수":0,
            "1km이내대형먀트수":0,
            "500m이내은행수":1,
            "500m이내병원수":10,
            "5km이내대형병원수":0,
            "500m이내공원수":6,
            "3km이내혐오시설수":0,
            "초등학교학업성취도":86.93,
            "중학교학업성취도":67.8,
            "용적률":0,
            "건폐율":0,
            "Y":36.924576,
            "X":127.053266,
            "rank":79.0,
            "area_info":"28평(95.59), 29평(95.87)",
            "last_sales":"2022-01-07,27000.0,28평(95.59)"
        },
        {
            "index":41,
            "아파트명":"아산테크노밸리이지더원4단지",
            "투자타입":"일반",
            "전용면적(m2)":"95.45",
            "전용면적(평)":"28평",
            "법정동주소":"충청남도 아산시 둔포면 석곡리 1797",
            "도로명주소":"충청남도 아산시 아산밸리중앙로 67",
            "세대수":50,
            "입주년차":80,
            "용적률점수":"--",
            "건폐율점수":"--",
            "세대당주차수":30,
            "난방방식":30,
            "공급면적":"--",
            "전용률":"--",
            "욕실수":100,
            "현관타입":100,
            "주거총점":61.0,
            "지역구공급총점":0.0,
            "역세권":"NA",
            "30분내 이동가능 거점":"NA",
            "1시간내 이동가능 거점":"NA",
            "교통총점":"NA",
            "백화점":0,
            "아울렛몰":0,
            "대형마트":0,
            "은행":0,
            "병원":60,
            "종합병원":0,
            "공원":100,
            "혐오시설":0,
            "인프라총점":9.0,
            "초등학군":86.93,
            "중학군":40.68,
            "학군총점":49.93,
            "인구수":34.83,
            "인구증감":21.27,
            "인구총점":30.762,
            "일자리":23.9,
            "소득수준":66.53,
            "일자리총점":36.689,
            "가치 총점":37.4325,
            "매매실거래년":20211225.0,
            "매매실거래가":28200.0,
            "전세실거래년":20220104.0,
            "전세실거래가":22000.0,
            "전세가율":78.01,
            "장기전세가율평균":71.95,
            "전세가율거품지수":-6.06,
            "검색코드":109384,
            "세대수":665.0,
            "준공년월":"2016-12-01",
            "준공년차":7.0,
            "가까운역이름":"NA",
            "가까운역거리":"NA",
            "역세권여부":"NA",
            "30분이내주요거점역":"NA",
            "1시간이내주요거점역":"NA",
            "3km이내백화점수":0,
            "5km이내아울렛몰수":0,
            "1km이내대형먀트수":0,
            "500m이내은행수":1,
            "500m이내병원수":10,
            "5km이내대형병원수":0,
            "500m이내공원수":6,
            "3km이내혐오시설수":0,
            "초등학교학업성취도":86.93,
            "중학교학업성취도":67.8,
            "용적률":194,
            "건폐율":17,
            "Y":36.924232,
            "X":127.055413,
            "rank":79.0,
            "area_info":"28평(95.45), 28평(95.7)",
            "last_sales":"2021-12-25,28200.0,28평(95.45)"
        },
        {
            "index":45,
            "아파트명":"아산테크노밸리이지더원6단지",
            "투자타입":"일반",
            "전용면적(m2)":"95.37",
            "전용면적(평)":"28평",
            "법정동주소":"충청남도 아산시 둔포면 석곡리 1793",
            "도로명주소":"충청남도 아산시 아산밸리북로 68",
            "세대수":50,
            "입주년차":80,
            "용적률점수":"--",
            "건폐율점수":"--",
            "세대당주차수":30,
            "난방방식":30,
            "공급면적":"--",
            "전용률":"--",
            "욕실수":100,
            "현관타입":100,
            "주거총점":61.0,
            "지역구공급총점":0.0,
            "역세권":"NA",
            "30분내 이동가능 거점":"NA",
            "1시간내 이동가능 거점":"NA",
            "교통총점":"NA",
            "백화점":0,
            "아울렛몰":0,
            "대형마트":0,
            "은행":0,
            "병원":60,
            "종합병원":0,
            "공원":100,
            "혐오시설":0,
            "인프라총점":9.0,
            "초등학군":86.93,
            "중학군":40.68,
            "학군총점":49.93,
            "인구수":34.83,
            "인구증감":21.27,
            "인구총점":30.762,
            "일자리":23.9,
            "소득수준":66.53,
            "일자리총점":36.689,
            "가치 총점":37.4325,
            "매매실거래년":20211223.0,
            "매매실거래가":28000.0,
            "전세실거래년":20220101.0,
            "전세실거래가":20000.0,
            "전세가율":71.43,
            "장기전세가율평균":71.95,
            "전세가율거품지수":0.52,
            "검색코드":109937,
            "세대수":650.0,
            "준공년월":"2017-02-01",
            "준공년차":6.0,
            "가까운역이름":"NA",
            "가까운역거리":"NA",
            "역세권여부":"NA",
            "30분이내주요거점역":"NA",
            "1시간이내주요거점역":"NA",
            "3km이내백화점수":0,
            "5km이내아울렛몰수":0,
            "1km이내대형먀트수":0,
            "500m이내은행수":1,
            "500m이내병원수":10,
            "5km이내대형병원수":0,
            "500m이내공원수":4,
            "3km이내혐오시설수":0,
            "초등학교학업성취도":86.93,
            "중학교학업성취도":67.8,
            "용적률":184,
            "건폐율":15,
            "Y":36.926277,
            "X":127.055266,
            "rank":79.0,
            "area_info":"28평(95.37), 28평(95.37)",
            "last_sales":"2021-12-23,28000.0,28평(95.37)"
        },
        {
            "index":54,
            "아파트명":"테크노밸리이지더원1단지",
            "투자타입":"일반",
            "전용면적(m2)":"83.3",
            "전용면적(평)":"25평",
            "법정동주소":"충청남도 아산시 둔포면 석곡리 1808",
            "도로명주소":"충청남도 아산시 아산밸리중앙로 50",
            "세대수":50,
            "입주년차":80,
            "용적률점수":"--",
            "건폐율점수":"--",
            "세대당주차수":30,
            "난방방식":30,
            "공급면적":"--",
            "전용률":"--",
            "욕실수":100,
            "현관타입":100,
            "주거총점":61.0,
            "지역구공급총점":0.0,
            "역세권":"NA",
            "30분내 이동가능 거점":"NA",
            "1시간내 이동가능 거점":"NA",
            "교통총점":"NA",
            "백화점":0,
            "아울렛몰":0,
            "대형마트":0,
            "은행":0,
            "병원":60,
            "종합병원":0,
            "공원":100,
            "혐오시설":0,
            "인프라총점":9.0,
            "초등학군":86.93,
            "중학군":40.68,
            "학군총점":49.93,
            "인구수":34.83,
            "인구증감":21.27,
            "인구총점":30.762,
            "일자리":23.9,
            "소득수준":66.53,
            "일자리총점":36.689,
            "가치 총점":37.4325,
            "매매실거래년":20211223.0,
            "매매실거래가":20200.0,
            "전세실거래년":20211213.0,
            "전세실거래가":19000.0,
            "전세가율":94.06,
            "장기전세가율평균":71.95,
            "전세가율거품지수":-22.11,
            "검색코드":107733,
            "세대수":471.0,
            "준공년월":"2015-09-25",
            "준공년차":8.0,
            "가까운역이름":"NA",
            "가까운역거리":"NA",
            "역세권여부":"NA",
            "30분이내주요거점역":"NA",
            "1시간이내주요거점역":"NA",
            "3km이내백화점수":0,
            "5km이내아울렛몰수":0,
            "1km이내대형먀트수":0,
            "500m이내은행수":1,
            "500m이내병원수":10,
            "5km이내대형병원수":0,
            "500m이내공원수":5,
            "3km이내혐오시설수":0,
            "초등학교학업성취도":86.93,
            "중학교학업성취도":67.8,
            "용적률":196,
            "건폐율":17,
            "Y":36.922985,
            "X":127.052658,
            "rank":79.0,
            "area_info":"25평(83.3), 25평(83.15), 31평(102.51)",
            "last_sales":"2021-12-23,20200.0,25평(83.3)"
        },
        {
            "index":460,
            "아파트명":"더퍼스트휴(도시형)",
            "투자타입":"일반",
            "전용면적(m2)":"25.79",
            "전용면적(평)":"7평",
            "법정동주소":"충청남도 아산시 탕정면 용두리 720",
            "도로명주소":"충청남도 아산시 용머리길 109",
            "세대수":0,
            "입주년차":100,
            "용적률점수":"--",
            "건폐율점수":"--",
            "세대당주차수":30,
            "난방방식":30,
            "공급면적":"--",
            "전용률":"--",
            "욕실수":50,
            "현관타입":100,
            "주거총점":42.5,
            "지역구공급총점":0.0,
            "역세권":"NA",
            "30분내 이동가능 거점":"NA",
            "1시간내 이동가능 거점":"NA",
            "교통총점":"NA",
            "백화점":0,
            "아울렛몰":0,
            "대형마트":0,
            "은행":0,
            "병원":0,
            "종합병원":80,
            "공원":80,
            "혐오시설":0,
            "인프라총점":18.4,
            "초등학군":92.0,
            "중학군":50.24,
            "학군총점":58.592,
            "인구수":34.83,
            "인구증감":21.27,
            "인구총점":30.762,
            "일자리":23.9,
            "소득수준":66.53,
            "일자리총점":36.689,
            "가치 총점":36.883,
            "매매실거래년":"18000101",
            "매매실거래가":null,
            "전세실거래년":null,
            "전세실거래가":null,
            "전세가율":null,
            "장기전세가율평균":71.95,
            "전세가율거품지수":null,
            "검색코드":140718,
            "세대수":206.0,
            "준공년월":"2021-02-03",
            "준공년차":2.0,
            "가까운역이름":"NA",
            "가까운역거리":"NA",
            "역세권여부":"NA",
            "30분이내주요거점역":"NA",
            "1시간이내주요거점역":"NA",
            "3km이내백화점수":0,
            "5km이내아울렛몰수":0,
            "1km이내대형먀트수":0,
            "500m이내은행수":0,
            "500m이내병원수":0,
            "5km이내대형병원수":1,
            "500m이내공원수":1,
            "3km이내혐오시설수":0,
            "초등학교학업성취도":92.0,
            "중학교학업성취도":82.6,
            "용적률":292,
            "건폐율":50,
            "Y":36.796391,
            "X":127.051177,
            "rank":80.0,
            "area_info":"7평(25.79), 7평(25.07), 7평(26.15), 8평(28.04), 9평(32.94), 11평(39.16), 13평(43.05), 14평(48.53)",
            "last_sales":"1800-01-01,nan,7평(25.79)"
        },
        {
            "index":287,
            "아파트명":"아산엘크루",
            "투자타입":"일반",
            "전용면적(m2)":"109.62",
            "전용면적(평)":"33평",
            "법정동주소":"충청남도 아산시 신인동 453",
            "도로명주소":"충청남도 아산시 순천향로 602",
            "세대수":50,
            "입주년차":60,
            "용적률점수":"--",
            "건폐율점수":"--",
            "세대당주차수":30,
            "난방방식":30,
            "공급면적":"--",
            "전용률":"--",
            "욕실수":100,
            "현관타입":100,
            "주거총점":57.0,
            "지역구공급총점":0.0,
            "역세권":"NA",
            "30분내 이동가능 거점":"NA",
            "1시간내 이동가능 거점":"NA",
            "교통총점":"NA",
            "백화점":0,
            "아울렛몰":0,
            "대형마트":0,
            "은행":0,
            "병원":0,
            "종합병원":80,
            "공원":0,
            "혐오시설":0,
            "인프라총점":16.0,
            "초등학군":69.81,
            "중학군":34.92,
            "학군총점":41.898,
            "인구수":34.83,
            "인구증감":21.27,
            "인구총점":30.762,
            "일자리":23.9,
            "소득수준":66.53,
            "일자리총점":36.689,
            "가치 총점":36.8245,
            "매매실거래년":20211117.0,
            "매매실거래가":14800.0,
            "전세실거래년":20211229.0,
            "전세실거래가":11000.0,
            "전세가율":74.32,
            "장기전세가율평균":71.95,
            "전세가율거품지수":-2.37,
            "검색코드":119384,
            "세대수":480.0,
            "준공년월":"2010-09-30",
            "준공년차":13.0,
            "가까운역이름":"NA",
            "가까운역거리":"NA",
            "역세권여부":"NA",
            "30분이내주요거점역":"NA",
            "1시간이내주요거점역":"NA",
            "3km이내백화점수":0,
            "5km이내아울렛몰수":0,
            "1km이내대형먀트수":0,
            "500m이내은행수":0,
            "500m이내병원수":0,
            "5km이내대형병원수":1,
            "500m이내공원수":0,
            "3km이내혐오시설수":0,
            "초등학교학업성취도":69.81,
            "중학교학업성취도":57.8,
            "용적률":135,
            "건폐율":14,
            "Y":36.75068,
            "X":126.988147,
            "rank":81.0,
            "area_info":"33평(109.62)",
            "last_sales":"2021-11-17,14800.0,33평(109.62)"
        },
        {
            "index":137,
            "아파트명":"롯데캐슬",
            "투자타입":"일반",
            "전용면적(m2)":"79.63",
            "전용면적(평)":"24평",
            "법정동주소":"충청남도 아산시 배방읍 북수리 1534",
            "도로명주소":"충청남도 아산시 북수로 183",
            "세대수":80,
            "입주년차":40,
            "용적률점수":"--",
            "건폐율점수":"--",
            "세대당주차수":30,
            "난방방식":30,
            "공급면적":"--",
            "전용률":"--",
            "욕실수":100,
            "현관타입":100,
            "주거총점":63.5,
            "지역구공급총점":0.0,
            "역세권":"NA",
            "30분내 이동가능 거점":"NA",
            "1시간내 이동가능 거점":"NA",
            "교통총점":"NA",
            "백화점":0,
            "아울렛몰":0,
            "대형마트":0,
            "은행":0,
            "병원":0,
            "종합병원":0,
            "공원":0,
            "혐오시설":0,
            "인프라총점":0.0,
            "초등학군":88.88,
            "중학군":48.82,
            "학군총점":56.832,
            "인구수":34.83,
            "인구증감":21.27,
            "인구총점":30.762,
            "일자리":23.9,
            "소득수준":66.53,
            "일자리총점":36.689,
            "가치 총점":36.433,
            "매매실거래년":20211228.0,
            "매매실거래가":28700.0,
            "전세실거래년":20211202.0,
            "전세실거래가":20000.0,
            "전세가율":86.96,
            "장기전세가율평균":71.95,
            "전세가율거품지수":-15.01,
            "검색코드":26135,
            "세대수":704.0,
            "준공년월":"2008-01-02",
            "준공년차":15.0,
            "가까운역이름":"NA",
            "가까운역거리":"NA",
            "역세권여부":"NA",
            "30분이내주요거점역":"NA",
            "1시간이내주요거점역":"NA",
            "3km이내백화점수":0,
            "5km이내아울렛몰수":0,
            "1km이내대형먀트수":0,
            "500m이내은행수":0,
            "500m이내병원수":1,
            "5km이내대형병원수":0,
            "500m이내공원수":0,
            "3km이내혐오시설수":0,
            "초등학교학업성취도":88.88,
            "중학교학업성취도":79.1,
            "용적률":239,
            "건폐율":22,
            "Y":36.775562,
            "X":127.0808,
            "rank":82.0,
            "area_info":"24평(79.63), 33평(110.71), 40평(133.9), 45평(149.62)",
            "last_sales":"2021-12-28,28700.0,33평(110.71)"
        },
        {
            "index":47,
            "아파트명":"아산테크노밸리이지더원7단지",
            "투자타입":"일반",
            "전용면적(m2)":"101.84",
            "전용면적(평)":"30평",
            "법정동주소":"충청남도 아산시 둔포면 석곡리 1810",
            "도로명주소":"충청남도 아산시 아산밸리남로 77",
            "세대수":50,
            "입주년차":80,
            "용적률점수":"--",
            "건폐율점수":"--",
            "세대당주차수":30,
            "난방방식":30,
            "공급면적":"--",
            "전용률":"--",
            "욕실수":100,
            "현관타입":100,
            "주거총점":61.0,
            "지역구공급총점":0.0,
            "역세권":"NA",
            "30분내 이동가능 거점":"NA",
            "1시간내 이동가능 거점":"NA",
            "교통총점":"NA",
            "백화점":0,
            "아울렛몰":0,
            "대형마트":0,
            "은행":0,
            "병원":30,
            "종합병원":0,
            "공원":100,
            "혐오시설":0,
            "인프라총점":6.0,
            "초등학군":86.93,
            "중학군":40.68,
            "학군총점":49.93,
            "인구수":34.83,
            "인구증감":21.27,
            "인구총점":30.762,
            "일자리":23.9,
            "소득수준":66.53,
            "일자리총점":36.689,
            "가치 총점":36.2325,
            "매매실거래년":20211206.0,
            "매매실거래가":31900.0,
            "전세실거래년":20211203.0,
            "전세실거래가":24000.0,
            "전세가율":75.24,
            "장기전세가율평균":71.95,
            "전세가율거품지수":-3.29,
            "검색코드":113067,
            "세대수":422.0,
            "준공년월":"2017-11-01",
            "준공년차":6.0,
            "가까운역이름":"NA",
            "가까운역거리":"NA",
            "역세권여부":"NA",
            "30분이내주요거점역":"NA",
            "1시간이내주요거점역":"NA",
            "3km이내백화점수":0,
            "5km이내아울렛몰수":0,
            "1km이내대형먀트수":0,
            "500m이내은행수":1,
            "500m이내병원수":9,
            "5km이내대형병원수":0,
            "500m이내공원수":5,
            "3km이내혐오시설수":0,
            "초등학교학업성취도":86.93,
            "중학교학업성취도":67.8,
            "용적률":192,
            "건폐율":15,
            "Y":36.921383,
            "X":127.052902,
            "rank":83.0,
            "area_info":"30평(101.84), 31평(102.76), 33평(112.09)",
            "last_sales":"2021-12-06,31900.0,30평(101.84)"
        },
        {
            "index":307,
            "아파트명":"아산코아루에듀파크",
            "투자타입":"일반",
            "전용면적(m2)":"112.81",
            "전용면적(평)":"34평",
            "법정동주소":"충청남도 아산시 신창면 남성리 840",
            "도로명주소":"충청남도 아산시 온천대로 984",
            "세대수":80,
            "입주년차":60,
            "용적률점수":"--",
            "건폐율점수":"--",
            "세대당주차수":60,
            "난방방식":30,
            "공급면적":"--",
            "전용률":"--",
            "욕실수":100,
            "현관타입":100,
            "주거총점":72.0,
            "지역구공급총점":0.0,
            "역세권":"NA",
            "30분내 이동가능 거점":"NA",
            "1시간내 이동가능 거점":"NA",
            "교통총점":"NA",
            "백화점":0,
            "아울렛몰":0,
            "대형마트":0,
            "은행":0,
            "병원":0,
            "종합병원":0,
            "공원":0,
            "혐오시설":0,
            "인프라총점":0.0,
            "초등학군":88.38,
            "중학군":32.52,
            "학군총점":43.692,
            "인구수":34.83,
            "인구증감":21.27,
            "인구총점":30.762,
            "일자리":23.9,
            "소득수준":66.53,
            "일자리총점":36.689,
            "가치 총점":36.123,
            "매매실거래년":20220113.0,
            "매매실거래가":28000.0,
            "전세실거래년":null,
            "전세실거래가":null,
            "전세가율":null,
            "장기전세가율평균":71.95,
            "전세가율거품지수":null,
            "검색코드":27059,
            "세대수":700.0,
            "준공년월":"2009-01-30",
            "준공년차":14.0,
            "가까운역이름":"NA",
            "가까운역거리":"NA",
            "역세권여부":"NA",
            "30분이내주요거점역":"NA",
            "1시간이내주요거점역":"NA",
            "3km이내백화점수":0,
            "5km이내아울렛몰수":0,
            "1km이내대형먀트수":0,
            "500m이내은행수":0,
            "500m이내병원수":0,
            "5km이내대형병원수":0,
            "500m이내공원수":0,
            "3km이내혐오시설수":0,
            "초등학교학업성취도":88.38,
            "중학교학업성취도":54.2,
            "용적률":148,
            "건폐율":13,
            "Y":36.782423,
            "X":126.948555,
            "rank":84.0,
            "area_info":"34평(112.81), 34평(113.69), 35평(117.36), 35평(118.03), 43평(143.06), 45평(151.0), 47평(156.72)",
            "last_sales":"2022-01-13,28000.0,47평(156.72)"
        },
        {
            "index":338,
            "아파트명":"모노팰리스(도시형)",
            "투자타입":"일반",
            "전용면적(m2)":"42.94",
            "전용면적(평)":"12평",
            "법정동주소":"충청남도 아산시 온천동 74-5",
            "도로명주소":"충청남도 아산시 온천대로 1555",
            "세대수":0,
            "입주년차":80,
            "용적률점수":"--",
            "건폐율점수":"--",
            "세대당주차수":0,
            "난방방식":30,
            "공급면적":"--",
            "전용률":"--",
            "욕실수":50,
            "현관타입":10,
            "주거총점":25.0,
            "지역구공급총점":0.0,
            "역세권":"NA",
            "30분내 이동가능 거점":"NA",
            "1시간내 이동가능 거점":"NA",
            "교통총점":"NA",
            "백화점":0,
            "아울렛몰":0,
            "대형마트":100,
            "은행":0,
            "병원":10,
            "종합병원":80,
            "공원":100,
            "혐오시설":0,
            "인프라총점":35.0,
            "초등학군":92.08,
            "중학군":43.72,
            "학군총점":53.392,
            "인구수":34.83,
            "인구증감":21.27,
            "인구총점":30.762,
            "일자리":23.9,
            "소득수준":66.53,
            "일자리총점":36.689,
            "가치 총점":36.098,
            "매매실거래년":"18000101",
            "매매실거래가":null,
            "전세실거래년":20210629.0,
            "전세실거래가":7900.0,
            "전세가율":null,
            "장기전세가율평균":71.95,
            "전세가율거품지수":null,
            "검색코드":108190,
            "세대수":156.0,
            "준공년월":"2014-03-27",
            "준공년차":9.0,
            "가까운역이름":"NA",
            "가까운역거리":"NA",
            "역세권여부":"NA",
            "30분이내주요거점역":"NA",
            "1시간이내주요거점역":"NA",
            "3km이내백화점수":0,
            "5km이내아울렛몰수":0,
            "1km이내대형먀트수":2,
            "500m이내은행수":0,
            "500m이내병원수":2,
            "5km이내대형병원수":1,
            "500m이내공원수":3,
            "3km이내혐오시설수":0,
            "초등학교학업성취도":92.08,
            "중학교학업성취도":71.8,
            "용적률":639,
            "건폐율":62,
            "Y":36.780307,
            "X":127.010625,
            "rank":85.0,
            "area_info":"12평(42.94), 12평(42.94), 12평(42.94), 12평(42.94), 12평(42.94), 12평(42.94), 16평(54.06), 16평(54.06)",
            "last_sales":"1800-01-01,nan,12평(42.94)"
        },
        {
            "index":129,
            "아파트명":"서진",
            "투자타입":"일반",
            "전용면적(m2)":"41.94",
            "전용면적(평)":"12평",
            "법정동주소":"충청남도 아산시 배미동 174-3",
            "도로명주소":"충청남도 아산시 서부북로 973",
            "세대수":90,
            "입주년차":20,
            "용적률점수":"--",
            "건폐율점수":"--",
            "세대당주차수":0,
            "난방방식":30,
            "공급면적":"--",
            "전용률":"--",
            "욕실수":50,
            "현관타입":100,
            "주거총점":53.5,
            "지역구공급총점":0.0,
            "역세권":"NA",
            "30분내 이동가능 거점":"NA",
            "1시간내 이동가능 거점":"NA",
            "교통총점":"NA",
            "백화점":0,
            "아울렛몰":0,
            "대형마트":0,
            "은행":0,
            "병원":0,
            "종합병원":80,
            "공원":0,
            "혐오시설":-50,
            "인프라총점":15.0,
            "초등학군":89.42,
            "중학군":34.44,
            "학군총점":45.436,
            "인구수":34.83,
            "인구증감":21.27,
            "인구총점":30.762,
            "일자리":23.9,
            "소득수준":66.53,
            "일자리총점":36.689,
            "가치 총점":36.084,
            "매매실거래년":20211223.0,
            "매매실거래가":6500.0,
            "전세실거래년":null,
            "전세실거래가":null,
            "전세가율":null,
            "장기전세가율평균":71.95,
            "전세가율거품지수":null,
            "검색코드":17187,
            "세대수":1215.0,
            "준공년월":"2000-05-23",
            "준공년차":23.0,
            "가까운역이름":"NA",
            "가까운역거리":"NA",
            "역세권여부":"NA",
            "30분이내주요거점역":"NA",
            "1시간이내주요거점역":"NA",
            "3km이내백화점수":0,
            "5km이내아울렛몰수":0,
            "1km이내대형먀트수":0,
            "500m이내은행수":0,
            "500m이내병원수":1,
            "5km이내대형병원수":1,
            "500m이내공원수":0,
            "3km이내혐오시설수":1,
            "초등학교학업성취도":89.42,
            "중학교학업성취도":56.8,
            "용적률":140,
            "건폐율":13,
            "Y":36.789456,
            "X":126.967427,
            "rank":86.0,
            "area_info":"12평(41.94), 12평(42.05), 16평(56.03), 21평(70.27)",
            "last_sales":"2021-12-23,6500.0,21평(70.27)"
        },
        {
            "index":278,
            "아파트명":"법곡KD아람채(도시형)",
            "투자타입":"일반",
            "전용면적(m2)":"65.59",
            "전용면적(평)":"19평",
            "법정동주소":"충청남도 아산시 법곡동 333",
            "도로명주소":"충청남도 아산시 법곡길 10",
            "세대수":0,
            "입주년차":80,
            "용적률점수":"--",
            "건폐율점수":"--",
            "세대당주차수":0,
            "난방방식":30,
            "공급면적":"--",
            "전용률":"--",
            "욕실수":50,
            "현관타입":100,
            "주거총점":34.0,
            "지역구공급총점":0.0,
            "역세권":"NA",
            "30분내 이동가능 거점":"NA",
            "1시간내 이동가능 거점":"NA",
            "교통총점":"NA",
            "백화점":0,
            "아울렛몰":0,
            "대형마트":80,
            "은행":0,
            "병원":0,
            "종합병원":80,
            "공원":0,
            "혐오시설":0,
            "인프라총점":28.0,
            "초등학군":90.49,
            "중학군":41.04,
            "학군총점":50.93,
            "인구수":34.83,
            "인구증감":21.27,
            "인구총점":30.762,
            "일자리":23.9,
            "소득수준":66.53,
            "일자리총점":36.689,
            "가치 총점":35.8325,
            "매매실거래년":20220112.0,
            "매매실거래가":12200.0,
            "전세실거래년":20211003.0,
            "전세실거래가":11000.0,
            "전세가율":90.16,
            "장기전세가율평균":71.95,
            "전세가율거품지수":-18.21,
            "검색코드":112303,
            "세대수":208.0,
            "준공년월":"2016-12-29",
            "준공년차":7.0,
            "가까운역이름":"NA",
            "가까운역거리":"NA",
            "역세권여부":"NA",
            "30분이내주요거점역":"NA",
            "1시간이내주요거점역":"NA",
            "3km이내백화점수":0,
            "5km이내아울렛몰수":0,
            "1km이내대형먀트수":1,
            "500m이내은행수":0,
            "500m이내병원수":1,
            "5km이내대형병원수":1,
            "500m이내공원수":0,
            "3km이내혐오시설수":0,
            "초등학교학업성취도":90.49,
            "중학교학업성취도":68.0,
            "용적률":0,
            "건폐율":0,
            "Y":36.765301,
            "X":127.012665,
            "rank":87.0,
            "area_info":"19평(65.59)",
            "last_sales":"2022-01-12,12200.0,19평(65.59)"
        },
        {
            "index":407,
            "아파트명":"온천마을",
            "투자타입":"일반",
            "전용면적(m2)":"72.64",
            "전용면적(평)":"21평",
            "법정동주소":"충청남도 아산시 용화동 584",
            "도로명주소":"충청남도 아산시 어의정로 46",
            "세대수":80,
            "입주년차":0,
            "용적률점수":"--",
            "건폐율점수":"--",
            "세대당주차수":0,
            "난방방식":30,
            "공급면적":"--",
            "전용률":"--",
            "욕실수":50,
            "현관타입":100,
            "주거총점":46.0,
            "지역구공급총점":0.0,
            "역세권":"NA",
            "30분내 이동가능 거점":"NA",
            "1시간내 이동가능 거점":"NA",
            "교통총점":"NA",
            "백화점":0,
            "아울렛몰":0,
            "대형마트":0,
            "은행":0,
            "병원":10,
            "종합병원":80,
            "공원":100,
            "혐오시설":0,
            "인프라총점":20.0,
            "초등학군":87.84,
            "중학군":34.92,
            "학군총점":45.504,
            "인구수":34.83,
            "인구증감":21.27,
            "인구총점":30.762,
            "일자리":23.9,
            "소득수준":66.53,
            "일자리총점":36.689,
            "가치 총점":35.476,
            "매매실거래년":20211227.0,
            "매매실거래가":17400.0,
            "전세실거래년":20211127.0,
            "전세실거래가":12500.0,
            "전세가율":74.4,
            "장기전세가율평균":71.95,
            "전세가율거품지수":-2.45,
            "검색코드":7133,
            "세대수":830.0,
            "준공년월":"1998-06-18",
            "준공년차":25.0,
            "가까운역이름":"NA",
            "가까운역거리":"NA",
            "역세권여부":"NA",
            "30분이내주요거점역":"NA",
            "1시간이내주요거점역":"NA",
            "3km이내백화점수":0,
            "5km이내아울렛몰수":0,
            "1km이내대형먀트수":0,
            "500m이내은행수":0,
            "500m이내병원수":4,
            "5km이내대형병원수":1,
            "500m이내공원수":6,
            "3km이내혐오시설수":0,
            "초등학교학업성취도":87.84,
            "중학교학업성취도":57.8,
            "용적률":180,
            "건폐율":18,
            "Y":36.774988,
            "X":127.000678,
            "rank":88.0,
            "area_info":"21평(72.64), 31평(104.49)",
            "last_sales":"2021-12-27,17400.0,31평(104.49)"
        },
        {
            "index":43,
            "아파트명":"아산테크노밸리이지더원5단지",
            "투자타입":"일반",
            "전용면적(m2)":"95.29",
            "전용면적(평)":"28평",
            "법정동주소":"충청남도 아산시 둔포면 석곡리 1790",
            "도로명주소":"충청남도 아산시 아산밸리북로 48",
            "세대수":50,
            "입주년차":80,
            "용적률점수":"--",
            "건폐율점수":"--",
            "세대당주차수":30,
            "난방방식":30,
            "공급면적":"--",
            "전용률":"--",
            "욕실수":100,
            "현관타입":100,
            "주거총점":61.0,
            "지역구공급총점":0.0,
            "역세권":"NA",
            "30분내 이동가능 거점":"NA",
            "1시간내 이동가능 거점":"NA",
            "교통총점":"NA",
            "백화점":0,
            "아울렛몰":0,
            "대형마트":0,
            "은행":0,
            "병원":10,
            "종합병원":0,
            "공원":100,
            "혐오시설":0,
            "인프라총점":4.0,
            "초등학군":86.93,
            "중학군":40.68,
            "학군총점":49.93,
            "인구수":34.83,
            "인구증감":21.27,
            "인구총점":30.762,
            "일자리":23.9,
            "소득수준":66.53,
            "일자리총점":36.689,
            "가치 총점":35.4325,
            "매매실거래년":20211214.0,
            "매매실거래가":27700.0,
            "전세실거래년":20211223.0,
            "전세실거래가":21000.0,
            "전세가율":75.81,
            "장기전세가율평균":71.95,
            "전세가율거품지수":-3.86,
            "검색코드":109933,
            "세대수":534.0,
            "준공년월":"2017-02-27",
            "준공년차":6.0,
            "가까운역이름":"NA",
            "가까운역거리":"NA",
            "역세권여부":"NA",
            "30분이내주요거점역":"NA",
            "1시간이내주요거점역":"NA",
            "3km이내백화점수":0,
            "5km이내아울렛몰수":0,
            "1km이내대형먀트수":0,
            "500m이내은행수":1,
            "500m이내병원수":3,
            "5km이내대형병원수":0,
            "500m이내공원수":3,
            "3km이내혐오시설수":0,
            "초등학교학업성취도":86.93,
            "중학교학업성취도":67.8,
            "용적률":184,
            "건폐율":16,
            "Y":36.926663,
            "X":127.053106,
            "rank":89.0,
            "area_info":"28평(95.29), 28평(95.4)",
            "last_sales":"2021-12-14,27700.0,28평(95.29)"
        },
        {
            "index":62,
            "아파트명":"라이프타운",
            "투자타입":"재건축",
            "전용면적(m2)":"78.29",
            "전용면적(평)":"23평",
            "법정동주소":"충청남도 아산시 모종동 578",
            "도로명주소":"충청남도 아산시 번영로206번길 32",
            "세대수":30,
            "입주년차":"--",
            "용적률점수":0,
            "건폐율점수":0,
            "세대당주차수":"--",
            "난방방식":"--",
            "공급면적":50,
            "전용률":60,
            "욕실수":"--",
            "현관타입":"--",
            "주거총점":14.5,
            "지역구공급총점":0.0,
            "역세권":"NA",
            "30분내 이동가능 거점":"NA",
            "1시간내 이동가능 거점":"NA",
            "교통총점":"NA",
            "백화점":0,
            "아울렛몰":0,
            "대형마트":100,
            "은행":20,
            "병원":60,
            "종합병원":80,
            "공원":100,
            "혐오시설":0,
            "인프라총점":42.0,
            "초등학군":92.08,
            "중학군":43.72,
            "학군총점":53.392,
            "인구수":34.83,
            "인구증감":21.27,
            "인구총점":30.762,
            "일자리":23.9,
            "소득수준":66.53,
            "일자리총점":36.689,
            "가치 총점":35.223,
            "매매실거래년":20220112.0,
            "매매실거래가":17300.0,
            "전세실거래년":20211020.0,
            "전세실거래가":11000.0,
            "전세가율":84.62,
            "장기전세가율평균":71.95,
            "전세가율거품지수":-12.67,
            "검색코드":7098,
            "세대수":374.0,
            "준공년월":"1992-12-26",
            "준공년차":31.0,
            "가까운역이름":"NA",
            "가까운역거리":"NA",
            "역세권여부":"NA",
            "30분이내주요거점역":"NA",
            "1시간이내주요거점역":"NA",
            "3km이내백화점수":0,
            "5km이내아울렛몰수":0,
            "1km이내대형먀트수":2,
            "500m이내은행수":2,
            "500m이내병원수":21,
            "5km이내대형병원수":1,
            "500m이내공원수":3,
            "3km이내혐오시설수":0,
            "초등학교학업성취도":92.08,
            "중학교학업성취도":71.8,
            "용적률":0,
            "건폐율":0,
            "Y":36.781881,
            "X":127.012486,
            "rank":90.0,
            "area_info":"23평(78.29), 29평(98.85), 44평(148.15)",
            "last_sales":"2022-01-12,17300.0,29평(98.85)"
        },
        {
            "index":458,
            "아파트명":"초원설화타운2단지",
            "투자타입":"일반",
            "전용면적(m2)":"79.45",
            "전용면적(평)":"24평",
            "법정동주소":"충청남도 아산시 좌부동 84",
            "도로명주소":"충청남도 아산시 고불로 669",
            "세대수":80,
            "입주년차":0,
            "용적률점수":"--",
            "건폐율점수":"--",
            "세대당주차수":0,
            "난방방식":30,
            "공급면적":"--",
            "전용률":"--",
            "욕실수":50,
            "현관타입":100,
            "주거총점":46.0,
            "지역구공급총점":0.0,
            "역세권":"NA",
            "30분내 이동가능 거점":"NA",
            "1시간내 이동가능 거점":"NA",
            "교통총점":"NA",
            "백화점":0,
            "아울렛몰":0,
            "대형마트":0,
            "은행":0,
            "병원":0,
            "종합병원":80,
            "공원":0,
            "혐오시설":0,
            "인프라총점":16.0,
            "초등학군":79.51,
            "중학군":43.72,
            "학군총점":50.878,
            "인구수":34.83,
            "인구증감":21.27,
            "인구총점":30.762,
            "일자리":23.9,
            "소득수준":66.53,
            "일자리총점":36.689,
            "가치 총점":35.2195,
            "매매실거래년":20220104.0,
            "매매실거래가":7400.0,
            "전세실거래년":20211112.0,
            "전세실거래가":7200.0,
            "전세가율":97.3,
            "장기전세가율평균":71.95,
            "전세가율거품지수":-25.35,
            "검색코드":13742,
            "세대수":830.0,
            "준공년월":"1995-11-30",
            "준공년차":28.0,
            "가까운역이름":"NA",
            "가까운역거리":"NA",
            "역세권여부":"NA",
            "30분이내주요거점역":"NA",
            "1시간이내주요거점역":"NA",
            "3km이내백화점수":0,
            "5km이내아울렛몰수":0,
            "1km이내대형먀트수":0,
            "500m이내은행수":0,
            "500m이내병원수":1,
            "5km이내대형병원수":1,
            "500m이내공원수":0,
            "3km이내혐오시설수":0,
            "초등학교학업성취도":79.51,
            "중학교학업성취도":71.8,
            "용적률":228,
            "건폐율":22,
            "Y":36.753972,
            "X":127.029945,
            "rank":91.0,
            "area_info":"24평(79.45)",
            "last_sales":"2022-01-04,7400.0,24평(79.45)"
        },
        {
            "index":384,
            "아파트명":"일성",
            "투자타입":"일반",
            "전용면적(m2)":"76.05",
            "전용면적(평)":"23평",
            "법정동주소":"충청남도 아산시 온천동 1235",
            "도로명주소":"충청남도 아산시 시민로 485",
            "세대수":50,
            "입주년차":0,
            "용적률점수":"--",
            "건폐율점수":"--",
            "세대당주차수":0,
            "난방방식":30,
            "공급면적":"--",
            "전용률":"--",
            "욕실수":50,
            "현관타입":100,
            "주거총점":35.5,
            "지역구공급총점":0.0,
            "역세권":"NA",
            "30분내 이동가능 거점":"NA",
            "1시간내 이동가능 거점":"NA",
            "교통총점":"NA",
            "백화점":0,
            "아울렛몰":0,
            "대형마트":0,
            "은행":70,
            "병원":0,
            "종합병원":80,
            "공원":100,
            "혐오시설":-50,
            "인프라총점":25.0,
            "초등학군":88.65,
            "중학군":41.52,
            "학군총점":50.946,
            "인구수":34.83,
            "인구증감":21.27,
            "인구총점":30.762,
            "일자리":23.9,
            "소득수준":66.53,
            "일자리총점":36.689,
            "가치 총점":35.1615,
            "매매실거래년":20211222.0,
            "매매실거래가":14600.0,
            "전세실거래년":20220103.0,
            "전세실거래가":6000.0,
            "전세가율":50.0,
            "장기전세가율평균":71.95,
            "전세가율거품지수":21.95,
            "검색코드":7127,
            "세대수":400.0,
            "준공년월":"1995-11-20",
            "준공년차":28.0,
            "가까운역이름":"NA",
            "가까운역거리":"NA",
            "역세권여부":"NA",
            "30분이내주요거점역":"NA",
            "1시간이내주요거점역":"NA",
            "3km이내백화점수":0,
            "5km이내아울렛몰수":0,
            "1km이내대형먀트수":0,
            "500m이내은행수":3,
            "500m이내병원수":0,
            "5km이내대형병원수":1,
            "500m이내공원수":4,
            "3km이내혐오시설수":1,
            "초등학교학업성취도":88.65,
            "중학교학업성취도":69.0,
            "용적률":286,
            "건폐율":25,
            "Y":36.791511,
            "X":127.000206,
            "rank":92.0,
            "area_info":"23평(76.05), 27평(91.16), 32평(107.91), 44평(148.41)",
            "last_sales":"2021-12-22,14600.0,32평(107.91)"
        },
        {
            "index":173,
            "아파트명":"새솔마을중앙하이츠",
            "투자타입":"일반",
            "전용면적(m2)":"111.47",
            "전용면적(평)":"33평",
            "법정동주소":"충청남도 아산시 배방읍 북수리 1535",
            "도로명주소":"충청남도 아산시 북수로 137",
            "세대수":50,
            "입주년차":40,
            "용적률점수":"--",
            "건폐율점수":"--",
            "세대당주차수":30,
            "난방방식":30,
            "공급면적":"--",
            "전용률":"--",
            "욕실수":100,
            "현관타입":100,
            "주거총점":53.0,
            "지역구공급총점":0.0,
            "역세권":"NA",
            "30분내 이동가능 거점":"NA",
            "1시간내 이동가능 거점":"NA",
            "교통총점":"NA",
            "백화점":0,
            "아울렛몰":0,
            "대형마트":0,
            "은행":0,
            "병원":30,
            "종합병원":0,
            "공원":100,
            "혐오시설":0,
            "인프라총점":6.0,
            "초등학군":88.88,
            "중학군":48.82,
            "학군총점":56.832,
            "인구수":34.83,
            "인구증감":21.27,
            "인구총점":30.762,
            "일자리":23.9,
            "소득수준":66.53,
            "일자리총점":36.689,
            "가치 총점":35.158,
            "매매실거래년":20211219.0,
            "매매실거래가":34800.0,
            "전세실거래년":20211229.0,
            "전세실거래가":24000.0,
            "전세가율":68.97,
            "장기전세가율평균":71.95,
            "전세가율거품지수":2.98,
            "검색코드":24133,
            "세대수":400.0,
            "준공년월":"2008-01-28",
            "준공년차":15.0,
            "가까운역이름":"NA",
            "가까운역거리":"NA",
            "역세권여부":"NA",
            "30분이내주요거점역":"NA",
            "1시간이내주요거점역":"NA",
            "3km이내백화점수":0,
            "5km이내아울렛몰수":0,
            "1km이내대형먀트수":0,
            "500m이내은행수":0,
            "500m이내병원수":5,
            "5km이내대형병원수":0,
            "500m이내공원수":3,
            "3km이내혐오시설수":0,
            "초등학교학업성취도":88.88,
            "중학교학업성취도":79.1,
            "용적률":239,
            "건폐율":20,
            "Y":36.774615,
            "X":127.076106,
            "rank":93.0,
            "area_info":"33평(111.47), 45평(149.82)",
            "last_sales":"2021-12-19,34800.0,33평(111.47)"
        },
        {
            "index":165,
            "아파트명":"배방한성필하우스2단지",
            "투자타입":"일반",
            "전용면적(m2)":"113.94",
            "전용면적(평)":"34평",
            "법정동주소":"충청남도 아산시 배방읍 공수리 1162",
            "도로명주소":"충청남도 아산시",
            "세대수":0,
            "입주년차":40,
            "용적률점수":"--",
            "건폐율점수":"--",
            "세대당주차수":30,
            "난방방식":30,
            "공급면적":"--",
            "전용률":"--",
            "욕실수":100,
            "현관타입":100,
            "주거총점":35.5,
            "지역구공급총점":0.0,
            "역세권":"NA",
            "30분내 이동가능 거점":"NA",
            "1시간내 이동가능 거점":"NA",
            "교통총점":"NA",
            "백화점":0,
            "아울렛몰":0,
            "대형마트":0,
            "은행":0,
            "병원":10,
            "종합병원":80,
            "공원":100,
            "혐오시설":0,
            "인프라총점":20.0,
            "초등학군":91.27,
            "중학군":48.82,
            "학군총점":57.31,
            "인구수":34.83,
            "인구증감":21.27,
            "인구총점":30.762,
            "일자리":23.9,
            "소득수준":66.53,
            "일자리총점":36.689,
            "가치 총점":34.7525,
            "매매실거래년":20211117.0,
            "매매실거래가":29500.0,
            "전세실거래년":20210306.0,
            "전세실거래가":18000.0,
            "전세가율":61.02,
            "장기전세가율평균":71.95,
            "전세가율거품지수":10.93,
            "검색코드":26018,
            "세대수":254.0,
            "준공년월":"2007-08-14",
            "준공년차":16.0,
            "가까운역이름":"NA",
            "가까운역거리":"NA",
            "역세권여부":"NA",
            "30분이내주요거점역":"NA",
            "1시간이내주요거점역":"NA",
            "3km이내백화점수":0,
            "5km이내아울렛몰수":0,
            "1km이내대형먀트수":0,
            "500m이내은행수":1,
            "500m이내병원수":4,
            "5km이내대형병원수":1,
            "500m이내공원수":2,
            "3km이내혐오시설수":0,
            "초등학교학업성취도":91.27,
            "중학교학업성취도":79.1,
            "용적률":205,
            "건폐율":19,
            "Y":36.76999,
            "X":127.050645,
            "rank":94.0,
            "area_info":"34평(113.94), 35평(118.75), 35평(118.96)",
            "last_sales":"2021-11-17,29500.0,34평(113.94)"
        },
        {
            "index":320,
            "아파트명":"벽산",
            "투자타입":"일반",
            "전용면적(m2)":"79.07",
            "전용면적(평)":"23평",
            "법정동주소":"충청남도 아산시 실옥동 169-3",
            "도로명주소":"충청남도 아산시 문화로 33-10",
            "세대수":30,
            "입주년차":0,
            "용적률점수":"--",
            "건폐율점수":"--",
            "세대당주차수":0,
            "난방방식":30,
            "공급면적":"--",
            "전용률":"--",
            "욕실수":50,
            "현관타입":100,
            "주거총점":28.5,
            "지역구공급총점":0.0,
            "역세권":"NA",
            "30분내 이동가능 거점":"NA",
            "1시간내 이동가능 거점":"NA",
            "교통총점":"NA",
            "백화점":0,
            "아울렛몰":0,
            "대형마트":100,
            "은행":0,
            "병원":0,
            "종합병원":80,
            "공원":100,
            "혐오시설":-50,
            "인프라총점":33.0,
            "초등학군":88.65,
            "중학군":34.44,
            "학군총점":45.282,
            "인구수":34.83,
            "인구증감":21.27,
            "인구총점":30.762,
            "일자리":23.9,
            "소득수준":66.53,
            "일자리총점":36.689,
            "가치 총점":34.4955,
            "매매실거래년":20211228.0,
            "매매실거래가":13200.0,
            "전세실거래년":20201221.0,
            "전세실거래가":8500.0,
            "전세가율":77.98,
            "장기전세가율평균":71.95,
            "전세가율거품지수":-6.03,
            "검색코드":7118,
            "세대수":350.0,
            "준공년월":"1996-12-31",
            "준공년차":27.0,
            "가까운역이름":"NA",
            "가까운역거리":"NA",
            "역세권여부":"NA",
            "30분이내주요거점역":"NA",
            "1시간이내주요거점역":"NA",
            "3km이내백화점수":0,
            "5km이내아울렛몰수":0,
            "1km이내대형먀트수":3,
            "500m이내은행수":0,
            "500m이내병원수":1,
            "5km이내대형병원수":1,
            "500m이내공원수":2,
            "3km이내혐오시설수":1,
            "초등학교학업성취도":88.65,
            "중학교학업성취도":56.8,
            "용적률":289,
            "건폐율":19,
            "Y":36.788841,
            "X":126.989735,
            "rank":95.0,
            "area_info":"23평(79.07), 32평(106.56)",
            "last_sales":"2021-12-28,13200.0,32평(106.56)"
        },
        {
            "index":329,
            "아파트명":"송곡신일",
            "투자타입":"일반",
            "전용면적(m2)":"61.82",
            "전용면적(평)":"18평",
            "법정동주소":"충청남도 아산시 염치읍 송곡리 46-1",
            "도로명주소":"충청남도 아산시 송곡길68번길 3",
            "세대수":50,
            "입주년차":20,
            "용적률점수":"--",
            "건폐율점수":"--",
            "세대당주차수":0,
            "난방방식":30,
            "공급면적":"--",
            "전용률":"--",
            "욕실수":50,
            "현관타입":100,
            "주거총점":39.5,
            "지역구공급총점":0.0,
            "역세권":"NA",
            "30분내 이동가능 거점":"NA",
            "1시간내 이동가능 거점":"NA",
            "교통총점":"NA",
            "백화점":0,
            "아울렛몰":0,
            "대형마트":0,
            "은행":0,
            "병원":0,
            "종합병원":80,
            "공원":0,
            "혐오시설":0,
            "인프라총점":16.0,
            "초등학군":89.15,
            "중학군":44.28,
            "학군총점":53.254,
            "인구수":34.83,
            "인구증감":21.27,
            "인구총점":30.762,
            "일자리":23.9,
            "소득수준":66.53,
            "일자리총점":36.689,
            "가치 총점":33.5385,
            "매매실거래년":20211225.0,
            "매매실거래가":9500.0,
            "전세실거래년":20211028.0,
            "전세실거래가":5500.0,
            "전세가율":91.67,
            "장기전세가율평균":71.95,
            "전세가율거품지수":-19.72,
            "검색코드":26722,
            "세대수":420.0,
            "준공년월":"2001-08-24",
            "준공년차":22.0,
            "가까운역이름":"NA",
            "가까운역거리":"NA",
            "역세권여부":"NA",
            "30분이내주요거점역":"NA",
            "1시간이내주요거점역":"NA",
            "3km이내백화점수":0,
            "5km이내아울렛몰수":0,
            "1km이내대형먀트수":0,
            "500m이내은행수":0,
            "500m이내병원수":0,
            "5km이내대형병원수":1,
            "500m이내공원수":0,
            "3km이내혐오시설수":0,
            "초등학교학업성취도":89.15,
            "중학교학업성취도":73.0,
            "용적률":146,
            "건폐율":14,
            "Y":36.806749,
            "X":127.020695,
            "rank":96.0,
            "area_info":"18평(61.82), 22평(73.56)",
            "last_sales":"2021-12-25,9500.0,22평(73.56)"
        },
        {
            "index":446,
            "아파트명":"태헌장미2차",
            "투자타입":"일반",
            "전용면적(m2)":"66.66",
            "전용면적(평)":"20평",
            "법정동주소":"충청남도 아산시 음봉면 산동리 420-1",
            "도로명주소":"충청남도 아산시 음봉로 803-10",
            "세대수":30,
            "입주년차":0,
            "용적률점수":"--",
            "건폐율점수":"--",
            "세대당주차수":0,
            "난방방식":30,
            "공급면적":"--",
            "전용률":"--",
            "욕실수":50,
            "현관타입":10,
            "주거총점":19.5,
            "지역구공급총점":0.0,
            "역세권":"NA",
            "30분내 이동가능 거점":"NA",
            "1시간내 이동가능 거점":"NA",
            "교통총점":"NA",
            "백화점":0,
            "아울렛몰":0,
            "대형마트":80,
            "은행":0,
            "병원":0,
            "종합병원":100,
            "공원":0,
            "혐오시설":-100,
            "인프라총점":30.0,
            "초등학군":90.05,
            "중학군":48.32,
            "학군총점":56.666,
            "인구수":34.83,
            "인구증감":21.27,
            "인구총점":30.762,
            "일자리":23.9,
            "소득수준":66.53,
            "일자리총점":36.689,
            "가치 총점":32.9915,
            "매매실거래년":20211124.0,
            "매매실거래가":9000.0,
            "전세실거래년":20211026.0,
            "전세실거래가":6000.0,
            "전세가율":77.92,
            "장기전세가율평균":71.95,
            "전세가율거품지수":-5.97,
            "검색코드":15255,
            "세대수":348.0,
            "준공년월":"1996-05-21",
            "준공년차":27.0,
            "가까운역이름":"NA",
            "가까운역거리":"NA",
            "역세권여부":"NA",
            "30분이내주요거점역":"NA",
            "1시간이내주요거점역":"NA",
            "3km이내백화점수":0,
            "5km이내아울렛몰수":0,
            "1km이내대형먀트수":1,
            "500m이내은행수":0,
            "500m이내병원수":1,
            "5km이내대형병원수":2,
            "500m이내공원수":0,
            "3km이내혐오시설수":4,
            "초등학교학업성취도":90.05,
            "중학교학업성취도":78.4,
            "용적률":0,
            "건폐율":0,
            "Y":36.829676,
            "X":127.097226,
            "rank":97.0,
            "area_info":"20평(66.66), 24평(79.43), 29평(97.09)",
            "last_sales":"2021-11-24,9000.0,24평(79.43)"
        },
        {
            "index":325,
            "아파트명":"팬더",
            "투자타입":"일반",
            "전용면적(m2)":"85.17",
            "전용면적(평)":"25평",
            "법정동주소":"충청남도 아산시 실옥동 156-24",
            "도로명주소":"충청남도 아산시 아산로 103-17",
            "세대수":30,
            "입주년차":20,
            "용적률점수":"--",
            "건폐율점수":"--",
            "세대당주차수":0,
            "난방방식":30,
            "공급면적":"--",
            "전용률":"--",
            "욕실수":50,
            "현관타입":10,
            "주거총점":23.5,
            "지역구공급총점":0.0,
            "역세권":"NA",
            "30분내 이동가능 거점":"NA",
            "1시간내 이동가능 거점":"NA",
            "교통총점":"NA",
            "백화점":0,
            "아울렛몰":0,
            "대형마트":100,
            "은행":0,
            "병원":0,
            "종합병원":80,
            "공원":100,
            "혐오시설":-50,
            "인프라총점":33.0,
            "초등학군":88.65,
            "중학군":34.44,
            "학군총점":45.282,
            "인구수":34.83,
            "인구증감":21.27,
            "인구총점":30.762,
            "일자리":23.9,
            "소득수준":66.53,
            "일자리총점":36.689,
            "가치 총점":32.7455,
            "매매실거래년":20211217.0,
            "매매실거래가":9000.0,
            "전세실거래년":20211115.0,
            "전세실거래가":8700.0,
            "전세가율":96.67,
            "장기전세가율평균":71.95,
            "전세가율거품지수":-24.72,
            "검색코드":7120,
            "세대수":376.0,
            "준공년월":"1999-07-01",
            "준공년차":24.0,
            "가까운역이름":"NA",
            "가까운역거리":"NA",
            "역세권여부":"NA",
            "30분이내주요거점역":"NA",
            "1시간이내주요거점역":"NA",
            "3km이내백화점수":0,
            "5km이내아울렛몰수":0,
            "1km이내대형먀트수":3,
            "500m이내은행수":1,
            "500m이내병원수":1,
            "5km이내대형병원수":1,
            "500m이내공원수":2,
            "3km이내혐오시설수":1,
            "초등학교학업성취도":88.65,
            "중학교학업성취도":56.8,
            "용적률":351,
            "건폐율":22,
            "Y":36.790422,
            "X":126.994024,
            "rank":98.0,
            "area_info":"25평(85.17), 28평(94.3), 31평(102.94), 47평(157.77)",
            "last_sales":"2021-12-17,9000.0,25평(85.17)"
        },
        {
            "index":335,
            "아파트명":"경남아너스빌",
            "투자타입":"일반",
            "전용면적(m2)":"77.37",
            "전용면적(평)":"23평",
            "법정동주소":"충청남도 아산시 온천동 1052",
            "도로명주소":"충청남도 아산시 문화로 115",
            "세대수":30,
            "입주년차":0,
            "용적률점수":"--",
            "건폐율점수":"--",
            "세대당주차수":0,
            "난방방식":30,
            "공급면적":"--",
            "전용률":"--",
            "욕실수":50,
            "현관타입":100,
            "주거총점":28.5,
            "지역구공급총점":0.0,
            "역세권":"NA",
            "30분내 이동가능 거점":"NA",
            "1시간내 이동가능 거점":"NA",
            "교통총점":"NA",
            "백화점":0,
            "아울렛몰":0,
            "대형마트":0,
            "은행":70,
            "병원":0,
            "종합병원":80,
            "공원":100,
            "혐오시설":-50,
            "인프라총점":25.0,
            "초등학군":88.65,
            "중학군":41.52,
            "학군총점":50.946,
            "인구수":34.83,
            "인구증감":21.27,
            "인구총점":30.762,
            "일자리":23.9,
            "소득수준":66.53,
            "일자리총점":36.689,
            "가치 총점":32.7115,
            "매매실거래년":20211207.0,
            "매매실거래가":16500.0,
            "전세실거래년":20210827.0,
            "전세실거래가":9500.0,
            "전세가율":90.48,
            "장기전세가율평균":71.95,
            "전세가율거품지수":-18.53,
            "검색코드":7115,
            "세대수":370.0,
            "준공년월":"1996-04-04",
            "준공년차":27.0,
            "가까운역이름":"NA",
            "가까운역거리":"NA",
            "역세권여부":"NA",
            "30분이내주요거점역":"NA",
            "1시간이내주요거점역":"NA",
            "3km이내백화점수":0,
            "5km이내아울렛몰수":0,
            "1km이내대형먀트수":0,
            "500m이내은행수":3,
            "500m이내병원수":1,
            "5km이내대형병원수":1,
            "500m이내공원수":4,
            "3km이내혐오시설수":1,
            "초등학교학업성취도":88.65,
            "중학교학업성취도":69.0,
            "용적률":0,
            "건폐율":0,
            "Y":36.791446,
            "X":126.99893,
            "rank":99.0,
            "area_info":"23평(77.37), 32평(106.37), 43평(144.34)",
            "last_sales":"2021-12-07,16500.0,32평(106.37)"
        },
        {
            "index":418,
            "아파트명":"주공3단지",
            "투자타입":"일반",
            "전용면적(m2)":"68.32",
            "전용면적(평)":"20평",
            "법정동주소":"충청남도 아산시 용화동 712",
            "도로명주소":"충청남도 아산시 온중로 22",
            "세대수":80,
            "입주년차":0,
            "용적률점수":"--",
            "건폐율점수":"--",
            "세대당주차수":0,
            "난방방식":30,
            "공급면적":"--",
            "전용률":"--",
            "욕실수":50,
            "현관타입":10,
            "주거총점":37.0,
            "지역구공급총점":0.0,
            "역세권":"NA",
            "30분내 이동가능 거점":"NA",
            "1시간내 이동가능 거점":"NA",
            "교통총점":"NA",
            "백화점":0,
            "아울렛몰":0,
            "대형마트":0,
            "은행":0,
            "병원":10,
            "종합병원":80,
            "공원":100,
            "혐오시설":0,
            "인프라총점":20.0,
            "초등학군":88.69,
            "중학군":34.92,
            "학군총점":45.674,
            "인구수":34.83,
            "인구증감":21.27,
            "인구총점":30.762,
            "일자리":23.9,
            "소득수준":66.53,
            "일자리총점":36.689,
            "가치 총점":32.3685,
            "매매실거래년":20211230.0,
            "매매실거래가":11950.0,
            "전세실거래년":20211230.0,
            "전세실거래가":7000.0,
            "전세가율":71.43,
            "장기전세가율평균":71.95,
            "전세가율거품지수":0.52,
            "검색코드":7135,
            "세대수":898.0,
            "준공년월":"1997-03-17",
            "준공년차":26.0,
            "가까운역이름":"NA",
            "가까운역거리":"NA",
            "역세권여부":"NA",
            "30분이내주요거점역":"NA",
            "1시간이내주요거점역":"NA",
            "3km이내백화점수":0,
            "5km이내아울렛몰수":0,
            "1km이내대형먀트수":0,
            "500m이내은행수":0,
            "500m이내병원수":4,
            "5km이내대형병원수":1,
            "500m이내공원수":7,
            "3km이내혐오시설수":0,
            "초등학교학업성취도":88.69,
            "중학교학업성취도":57.8,
            "용적률":0,
            "건폐율":17,
            "Y":36.772688,
            "X":126.998345,
            "rank":100.0,
            "area_info":"20평(68.32), 23평(77.17)",
            "last_sales":"2021-12-30,11950.0,23평(77.17)"
        },
        {
            "index":456,
            "아파트명":"초원설화타운1단지",
            "투자타입":"일반",
            "전용면적(m2)":"54.41",
            "전용면적(평)":"16평",
            "법정동주소":"충청남도 아산시 좌부동 84-3",
            "도로명주소":"충청남도 아산시 고불로 667",
            "세대수":80,
            "입주년차":0,
            "용적률점수":"--",
            "건폐율점수":"--",
            "세대당주차수":0,
            "난방방식":30,
            "공급면적":"--",
            "전용률":"--",
            "욕실수":50,
            "현관타입":10,
            "주거총점":37.0,
            "지역구공급총점":0.0,
            "역세권":"NA",
            "30분내 이동가능 거점":"NA",
            "1시간내 이동가능 거점":"NA",
            "교통총점":"NA",
            "백화점":0,
            "아울렛몰":0,
            "대형마트":0,
            "은행":0,
            "병원":0,
            "종합병원":80,
            "공원":0,
            "혐오시설":0,
            "인프라총점":16.0,
            "초등학군":79.51,
            "중학군":43.72,
            "학군총점":50.878,
            "인구수":34.83,
            "인구증감":21.27,
            "인구총점":30.762,
            "일자리":23.9,
            "소득수준":66.53,
            "일자리총점":36.689,
            "가치 총점":32.0695,
            "매매실거래년":20220114.0,
            "매매실거래가":4100.0,
            "전세실거래년":20211230.0,
            "전세실거래가":2700.0,
            "전세가율":65.85,
            "장기전세가율평균":71.95,
            "전세가율거품지수":6.1,
            "검색코드":13741,
            "세대수":810.0,
            "준공년월":"1994-12-23",
            "준공년차":29.0,
            "가까운역이름":"NA",
            "가까운역거리":"NA",
            "역세권여부":"NA",
            "30분이내주요거점역":"NA",
            "1시간이내주요거점역":"NA",
            "3km이내백화점수":0,
            "5km이내아울렛몰수":0,
            "1km이내대형먀트수":0,
            "500m이내은행수":0,
            "500m이내병원수":1,
            "5km이내대형병원수":1,
            "500m이내공원수":0,
            "3km이내혐오시설수":0,
            "초등학교학업성취도":79.51,
            "중학교학업성취도":71.8,
            "용적률":283,
            "건폐율":23,
            "Y":36.752838,
            "X":127.031225,
            "rank":101.0,
            "area_info":"16평(54.41), 22평(74.07)",
            "last_sales":"2022-01-14,4100.0,16평(54.41)"
        },
        {
            "index":34,
            "아파트명":"배꽃마을우정",
            "투자타입":"일반",
            "전용면적(m2)":"107.78",
            "전용면적(평)":"32평",
            "법정동주소":"충청남도 아산시 둔포면 둔포리 292",
            "도로명주소":"충청남도 아산시 둔포중앙로161번길 34",
            "세대수":0,
            "입주년차":40,
            "용적률점수":"--",
            "건폐율점수":"--",
            "세대당주차수":30,
            "난방방식":30,
            "공급면적":"--",
            "전용률":"--",
            "욕실수":100,
            "현관타입":100,
            "주거총점":35.5,
            "지역구공급총점":0.0,
            "역세권":"NA",
            "30분내 이동가능 거점":"NA",
            "1시간내 이동가능 거점":"NA",
            "교통총점":"NA",
            "백화점":0,
            "아울렛몰":0,
            "대형마트":80,
            "은행":0,
            "병원":30,
            "종합병원":0,
            "공원":80,
            "혐오시설":0,
            "인프라총점":17.4,
            "초등학군":86.65,
            "중학군":40.68,
            "학군총점":49.874,
            "인구수":34.83,
            "인구증감":21.27,
            "인구총점":30.762,
            "일자리":23.9,
            "소득수준":66.53,
            "일자리총점":36.689,
            "가치 총점":31.8535,
            "매매실거래년":20211026.0,
            "매매실거래가":10500.0,
            "전세실거래년":20210722.0,
            "전세실거래가":8000.0,
            "전세가율":76.19,
            "장기전세가율평균":71.95,
            "전세가율거품지수":-4.24,
            "검색코드":19088,
            "세대수":148.0,
            "준공년월":"2005-12-20",
            "준공년차":18.0,
            "가까운역이름":"NA",
            "가까운역거리":"NA",
            "역세권여부":"NA",
            "30분이내주요거점역":"NA",
            "1시간이내주요거점역":"NA",
            "3km이내백화점수":0,
            "5km이내아울렛몰수":0,
            "1km이내대형먀트수":1,
            "500m이내은행수":1,
            "500m이내병원수":5,
            "5km이내대형병원수":0,
            "500m이내공원수":1,
            "3km이내혐오시설수":0,
            "초등학교학업성취도":86.65,
            "중학교학업성취도":67.8,
            "용적률":227,
            "건폐율":18,
            "Y":36.925995,
            "X":127.042608,
            "rank":102.0,
            "area_info":"32평(107.78)",
            "last_sales":"2021-10-26,10500.0,32평(107.78)"
        },
        {
            "index":104,
            "아파트명":"동아2차",
            "투자타입":"일반",
            "전용면적(m2)":"74.36",
            "전용면적(평)":"22평",
            "법정동주소":"충청남도 아산시 방축동 140-7",
            "도로명주소":"충청남도 아산시 온천대로1333번길 10",
            "세대수":0,
            "입주년차":0,
            "용적률점수":"--",
            "건폐율점수":"--",
            "세대당주차수":0,
            "난방방식":30,
            "공급면적":"--",
            "전용률":"--",
            "욕실수":50,
            "현관타입":100,
            "주거총점":18.0,
            "지역구공급총점":0.0,
            "역세권":"NA",
            "30분내 이동가능 거점":"NA",
            "1시간내 이동가능 거점":"NA",
            "교통총점":"NA",
            "백화점":0,
            "아울렛몰":0,
            "대형마트":100,
            "은행":0,
            "병원":10,
            "종합병원":80,
            "공원":80,
            "혐오시설":-50,
            "인프라총점":33.4,
            "초등학군":100.0,
            "중학군":34.44,
            "학군총점":47.552,
            "인구수":34.83,
            "인구증감":21.27,
            "인구총점":30.762,
            "일자리":23.9,
            "소득수준":66.53,
            "일자리총점":36.689,
            "가치 총점":31.548,
            "매매실거래년":20211214.0,
            "매매실거래가":11000.0,
            "전세실거래년":20210927.0,
            "전세실거래가":8800.0,
            "전세가율":80.0,
            "장기전세가율평균":71.95,
            "전세가율거품지수":-8.05,
            "검색코드":15249,
            "세대수":280.0,
            "준공년월":"1997-08-12",
            "준공년차":26.0,
            "가까운역이름":"NA",
            "가까운역거리":"NA",
            "역세권여부":"NA",
            "30분이내주요거점역":"NA",
            "1시간이내주요거점역":"NA",
            "3km이내백화점수":0,
            "5km이내아울렛몰수":0,
            "1km이내대형먀트수":3,
            "500m이내은행수":0,
            "500m이내병원수":2,
            "5km이내대형병원수":1,
            "500m이내공원수":1,
            "3km이내혐오시설수":1,
            "초등학교학업성취도":100.0,
            "중학교학업성취도":56.8,
            "용적률":362,
            "건폐율":21,
            "Y":36.786238,
            "X":126.987312,
            "rank":103.0,
            "area_info":"22평(74.36), 27평(90.01), 30평(99.59)",
            "last_sales":"2021-12-14,11000.0,22평(74.36)"
        },
        {
            "index":498,
            "아파트명":"세진",
            "투자타입":"일반",
            "전용면적(m2)":"46.05",
            "전용면적(평)":"13평",
            "법정동주소":"충청남도 아산시 풍기동 222",
            "도로명주소":"충청남도 아산시 외암로 1566-12",
            "세대수":0,
            "입주년차":0,
            "용적률점수":"--",
            "건폐율점수":"--",
            "세대당주차수":0,
            "난방방식":30,
            "공급면적":"--",
            "전용률":"--",
            "욕실수":50,
            "현관타입":10,
            "주거총점":9.0,
            "지역구공급총점":0.0,
            "역세권":"NA",
            "30분내 이동가능 거점":"NA",
            "1시간내 이동가능 거점":"NA",
            "교통총점":"NA",
            "백화점":0,
            "아울렛몰":0,
            "대형마트":100,
            "은행":0,
            "병원":30,
            "종합병원":80,
            "공원":100,
            "혐오시설":0,
            "인프라총점":37.0,
            "초등학군":89.18,
            "중학군":43.72,
            "학군총점":52.812,
            "인구수":34.83,
            "인구증감":21.27,
            "인구총점":30.762,
            "일자리":23.9,
            "소득수준":66.53,
            "일자리총점":36.689,
            "가치 총점":31.153,
            "매매실거래년":20211230.0,
            "매매실거래가":4500.0,
            "전세실거래년":20211017.0,
            "전세실거래가":3000.0,
            "전세가율":66.67,
            "장기전세가율평균":71.95,
            "전세가율거품지수":5.28,
            "검색코드":25382,
            "세대수":136.0,
            "준공년월":"1998-04-13",
            "준공년차":25.0,
            "가까운역이름":"NA",
            "가까운역거리":"NA",
            "역세권여부":"NA",
            "30분이내주요거점역":"NA",
            "1시간이내주요거점역":"NA",
            "3km이내백화점수":0,
            "5km이내아울렛몰수":0,
            "1km이내대형먀트수":2,
            "500m이내은행수":0,
            "500m이내병원수":6,
            "5km이내대형병원수":1,
            "500m이내공원수":2,
            "3km이내혐오시설수":0,
            "초등학교학업성취도":89.18,
            "중학교학업성취도":71.8,
            "용적률":290,
            "건폐율":23,
            "Y":36.774482,
            "X":127.014542,
            "rank":104.0,
            "area_info":"13평(46.05)",
            "last_sales":"2021-12-30,4500.0,13평(46.05)"
        },
        {
            "index":508,
            "아파트명":"인정프린스",
            "투자타입":"일반",
            "전용면적(m2)":"83.76",
            "전용면적(평)":"25평",
            "법정동주소":"충청남도 아산시 풍기동 231",
            "도로명주소":"충청남도 아산시 어의정로183번길 15",
            "세대수":0,
            "입주년차":0,
            "용적률점수":"--",
            "건폐율점수":"--",
            "세대당주차수":0,
            "난방방식":30,
            "공급면적":"--",
            "전용률":"--",
            "욕실수":50,
            "현관타입":10,
            "주거총점":9.0,
            "지역구공급총점":0.0,
            "역세권":"NA",
            "30분내 이동가능 거점":"NA",
            "1시간내 이동가능 거점":"NA",
            "교통총점":"NA",
            "백화점":0,
            "아울렛몰":0,
            "대형마트":100,
            "은행":0,
            "병원":30,
            "종합병원":80,
            "공원":100,
            "혐오시설":0,
            "인프라총점":37.0,
            "초등학군":89.18,
            "중학군":43.72,
            "학군총점":52.812,
            "인구수":34.83,
            "인구증감":21.27,
            "인구총점":30.762,
            "일자리":23.9,
            "소득수준":66.53,
            "일자리총점":36.689,
            "가치 총점":31.153,
            "매매실거래년":20211116.0,
            "매매실거래가":13150.0,
            "전세실거래년":20220105.0,
            "전세실거래가":7500.0,
            "전세가율":78.95,
            "장기전세가율평균":71.95,
            "전세가율거품지수":-7.0,
            "검색코드":7140,
            "세대수":254.0,
            "준공년월":"1993-06-16",
            "준공년차":30.0,
            "가까운역이름":"NA",
            "가까운역거리":"NA",
            "역세권여부":"NA",
            "30분이내주요거점역":"NA",
            "1시간이내주요거점역":"NA",
            "3km이내백화점수":0,
            "5km이내아울렛몰수":0,
            "1km이내대형먀트수":3,
            "500m이내은행수":0,
            "500m이내병원수":8,
            "5km이내대형병원수":1,
            "500m이내공원수":2,
            "3km이내혐오시설수":0,
            "초등학교학업성취도":89.18,
            "중학교학업성취도":71.8,
            "용적률":253,
            "건폐율":27,
            "Y":36.776445,
            "X":127.015514,
            "rank":104.0,
            "area_info":"25평(83.76), 30평(100.62), 30평(102.25), 31평(102.62), 38평(126.08)",
            "last_sales":"2021-11-16,13150.0,30평(102.25)"
        },
        {
            "index":302,
            "아파트명":"아산신창양우내안애",
            "투자타입":"일반",
            "전용면적(m2)":"45.01",
            "전용면적(평)":"13평",
            "법정동주소":"충청남도 아산시 신창면 행목리 498",
            "도로명주소":"충청남도 아산시 행목로 202",
            "세대수":90,
            "입주년차":80,
            "용적률점수":"--",
            "건폐율점수":"--",
            "세대당주차수":0,
            "난방방식":30,
            "공급면적":"--",
            "전용률":"--",
            "욕실수":50,
            "현관타입":10,
            "주거총점":56.5,
            "지역구공급총점":0.0,
            "역세권":"NA",
            "30분내 이동가능 거점":"NA",
            "1시간내 이동가능 거점":"NA",
            "교통총점":"NA",
            "백화점":0,
            "아울렛몰":0,
            "대형마트":0,
            "은행":0,
            "병원":0,
            "종합병원":0,
            "공원":0,
            "혐오시설":0,
            "인프라총점":0.0,
            "초등학군":88.38,
            "중학군":34.44,
            "학군총점":45.228,
            "인구수":34.83,
            "인구증감":21.27,
            "인구총점":30.762,
            "일자리":23.9,
            "소득수준":66.53,
            "일자리총점":36.689,
            "가치 총점":31.082,
            "매매실거래년":20220104.0,
            "매매실거래가":10000.0,
            "전세실거래년":20211221.0,
            "전세실거래가":6000.0,
            "전세가율":93.02,
            "장기전세가율평균":71.95,
            "전세가율거품지수":-21.07,
            "검색코드":107507,
            "세대수":1440.0,
            "준공년월":"2014-08-29",
            "준공년차":9.0,
            "가까운역이름":"NA",
            "가까운역거리":"NA",
            "역세권여부":"NA",
            "30분이내주요거점역":"NA",
            "1시간이내주요거점역":"NA",
            "3km이내백화점수":0,
            "5km이내아울렛몰수":0,
            "1km이내대형먀트수":0,
            "500m이내은행수":0,
            "500m이내병원수":1,
            "5km이내대형병원수":0,
            "500m이내공원수":0,
            "3km이내혐오시설수":0,
            "초등학교학업성취도":88.38,
            "중학교학업성취도":56.8,
            "용적률":147,
            "건폐율":15,
            "Y":36.78232,
            "X":126.956252,
            "rank":105.0,
            "area_info":"13평(45.01), 19평(63.01), 21평(72.37)",
            "last_sales":"2022-01-04,10000.0,19평(63.01)"
        },
        {
            "index":305,
            "아파트명":"아산코아루",
            "투자타입":"일반",
            "전용면적(m2)":"79.44",
            "전용면적(평)":"24평",
            "법정동주소":"충청남도 아산시 신창면 남성리 190-1",
            "도로명주소":"충청남도 아산시 남성길 123",
            "세대수":50,
            "입주년차":40,
            "용적률점수":"--",
            "건폐율점수":"--",
            "세대당주차수":30,
            "난방방식":30,
            "공급면적":"--",
            "전용률":"--",
            "욕실수":100,
            "현관타입":100,
            "주거총점":53.0,
            "지역구공급총점":0.0,
            "역세권":"NA",
            "30분내 이동가능 거점":"NA",
            "1시간내 이동가능 거점":"NA",
            "교통총점":"NA",
            "백화점":0,
            "아울렛몰":0,
            "대형마트":0,
            "은행":0,
            "병원":10,
            "종합병원":0,
            "공원":80,
            "혐오시설":0,
            "인프라총점":3.4,
            "초등학군":88.38,
            "중학군":32.52,
            "학군총점":43.692,
            "인구수":34.83,
            "인구증감":21.27,
            "인구총점":30.762,
            "일자리":23.9,
            "소득수준":66.53,
            "일자리총점":36.689,
            "가치 총점":30.833,
            "매매실거래년":20211218.0,
            "매매실거래가":14400.0,
            "전세실거래년":20211113.0,
            "전세실거래가":10500.0,
            "전세가율":72.92,
            "장기전세가율평균":71.95,
            "전세가율거품지수":-0.97,
            "검색코드":17415,
            "세대수":526.0,
            "준공년월":"2006-01-27",
            "준공년차":17.0,
            "가까운역이름":"NA",
            "가까운역거리":"NA",
            "역세권여부":"NA",
            "30분이내주요거점역":"NA",
            "1시간이내주요거점역":"NA",
            "3km이내백화점수":0,
            "5km이내아울렛몰수":0,
            "1km이내대형먀트수":0,
            "500m이내은행수":0,
            "500m이내병원수":3,
            "5km이내대형병원수":0,
            "500m이내공원수":1,
            "3km이내혐오시설수":0,
            "초등학교학업성취도":88.38,
            "중학교학업성취도":54.2,
            "용적률":180,
            "건폐율":16,
            "Y":36.791475,
            "X":126.954134,
            "rank":106.0,
            "area_info":"24평(79.44), 34평(112.97)",
            "last_sales":"2021-12-18,14400.0,24평(79.44)"
        },
        {
            "index":382,
            "아파트명":"용화주공",
            "투자타입":"재건축",
            "전용면적(m2)":"53.6",
            "전용면적(평)":"16평",
            "법정동주소":"충청남도 아산시 온천동 2017",
            "도로명주소":"충청남도 아산시 온여고길 27",
            "세대수":0,
            "입주년차":"--",
            "용적률점수":0,
            "건폐율점수":0,
            "세대당주차수":"--",
            "난방방식":"--",
            "공급면적":50,
            "전용률":100,
            "욕실수":"--",
            "현관타입":"--",
            "주거총점":7.5,
            "지역구공급총점":0.0,
            "역세권":"NA",
            "30분내 이동가능 거점":"NA",
            "1시간내 이동가능 거점":"NA",
            "교통총점":"NA",
            "백화점":0,
            "아울렛몰":0,
            "대형마트":100,
            "은행":0,
            "병원":30,
            "종합병원":80,
            "공원":100,
            "혐오시설":0,
            "인프라총점":37.0,
            "초등학군":85.89,
            "중학군":43.72,
            "학군총점":52.154,
            "인구수":34.83,
            "인구증감":21.27,
            "인구총점":30.762,
            "일자리":23.9,
            "소득수준":66.53,
            "일자리총점":36.689,
            "가치 총점":30.4635,
            "매매실거래년":20220105.0,
            "매매실거래가":19500.0,
            "전세실거래년":20210913.0,
            "전세실거래가":1800.0,
            "전세가율":9.23,
            "장기전세가율평균":71.95,
            "전세가율거품지수":62.72,
            "검색코드":7136,
            "세대수":240.0,
            "준공년월":"1983-11-19",
            "준공년차":40.0,
            "가까운역이름":"NA",
            "가까운역거리":"NA",
            "역세권여부":"NA",
            "30분이내주요거점역":"NA",
            "1시간이내주요거점역":"NA",
            "3km이내백화점수":0,
            "5km이내아울렛몰수":0,
            "1km이내대형먀트수":3,
            "500m이내은행수":0,
            "500m이내병원수":5,
            "5km이내대형병원수":1,
            "500m이내공원수":3,
            "3km이내혐오시설수":0,
            "초등학교학업성취도":85.89,
            "중학교학업성취도":71.8,
            "용적률":0,
            "건폐율":0,
            "Y":36.777209,
            "X":127.012009,
            "rank":107.0,
            "area_info":"16평(53.6), 18평(61.5)",
            "last_sales":"2022-01-05,19500.0,16평(53.6)"
        },
        {
            "index":334,
            "아파트명":"한남프레시앙",
            "투자타입":"일반",
            "전용면적(m2)":"81.94",
            "전용면적(평)":"24평",
            "법정동주소":"충청남도 아산시 염치읍 방현리 442",
            "도로명주소":"충청남도 아산시 충무로308번길 24",
            "세대수":50,
            "입주년차":20,
            "용적률점수":"--",
            "건폐율점수":"--",
            "세대당주차수":0,
            "난방방식":30,
            "공급면적":"--",
            "전용률":"--",
            "욕실수":50,
            "현관타입":10,
            "주거총점":30.5,
            "지역구공급총점":0.0,
            "역세권":"NA",
            "30분내 이동가능 거점":"NA",
            "1시간내 이동가능 거점":"NA",
            "교통총점":"NA",
            "백화점":0,
            "아울렛몰":0,
            "대형마트":0,
            "은행":0,
            "병원":0,
            "종합병원":80,
            "공원":0,
            "혐오시설":0,
            "인프라총점":16.0,
            "초등학군":89.15,
            "중학군":41.52,
            "학군총점":51.046,
            "인구수":34.83,
            "인구증감":21.27,
            "인구총점":30.762,
            "일자리":23.9,
            "소득수준":66.53,
            "일자리총점":36.689,
            "가치 총점":29.8365,
            "매매실거래년":20211216.0,
            "매매실거래가":9000.0,
            "전세실거래년":20211204.0,
            "전세실거래가":6500.0,
            "전세가율":72.22,
            "장기전세가율평균":71.95,
            "전세가율거품지수":-0.27,
            "검색코드":22579,
            "세대수":480.0,
            "준공년월":"2002-10-25",
            "준공년차":21.0,
            "가까운역이름":"NA",
            "가까운역거리":"NA",
            "역세권여부":"NA",
            "30분이내주요거점역":"NA",
            "1시간이내주요거점역":"NA",
            "3km이내백화점수":0,
            "5km이내아울렛몰수":0,
            "1km이내대형먀트수":0,
            "500m이내은행수":0,
            "500m이내병원수":0,
            "5km이내대형병원수":1,
            "500m이내공원수":0,
            "3km이내혐오시설수":0,
            "초등학교학업성취도":89.15,
            "중학교학업성취도":69.0,
            "용적률":148,
            "건폐율":12,
            "Y":36.808402,
            "X":127.009299,
            "rank":108.0,
            "area_info":"24평(81.94)",
            "last_sales":"2021-12-16,9000.0,24평(81.94)"
        },
        {
            "index":297,
            "아파트명":"아산SR친오애",
            "투자타입":"일반",
            "전용면적(m2)":"85.13",
            "전용면적(평)":"25평",
            "법정동주소":"충청남도 아산시 신창면 497",
            "도로명주소":"충청남도 아산시 행목로 217",
            "세대수":50,
            "입주년차":40,
            "용적률점수":"--",
            "건폐율점수":"--",
            "세대당주차수":30,
            "난방방식":30,
            "공급면적":"--",
            "전용률":"--",
            "욕실수":100,
            "현관타입":100,
            "주거총점":53.0,
            "지역구공급총점":0.0,
            "역세권":"NA",
            "30분내 이동가능 거점":"NA",
            "1시간내 이동가능 거점":"NA",
            "교통총점":"NA",
            "백화점":0,
            "아울렛몰":0,
            "대형마트":0,
            "은행":0,
            "병원":0,
            "종합병원":0,
            "공원":0,
            "혐오시설":0,
            "인프라총점":0.0,
            "초등학군":88.38,
            "중학군":32.52,
            "학군총점":43.692,
            "인구수":34.83,
            "인구증감":21.27,
            "인구총점":30.762,
            "일자리":23.9,
            "소득수준":66.53,
            "일자리총점":36.689,
            "가치 총점":29.473,
            "매매실거래년":20211208.0,
            "매매실거래가":13800.0,
            "전세실거래년":20211205.0,
            "전세실거래가":12000.0,
            "전세가율":86.96,
            "장기전세가율평균":71.95,
            "전세가율거품지수":-15.01,
            "검색코드":26017,
            "세대수":456.0,
            "준공년월":"2007-05-28",
            "준공년차":16.0,
            "가까운역이름":"NA",
            "가까운역거리":"NA",
            "역세권여부":"NA",
            "30분이내주요거점역":"NA",
            "1시간이내주요거점역":"NA",
            "3km이내백화점수":0,
            "5km이내아울렛몰수":0,
            "1km이내대형먀트수":0,
            "500m이내은행수":0,
            "500m이내병원수":1,
            "5km이내대형병원수":0,
            "500m이내공원수":0,
            "3km이내혐오시설수":0,
            "초등학교학업성취도":88.38,
            "중학교학업성취도":54.2,
            "용적률":225,
            "건폐율":23,
            "Y":36.783157,
            "X":126.953003,
            "rank":109.0,
            "area_info":"25평(85.13), 33평(111.31)",
            "last_sales":"2021-12-08,13800.0,25평(85.13)"
        },
        {
            "index":127,
            "아파트명":"삼정백조",
            "투자타입":"일반",
            "전용면적(m2)":"74.71",
            "전용면적(평)":"22평",
            "법정동주소":"충청남도 아산시 배미동 239-14",
            "도로명주소":"충청남도 아산시 서부북로 988",
            "세대수":50,
            "입주년차":40,
            "용적률점수":"--",
            "건폐율점수":"--",
            "세대당주차수":0,
            "난방방식":30,
            "공급면적":"--",
            "전용률":"--",
            "욕실수":50,
            "현관타입":10,
            "주거총점":34.5,
            "지역구공급총점":0.0,
            "역세권":"NA",
            "30분내 이동가능 거점":"NA",
            "1시간내 이동가능 거점":"NA",
            "교통총점":"NA",
            "백화점":0,
            "아울렛몰":0,
            "대형마트":0,
            "은행":0,
            "병원":0,
            "종합병원":80,
            "공원":0,
            "혐오시설":-50,
            "인프라총점":15.0,
            "초등학군":89.42,
            "중학군":34.44,
            "학군총점":45.436,
            "인구수":34.83,
            "인구증감":21.27,
            "인구총점":30.762,
            "일자리":23.9,
            "소득수준":66.53,
            "일자리총점":36.689,
            "가치 총점":29.434,
            "매매실거래년":20211217.0,
            "매매실거래가":8700.0,
            "전세실거래년":20210720.0,
            "전세실거래가":6000.0,
            "전세가율":68.97,
            "장기전세가율평균":71.95,
            "전세가율거품지수":2.98,
            "검색코드":23992,
            "세대수":498.0,
            "준공년월":"2008-09-18",
            "준공년차":15.0,
            "가까운역이름":"NA",
            "가까운역거리":"NA",
            "역세권여부":"NA",
            "30분이내주요거점역":"NA",
            "1시간이내주요거점역":"NA",
            "3km이내백화점수":0,
            "5km이내아울렛몰수":0,
            "1km이내대형먀트수":0,
            "500m이내은행수":0,
            "500m이내병원수":1,
            "5km이내대형병원수":1,
            "500m이내공원수":0,
            "3km이내혐오시설수":1,
            "초등학교학업성취도":89.42,
            "중학교학업성취도":56.8,
            "용적률":211,
            "건폐율":18,
            "Y":36.787902,
            "X":126.969084,
            "rank":110.0,
            "area_info":"22평(74.71), 23평(77.05)",
            "last_sales":"2021-12-17,8700.0,22평(74.71)"
        },
        {
            "index":272,
            "아파트명":"한성",
            "투자타입":"일반",
            "전용면적(m2)":"51.15",
            "전용면적(평)":"15평",
            "법정동주소":"충청남도 아산시 배방읍 휴대리 28",
            "도로명주소":"충청남도 아산시 휴대길 212",
            "세대수":0,
            "입주년차":20,
            "용적률점수":"--",
            "건폐율점수":"--",
            "세대당주차수":0,
            "난방방식":30,
            "공급면적":"--",
            "전용률":"--",
            "욕실수":50,
            "현관타입":100,
            "주거총점":22.0,
            "지역구공급총점":0.0,
            "역세권":"NA",
            "30분내 이동가능 거점":"NA",
            "1시간내 이동가능 거점":"NA",
            "교통총점":"NA",
            "백화점":0,
            "아울렛몰":0,
            "대형마트":0,
            "은행":0,
            "병원":0,
            "종합병원":100,
            "공원":0,
            "혐오시설":0,
            "인프라총점":20.0,
            "초등학군":87.5,
            "중학군":45.44,
            "학군총점":53.852,
            "인구수":34.83,
            "인구증감":21.27,
            "인구총점":30.762,
            "일자리":23.9,
            "소득수준":66.53,
            "일자리총점":36.689,
            "가치 총점":29.163,
            "매매실거래년":20211208.0,
            "매매실거래가":7800.0,
            "전세실거래년":20211111.0,
            "전세실거래가":3300.0,
            "전세가율":75.86,
            "장기전세가율평균":71.95,
            "전세가율거품지수":-3.91,
            "검색코드":100543,
            "세대수":290.0,
            "준공년월":"1999-04-29",
            "준공년차":24.0,
            "가까운역이름":"NA",
            "가까운역거리":"NA",
            "역세권여부":"NA",
            "30분이내주요거점역":"NA",
            "1시간이내주요거점역":"NA",
            "3km이내백화점수":0,
            "5km이내아울렛몰수":0,
            "1km이내대형먀트수":0,
            "500m이내은행수":0,
            "500m이내병원수":0,
            "5km이내대형병원수":2,
            "500m이내공원수":0,
            "3km이내혐오시설수":0,
            "초등학교학업성취도":87.5,
            "중학교학업성취도":74.8,
            "용적률":90,
            "건폐율":20,
            "Y":36.766432,
            "X":127.118734,
            "rank":111.0,
            "area_info":"15평(51.15), 21평(70.73), 23평(76.39)",
            "last_sales":"2021-12-08,7800.0,23평(76.39)"
        },
        {
            "index":10,
            "아파트명":"성환",
            "투자타입":"재건축",
            "전용면적(m2)":"52.2",
            "전용면적(평)":"15평",
            "법정동주소":"충청남도 아산시 권곡동 536-17",
            "도로명주소":"충청남도 아산시 청운로176번길 12",
            "세대수":0,
            "입주년차":"--",
            "용적률점수":0,
            "건폐율점수":0,
            "세대당주차수":"--",
            "난방방식":"--",
            "공급면적":50,
            "전용률":80,
            "욕실수":"--",
            "현관타입":"--",
            "주거총점":6.5,
            "지역구공급총점":0.0,
            "역세권":"NA",
            "30분내 이동가능 거점":"NA",
            "1시간내 이동가능 거점":"NA",
            "교통총점":"NA",
            "백화점":0,
            "아울렛몰":0,
            "대형마트":80,
            "은행":0,
            "병원":30,
            "종합병원":80,
            "공원":100,
            "혐오시설":0,
            "인프라총점":34.0,
            "초등학군":88.63,
            "중학군":44.28,
            "학군총점":53.15,
            "인구수":34.83,
            "인구증감":21.27,
            "인구총점":30.762,
            "일자리":23.9,
            "소득수준":66.53,
            "일자리총점":36.689,
            "가치 총점":29.1625,
            "매매실거래년":20210827.0,
            "매매실거래가":9000.0,
            "전세실거래년":20210226.0,
            "전세실거래가":4000.0,
            "전세가율":85.11,
            "장기전세가율평균":71.95,
            "전세가율거품지수":-13.16,
            "검색코드":7089,
            "세대수":107.0,
            "준공년월":"1987-07-15",
            "준공년차":36.0,
            "가까운역이름":"NA",
            "가까운역거리":"NA",
            "역세권여부":"NA",
            "30분이내주요거점역":"NA",
            "1시간이내주요거점역":"NA",
            "3km이내백화점수":0,
            "5km이내아울렛몰수":0,
            "1km이내대형먀트수":1,
            "500m이내은행수":0,
            "500m이내병원수":5,
            "5km이내대형병원수":1,
            "500m이내공원수":4,
            "3km이내혐오시설수":0,
            "초등학교학업성취도":88.63,
            "중학교학업성취도":73.0,
            "용적률":0,
            "건폐율":0,
            "Y":36.788923,
            "X":127.010839,
            "rank":112.0,
            "area_info":"15평(52.2), 16평(55.6), 20평(66.9), 22평(73.1), 24평(81.8)",
            "last_sales":"2021-08-27,9000.0,22평(73.1)"
        },
        {
            "index":459,
            "아파트명":"초원설화타운3단지",
            "투자타입":"일반",
            "전용면적(m2)":"79.98",
            "전용면적(평)":"24평",
            "법정동주소":"충청남도 아산시 좌부동 83",
            "도로명주소":"충청남도 아산시 고불로 665",
            "세대수":30,
            "입주년차":0,
            "용적률점수":"--",
            "건폐율점수":"--",
            "세대당주차수":0,
            "난방방식":30,
            "공급면적":"--",
            "전용률":"--",
            "욕실수":50,
            "현관타입":100,
            "주거총점":28.5,
            "지역구공급총점":0.0,
            "역세권":"NA",
            "30분내 이동가능 거점":"NA",
            "1시간내 이동가능 거점":"NA",
            "교통총점":"NA",
            "백화점":0,
            "아울렛몰":0,
            "대형마트":0,
            "은행":0,
            "병원":0,
            "종합병원":80,
            "공원":0,
            "혐오시설":0,
            "인프라총점":16.0,
            "초등학군":79.51,
            "중학군":43.72,
            "학군총점":50.878,
            "인구수":34.83,
            "인구증감":21.27,
            "인구총점":30.762,
            "일자리":23.9,
            "소득수준":66.53,
            "일자리총점":36.689,
            "가치 총점":29.0945,
            "매매실거래년":20211225.0,
            "매매실거래가":7700.0,
            "전세실거래년":20211206.0,
            "전세실거래가":6000.0,
            "전세가율":77.92,
            "장기전세가율평균":71.95,
            "전세가율거품지수":-5.97,
            "검색코드":13743,
            "세대수":358.0,
            "준공년월":"1995-11-22",
            "준공년차":28.0,
            "가까운역이름":"NA",
            "가까운역거리":"NA",
            "역세권여부":"NA",
            "30분이내주요거점역":"NA",
            "1시간이내주요거점역":"NA",
            "3km이내백화점수":0,
            "5km이내아울렛몰수":0,
            "1km이내대형먀트수":0,
            "500m이내은행수":0,
            "500m이내병원수":1,
            "5km이내대형병원수":1,
            "500m이내공원수":0,
            "3km이내혐오시설수":0,
            "초등학교학업성취도":79.51,
            "중학교학업성취도":71.8,
            "용적률":0,
            "건폐율":0,
            "Y":36.754385,
            "X":127.032012,
            "rank":113.0,
            "area_info":"24평(79.98)",
            "last_sales":"2021-12-25,7700.0,24평(79.98)"
        },
        {
            "index":445,
            "아파트명":"초원그린타운",
            "투자타입":"일반",
            "전용면적(m2)":"49.11",
            "전용면적(평)":"14평",
            "법정동주소":"충청남도 아산시 음봉면 덕지리 21-3",
            "도로명주소":"충청남도 아산시 음봉로681번길 24",
            "세대수":100,
            "입주년차":0,
            "용적률점수":"--",
            "건폐율점수":"--",
            "세대당주차수":0,
            "난방방식":30,
            "공급면적":"--",
            "전용률":"--",
            "욕실수":50,
            "현관타입":10,
            "주거총점":44.0,
            "지역구공급총점":0.0,
            "역세권":"NA",
            "30분내 이동가능 거점":"NA",
            "1시간내 이동가능 거점":"NA",
            "교통총점":"NA",
            "백화점":0,
            "아울렛몰":0,
            "대형마트":0,
            "은행":0,
            "병원":0,
            "종합병원":0,
            "공원":0,
            "혐오시설":0,
            "인프라총점":0.0,
            "초등학군":86.77,
            "중학군":46.06,
            "학군총점":54.202,
            "인구수":34.83,
            "인구증감":21.27,
            "인구총점":30.762,
            "일자리":23.9,
            "소득수준":66.53,
            "일자리총점":36.689,
            "가치 총점":28.9505,
            "매매실거래년":20220113.0,
            "매매실거래가":5200.0,
            "전세실거래년":20211214.0,
            "전세실거래가":2500.0,
            "전세가율":48.08,
            "장기전세가율평균":71.95,
            "전세가율거품지수":23.87,
            "검색코드":19581,
            "세대수":1875.0,
            "준공년월":"1997-04-17",
            "준공년차":26.0,
            "가까운역이름":"NA",
            "가까운역거리":"NA",
            "역세권여부":"NA",
            "30분이내주요거점역":"NA",
            "1시간이내주요거점역":"NA",
            "3km이내백화점수":0,
            "5km이내아울렛몰수":0,
            "1km이내대형먀트수":0,
            "500m이내은행수":0,
            "500m이내병원수":0,
            "5km이내대형병원수":0,
            "500m이내공원수":0,
            "3km이내혐오시설수":0,
            "초등학교학업성취도":86.77,
            "중학교학업성취도":76.1,
            "용적률":154,
            "건폐율":11,
            "Y":36.838503,
            "X":127.086124,
            "rank":114.0,
            "area_info":"14평(49.11)",
            "last_sales":"2022-01-13,5200.0,14평(49.11)"
        },
        {
            "index":22,
            "아파트명":"올림픽",
            "투자타입":"재건축",
            "전용면적(m2)":"81.6",
            "전용면적(평)":"24평",
            "법정동주소":"충청남도 아산시 권곡동 527-4",
            "도로명주소":"충청남도 아산시 청운로176번길 7",
            "세대수":0,
            "입주년차":"--",
            "용적률점수":0,
            "건폐율점수":0,
            "세대당주차수":"--",
            "난방방식":"--",
            "공급면적":70,
            "전용률":60,
            "욕실수":"--",
            "현관타입":"--",
            "주거총점":6.5,
            "지역구공급총점":0.0,
            "역세권":"NA",
            "30분내 이동가능 거점":"NA",
            "1시간내 이동가능 거점":"NA",
            "교통총점":"NA",
            "백화점":0,
            "아울렛몰":0,
            "대형마트":80,
            "은행":0,
            "병원":10,
            "종합병원":80,
            "공원":100,
            "혐오시설":0,
            "인프라총점":32.0,
            "초등학군":88.63,
            "중학군":44.28,
            "학군총점":53.15,
            "인구수":34.83,
            "인구증감":21.27,
            "인구총점":30.762,
            "일자리":23.9,
            "소득수준":66.53,
            "일자리총점":36.689,
            "가치 총점":28.3625,
            "매매실거래년":20211023.0,
            "매매실거래가":11750.0,
            "전세실거래년":20210123.0,
            "전세실거래가":5000.0,
            "전세가율":63.29,
            "장기전세가율평균":71.95,
            "전세가율거품지수":8.66,
            "검색코드":7092,
            "세대수":130.0,
            "준공년월":"1988-12-01",
            "준공년차":35.0,
            "가까운역이름":"NA",
            "가까운역거리":"NA",
            "역세권여부":"NA",
            "30분이내주요거점역":"NA",
            "1시간이내주요거점역":"NA",
            "3km이내백화점수":0,
            "5km이내아울렛몰수":0,
            "1km이내대형먀트수":1,
            "500m이내은행수":0,
            "500m이내병원수":4,
            "5km이내대형병원수":1,
            "500m이내공원수":5,
            "3km이내혐오시설수":0,
            "초등학교학업성취도":88.63,
            "중학교학업성취도":73.0,
            "용적률":0,
            "건폐율":0,
            "Y":36.78961,
            "X":127.01041,
            "rank":115.0,
            "area_info":"24평(81.6), 31평(103.7), 34평(115.4)",
            "last_sales":"2021-10-23,11750.0,34평(115.4)"
        },
        {
            "index":293,
            "아파트명":"샘마을",
            "투자타입":"일반",
            "전용면적(m2)":"42.47",
            "전용면적(평)":"12평",
            "법정동주소":"충청남도 아산시 신창면 남성리 177-2",
            "도로명주소":"충청남도 아산시 남성길 85",
            "세대수":90,
            "입주년차":20,
            "용적률점수":"--",
            "건폐율점수":"--",
            "세대당주차수":0,
            "난방방식":30,
            "공급면적":"--",
            "전용률":"--",
            "욕실수":50,
            "현관타입":10,
            "주거총점":44.5,
            "지역구공급총점":0.0,
            "역세권":"NA",
            "30분내 이동가능 거점":"NA",
            "1시간내 이동가능 거점":"NA",
            "교통총점":"NA",
            "백화점":0,
            "아울렛몰":0,
            "대형마트":0,
            "은행":0,
            "병원":10,
            "종합병원":0,
            "공원":80,
            "혐오시설":0,
            "인프라총점":3.4,
            "초등학군":88.38,
            "중학군":32.52,
            "학군총점":43.692,
            "인구수":34.83,
            "인구증감":21.27,
            "인구총점":30.762,
            "일자리":23.9,
            "소득수준":66.53,
            "일자리총점":36.689,
            "가치 총점":27.858,
            "매매실거래년":20220107.0,
            "매매실거래가":4000.0,
            "전세실거래년":20211027.0,
            "전세실거래가":2000.0,
            "전세가율":66.67,
            "장기전세가율평균":71.95,
            "전세가율거품지수":5.28,
            "검색코드":26384,
            "세대수":926.0,
            "준공년월":"2001-03-03",
            "준공년차":22.0,
            "가까운역이름":"NA",
            "가까운역거리":"NA",
            "역세권여부":"NA",
            "30분이내주요거점역":"NA",
            "1시간이내주요거점역":"NA",
            "3km이내백화점수":0,
            "5km이내아울렛몰수":0,
            "1km이내대형먀트수":0,
            "500m이내은행수":0,
            "500m이내병원수":3,
            "5km이내대형병원수":0,
            "500m이내공원수":1,
            "3km이내혐오시설수":0,
            "초등학교학업성취도":88.38,
            "중학교학업성취도":54.2,
            "용적률":149,
            "건폐율":14,
            "Y":36.790349,
            "X":126.951135,
            "rank":116.0,
            "area_info":"12평(42.47), 16평(55.79), 23평(77.5)",
            "last_sales":"2022-01-07,4000.0,16평(55.79)"
        },
        {
            "index":124,
            "아파트명":"한성",
            "투자타입":"일반",
            "전용면적(m2)":"49.17",
            "전용면적(평)":"14평",
            "법정동주소":"충청남도 아산시 방축동 150-3",
            "도로명주소":"충청남도 아산시 온천대로 1315",
            "세대수":0,
            "입주년차":0,
            "용적률점수":"--",
            "건폐율점수":"--",
            "세대당주차수":0,
            "난방방식":30,
            "공급면적":"--",
            "전용률":"--",
            "욕실수":50,
            "현관타입":10,
            "주거총점":9.0,
            "지역구공급총점":0.0,
            "역세권":"NA",
            "30분내 이동가능 거점":"NA",
            "1시간내 이동가능 거점":"NA",
            "교통총점":"NA",
            "백화점":0,
            "아울렛몰":0,
            "대형마트":100,
            "은행":0,
            "병원":0,
            "종합병원":80,
            "공원":0,
            "혐오시설":-50,
            "인프라총점":30.0,
            "초등학군":100.0,
            "중학군":34.44,
            "학군총점":47.552,
            "인구수":34.83,
            "인구증감":21.27,
            "인구총점":30.762,
            "일자리":23.9,
            "소득수준":66.53,
            "일자리총점":36.689,
            "가치 총점":27.038,
            "매매실거래년":20211223.0,
            "매매실거래가":7700.0,
            "전세실거래년":20211109.0,
            "전세실거래가":4200.0,
            "전세가율":71.19,
            "장기전세가율평균":71.95,
            "전세가율거품지수":0.76,
            "검색코드":14196,
            "세대수":182.0,
            "준공년월":"1997-12-30",
            "준공년차":26.0,
            "가까운역이름":"NA",
            "가까운역거리":"NA",
            "역세권여부":"NA",
            "30분이내주요거점역":"NA",
            "1시간이내주요거점역":"NA",
            "3km이내백화점수":0,
            "5km이내아울렛몰수":0,
            "1km이내대형먀트수":3,
            "500m이내은행수":0,
            "500m이내병원수":1,
            "5km이내대형병원수":1,
            "500m이내공원수":0,
            "3km이내혐오시설수":1,
            "초등학교학업성취도":100.0,
            "중학교학업성취도":56.8,
            "용적률":197,
            "건폐율":20,
            "Y":36.78657,
            "X":126.984977,
            "rank":117.0,
            "area_info":"14평(49.17), 20평(66.74), 21평(72.36)",
            "last_sales":"2021-12-23,7700.0,20평(66.74)"
        },
        {
            "index":450,
            "아파트명":"미진무지개",
            "투자타입":"일반",
            "전용면적(m2)":"42.88",
            "전용면적(평)":"12평",
            "법정동주소":"충청남도 아산시 인주면 해암리 280-4",
            "도로명주소":"충청남도 아산시 현대로 862",
            "세대수":50,
            "입주년차":20,
            "용적률점수":"--",
            "건폐율점수":"--",
            "세대당주차수":0,
            "난방방식":30,
            "공급면적":"--",
            "전용률":"--",
            "욕실수":50,
            "현관타입":100,
            "주거총점":39.5,
            "지역구공급총점":0.0,
            "역세권":"NA",
            "30분내 이동가능 거점":"NA",
            "1시간내 이동가능 거점":"NA",
            "교통총점":"NA",
            "백화점":0,
            "아울렛몰":0,
            "대형마트":0,
            "은행":0,
            "병원":0,
            "종합병원":0,
            "공원":0,
            "혐오시설":0,
            "인프라총점":0.0,
            "초등학군":97.78,
            "중학군":41.46,
            "학군총점":52.724,
            "인구수":34.83,
            "인구증감":21.27,
            "인구총점":30.762,
            "일자리":23.9,
            "소득수준":66.53,
            "일자리총점":36.689,
            "가치 총점":27.006,
            "매매실거래년":20220110.0,
            "매매실거래가":6650.0,
            "전세실거래년":20220108.0,
            "전세실거래가":2000.0,
            "전세가율":30.08,
            "장기전세가율평균":71.95,
            "전세가율거품지수":41.87,
            "검색코드":109244,
            "세대수":480.0,
            "준공년월":"2000-04-24",
            "준공년차":23.0,
            "가까운역이름":"NA",
            "가까운역거리":"NA",
            "역세권여부":"NA",
            "30분이내주요거점역":"NA",
            "1시간이내주요거점역":"NA",
            "3km이내백화점수":0,
            "5km이내아울렛몰수":0,
            "1km이내대형먀트수":0,
            "500m이내은행수":0,
            "500m이내병원수":0,
            "5km이내대형병원수":0,
            "500m이내공원수":0,
            "3km이내혐오시설수":0,
            "초등학교학업성취도":97.78,
            "중학교학업성취도":69.1,
            "용적률":149,
            "건폐율":14,
            "Y":36.832383,
            "X":126.885239,
            "rank":118.0,
            "area_info":"12평(42.88), 19평(65.4)",
            "last_sales":"2022-01-10,6650.0,12평(42.88)"
        },
        {
            "index":25,
            "아파트명":"주공",
            "투자타입":"일반",
            "전용면적(m2)":"67.45",
            "전용면적(평)":"20평",
            "법정동주소":"충청남도 아산시 권곡동 607",
            "도로명주소":"충청남도 아산시 박물관로 13",
            "세대수":0,
            "입주년차":20,
            "용적률점수":"--",
            "건폐율점수":"--",
            "세대당주차수":0,
            "난방방식":30,
            "공급면적":"--",
            "전용률":"--",
            "욕실수":50,
            "현관타입":50,
            "주거총점":17.0,
            "지역구공급총점":0.0,
            "역세권":"NA",
            "30분내 이동가능 거점":"NA",
            "1시간내 이동가능 거점":"NA",
            "교통총점":"NA",
            "백화점":0,
            "아울렛몰":0,
            "대형마트":0,
            "은행":0,
            "병원":0,
            "종합병원":80,
            "공원":100,
            "혐오시설":0,
            "인프라총점":19.0,
            "초등학군":88.63,
            "중학군":44.28,
            "학군총점":53.15,
            "인구수":34.83,
            "인구증감":21.27,
            "인구총점":30.762,
            "일자리":23.9,
            "소득수준":66.53,
            "일자리총점":36.689,
            "가치 총점":26.8375,
            "매매실거래년":20211227.0,
            "매매실거래가":13300.0,
            "전세실거래년":20211203.0,
            "전세실거래가":10000.0,
            "전세가율":75.19,
            "장기전세가율평균":71.95,
            "전세가율거품지수":-3.24,
            "검색코드":17185,
            "세대수":268.0,
            "준공년월":"2003-09-01",
            "준공년차":20.0,
            "가까운역이름":"NA",
            "가까운역거리":"NA",
            "역세권여부":"NA",
            "30분이내주요거점역":"NA",
            "1시간이내주요거점역":"NA",
            "3km이내백화점수":0,
            "5km이내아울렛몰수":0,
            "1km이내대형먀트수":0,
            "500m이내은행수":0,
            "500m이내병원수":0,
            "5km이내대형병원수":1,
            "500m이내공원수":2,
            "3km이내혐오시설수":0,
            "초등학교학업성취도":88.63,
            "중학교학업성취도":73.0,
            "용적률":134,
            "건폐율":13,
            "Y":36.793692,
            "X":127.009993,
            "rank":119.0,
            "area_info":"20평(67.45), 24평(80.78)",
            "last_sales":"2021-12-27,13300.0,20평(67.45)"
        },
        {
            "index":171,
            "아파트명":"삼정백조1차",
            "투자타입":"일반",
            "전용면적(m2)":"43.61",
            "전용면적(평)":"13평",
            "법정동주소":"충청남도 아산시 배방읍 회룡리 357-1",
            "도로명주소":"충청남도 아산시 솔치로 261",
            "세대수":50,
            "입주년차":0,
            "용적률점수":"--",
            "건폐율점수":"--",
            "세대당주차수":0,
            "난방방식":30,
            "공급면적":"--",
            "전용률":"--",
            "욕실수":50,
            "현관타입":100,
            "주거총점":35.5,
            "지역구공급총점":0.0,
            "역세권":"NA",
            "30분내 이동가능 거점":"NA",
            "1시간내 이동가능 거점":"NA",
            "교통총점":"NA",
            "백화점":0,
            "아울렛몰":0,
            "대형마트":0,
            "은행":0,
            "병원":0,
            "종합병원":0,
            "공원":0,
            "혐오시설":0,
            "인프라총점":0.0,
            "초등학군":88.88,
            "중학군":48.82,
            "학군총점":56.832,
            "인구수":34.83,
            "인구증감":21.27,
            "인구총점":30.762,
            "일자리":23.9,
            "소득수준":66.53,
            "일자리총점":36.689,
            "가치 총점":26.633,
            "매매실거래년":20210831.0,
            "매매실거래가":4300.0,
            "전세실거래년":20191113.0,
            "전세실거래가":1300.0,
            "전세가율":30.23,
            "장기전세가율평균":71.95,
            "전세가율거품지수":41.72,
            "검색코드":100186,
            "세대수":424.0,
            "준공년월":"1998-03-03",
            "준공년차":25.0,
            "가까운역이름":"NA",
            "가까운역거리":"NA",
            "역세권여부":"NA",
            "30분이내주요거점역":"NA",
            "1시간이내주요거점역":"NA",
            "3km이내백화점수":0,
            "5km이내아울렛몰수":0,
            "1km이내대형먀트수":0,
            "500m이내은행수":0,
            "500m이내병원수":0,
            "5km이내대형병원수":0,
            "500m이내공원수":0,
            "3km이내혐오시설수":0,
            "초등학교학업성취도":88.88,
            "중학교학업성취도":79.1,
            "용적률":149,
            "건폐율":13,
            "Y":36.748349,
            "X":127.068426,
            "rank":120.0,
            "area_info":"13평(43.61), 16평(53.35)",
            "last_sales":"2021-08-31,4300.0,13평(43.61)"
        },
        {
            "index":60,
            "아파트명":"부영",
            "투자타입":"일반",
            "전용면적(m2)":"69.21",
            "전용면적(평)":"20평",
            "법정동주소":"충청남도 아산시 득산동 392-2",
            "도로명주소":"충청남도 아산시 온천대로 1105-17",
            "세대수":90,
            "입주년차":0,
            "용적률점수":"--",
            "건폐율점수":"--",
            "세대당주차수":0,
            "난방방식":30,
            "공급면적":"--",
            "전용률":"--",
            "욕실수":50,
            "현관타입":10,
            "주거총점":40.5,
            "지역구공급총점":0.0,
            "역세권":"NA",
            "30분내 이동가능 거점":"NA",
            "1시간내 이동가능 거점":"NA",
            "교통총점":"NA",
            "백화점":0,
            "아울렛몰":0,
            "대형마트":0,
            "은행":0,
            "병원":0,
            "종합병원":0,
            "공원":0,
            "혐오시설":0,
            "인프라총점":0.0,
            "초등학군":88.38,
            "중학군":34.44,
            "학군총점":45.228,
            "인구수":34.83,
            "인구증감":21.27,
            "인구총점":30.762,
            "일자리":23.9,
            "소득수준":66.53,
            "일자리총점":36.689,
            "가치 총점":25.482,
            "매매실거래년":20220106.0,
            "매매실거래가":7700.0,
            "전세실거래년":20220111.0,
            "전세실거래가":6000.0,
            "전세가율":77.92,
            "장기전세가율평균":71.95,
            "전세가율거품지수":-5.97,
            "검색코드":100321,
            "세대수":1163.0,
            "준공년월":"1998-05-30",
            "준공년차":25.0,
            "가까운역이름":"NA",
            "가까운역거리":"NA",
            "역세권여부":"NA",
            "30분이내주요거점역":"NA",
            "1시간이내주요거점역":"NA",
            "3km이내백화점수":0,
            "5km이내아울렛몰수":0,
            "1km이내대형먀트수":0,
            "500m이내은행수":0,
            "500m이내병원수":1,
            "5km이내대형병원수":0,
            "500m이내공원수":0,
            "3km이내혐오시설수":0,
            "초등학교학업성취도":88.38,
            "중학교학업성취도":56.8,
            "용적률":216,
            "건폐율":17,
            "Y":36.786788,
            "X":126.960169,
            "rank":121.0,
            "area_info":"20평(69.21), 24평(82.18)",
            "last_sales":"2022-01-06,7700.0,20평(69.21)"
        },
        {
            "index":331,
            "아파트명":"아산엑스포",
            "투자타입":"일반",
            "전용면적(m2)":"70.92",
            "전용면적(평)":"21평",
            "법정동주소":"충청남도 아산시 염치읍 석정리 30-6",
            "도로명주소":"충청남도 아산시 충무로 227",
            "세대수":0,
            "입주년차":0,
            "용적률점수":"--",
            "건폐율점수":"--",
            "세대당주차수":0,
            "난방방식":30,
            "공급면적":"--",
            "전용률":"--",
            "욕실수":50,
            "현관타입":100,
            "주거총점":18.0,
            "지역구공급총점":0.0,
            "역세권":"NA",
            "30분내 이동가능 거점":"NA",
            "1시간내 이동가능 거점":"NA",
            "교통총점":"NA",
            "백화점":0,
            "아울렛몰":0,
            "대형마트":0,
            "은행":0,
            "병원":0,
            "종합병원":80,
            "공원":0,
            "혐오시설":0,
            "인프라총점":16.0,
            "초등학군":89.15,
            "중학군":41.52,
            "학군총점":51.046,
            "인구수":34.83,
            "인구증감":21.27,
            "인구총점":30.762,
            "일자리":23.9,
            "소득수준":66.53,
            "일자리총점":36.689,
            "가치 총점":25.4615,
            "매매실거래년":20220103.0,
            "매매실거래가":7500.0,
            "전세실거래년":20211218.0,
            "전세실거래가":5500.0,
            "전세가율":90.16,
            "장기전세가율평균":71.95,
            "전세가율거품지수":-18.21,
            "검색코드":15252,
            "세대수":123.0,
            "준공년월":"1995-06-23",
            "준공년차":28.0,
            "가까운역이름":"NA",
            "가까운역거리":"NA",
            "역세권여부":"NA",
            "30분이내주요거점역":"NA",
            "1시간이내주요거점역":"NA",
            "3km이내백화점수":0,
            "5km이내아울렛몰수":0,
            "1km이내대형먀트수":0,
            "500m이내은행수":0,
            "500m이내병원수":0,
            "5km이내대형병원수":1,
            "500m이내공원수":0,
            "3km이내혐오시설수":0,
            "초등학교학업성취도":89.15,
            "중학교학업성취도":69.0,
            "용적률":218,
            "건폐율":25,
            "Y":36.80116,
            "X":127.00699,
            "rank":122.0,
            "area_info":"21평(70.92), 23평(76.58), 32평(108.61)",
            "last_sales":"2022-01-03,7500.0,32평(108.61)"
        },
        {
            "index":390,
            "아파트명":"백자",
            "투자타입":"일반",
            "전용면적(m2)":"77.36",
            "전용면적(평)":"23평",
            "법정동주소":"충청남도 아산시 용화동 426",
            "도로명주소":"충청남도 아산시 시민로 241",
            "세대수":0,
            "입주년차":0,
            "용적률점수":"--",
            "건폐율점수":"--",
            "세대당주차수":0,
            "난방방식":30,
            "공급면적":"--",
            "전용률":"--",
            "욕실수":50,
            "현관타입":100,
            "주거총점":18.0,
            "지역구공급총점":0.0,
            "역세권":"NA",
            "30분내 이동가능 거점":"NA",
            "1시간내 이동가능 거점":"NA",
            "교통총점":"NA",
            "백화점":0,
            "아울렛몰":0,
            "대형마트":0,
            "은행":0,
            "병원":0,
            "종합병원":80,
            "공원":100,
            "혐오시설":0,
            "인프라총점":19.0,
            "초등학군":88.69,
            "중학군":34.92,
            "학군총점":45.674,
            "인구수":34.83,
            "인구증감":21.27,
            "인구총점":30.762,
            "일자리":23.9,
            "소득수준":66.53,
            "일자리총점":36.689,
            "가치 총점":25.3185,
            "매매실거래년":20211020.0,
            "매매실거래가":10000.0,
            "전세실거래년":20210105.0,
            "전세실거래가":6500.0,
            "전세가율":86.67,
            "장기전세가율평균":71.95,
            "전세가율거품지수":-14.72,
            "검색코드":7131,
            "세대수":140.0,
            "준공년월":"1993-07-20",
            "준공년차":30.0,
            "가까운역이름":"NA",
            "가까운역거리":"NA",
            "역세권여부":"NA",
            "30분이내주요거점역":"NA",
            "1시간이내주요거점역":"NA",
            "3km이내백화점수":0,
            "5km이내아울렛몰수":0,
            "1km이내대형먀트수":0,
            "500m이내은행수":0,
            "500m이내병원수":1,
            "5km이내대형병원수":1,
            "500m이내공원수":4,
            "3km이내혐오시설수":0,
            "초등학교학업성취도":88.69,
            "중학교학업성취도":57.8,
            "용적률":175,
            "건폐율":37,
            "Y":36.77166,
            "X":126.993956,
            "rank":123.0,
            "area_info":"23평(77.36), 29평(97.06), 30평(101.77), 32평(107.33)",
            "last_sales":"2021-10-20,10000.0,32평(107.33)"
        },
        {
            "index":288,
            "아파트명":"경희학성",
            "투자타입":"일반",
            "전용면적(m2)":"39.93",
            "전용면적(평)":"12평",
            "법정동주소":"충청남도 아산시 신창면 읍내리 579-9",
            "도로명주소":"충청남도 아산시 순천향로 49",
            "세대수":90,
            "입주년차":0,
            "용적률점수":"--",
            "건폐율점수":"--",
            "세대당주차수":0,
            "난방방식":30,
            "공급면적":"--",
            "전용률":"--",
            "욕실수":50,
            "현관타입":10,
            "주거총점":40.5,
            "지역구공급총점":0.0,
            "역세권":"NA",
            "30분내 이동가능 거점":"NA",
            "1시간내 이동가능 거점":"NA",
            "교통총점":"NA",
            "백화점":0,
            "아울렛몰":0,
            "대형마트":0,
            "은행":0,
            "병원":0,
            "종합병원":0,
            "공원":0,
            "혐오시설":0,
            "인프라총점":0.0,
            "초등학군":84.95,
            "중학군":32.52,
            "학군총점":43.006,
            "인구수":34.83,
            "인구증감":21.27,
            "인구총점":30.762,
            "일자리":23.9,
            "소득수준":66.53,
            "일자리총점":36.689,
            "가치 총점":24.9265,
            "매매실거래년":20211227.0,
            "매매실거래가":3550.0,
            "전세실거래년":20201101.0,
            "전세실거래가":2000.0,
            "전세가율":56.34,
            "장기전세가율평균":71.95,
            "전세가율거품지수":15.61,
            "검색코드":100314,
            "세대수":937.0,
            "준공년월":"1996-12-13",
            "준공년차":27.0,
            "가까운역이름":"NA",
            "가까운역거리":"NA",
            "역세권여부":"NA",
            "30분이내주요거점역":"NA",
            "1시간이내주요거점역":"NA",
            "3km이내백화점수":0,
            "5km이내아울렛몰수":0,
            "1km이내대형먀트수":0,
            "500m이내은행수":0,
            "500m이내병원수":0,
            "5km이내대형병원수":0,
            "500m이내공원수":0,
            "3km이내혐오시설수":0,
            "초등학교학업성취도":84.95,
            "중학교학업성취도":54.2,
            "용적률":152,
            "건폐율":15,
            "Y":36.772327,
            "X":126.937043,
            "rank":124.0,
            "area_info":"12평(39.93), 15평(52.28), 21평(70.79), 21평(70.79)",
            "last_sales":"2021-12-27,3550.0,12평(39.93)"
        },
        {
            "index":414,
            "아파트명":"주공2단지",
            "투자타입":"재건축",
            "전용면적(m2)":"45.1",
            "전용면적(평)":"13평",
            "법정동주소":"충청남도 아산시 용화동 356",
            "도로명주소":"충청남도 아산시 시민로 277-3",
            "세대수":30,
            "입주년차":"--",
            "용적률점수":0,
            "건폐율점수":0,
            "세대당주차수":"--",
            "난방방식":"--",
            "공급면적":50,
            "전용률":80,
            "욕실수":"--",
            "현관타입":"--",
            "주거총점":15.5,
            "지역구공급총점":0.0,
            "역세권":"NA",
            "30분내 이동가능 거점":"NA",
            "1시간내 이동가능 거점":"NA",
            "교통총점":"NA",
            "백화점":0,
            "아울렛몰":0,
            "대형마트":0,
            "은행":0,
            "병원":10,
            "종합병원":80,
            "공원":100,
            "혐오시설":0,
            "인프라총점":20.0,
            "초등학군":88.69,
            "중학군":34.92,
            "학군총점":45.674,
            "인구수":34.83,
            "인구증감":21.27,
            "인구총점":30.762,
            "일자리":23.9,
            "소득수준":66.53,
            "일자리총점":36.689,
            "가치 총점":24.8435,
            "매매실거래년":20220110.0,
            "매매실거래가":10700.0,
            "전세실거래년":20220108.0,
            "전세실거래가":4500.0,
            "전세가율":45.69,
            "장기전세가율평균":71.95,
            "전세가율거품지수":26.26,
            "검색코드":7138,
            "세대수":370.0,
            "준공년월":"1989-03-15",
            "준공년차":34.0,
            "가까운역이름":"NA",
            "가까운역거리":"NA",
            "역세권여부":"NA",
            "30분이내주요거점역":"NA",
            "1시간이내주요거점역":"NA",
            "3km이내백화점수":0,
            "5km이내아울렛몰수":0,
            "1km이내대형먀트수":0,
            "500m이내은행수":0,
            "500m이내병원수":4,
            "5km이내대형병원수":1,
            "500m이내공원수":5,
            "3km이내혐오시설수":0,
            "초등학교학업성취도":88.69,
            "중학교학업성취도":57.8,
            "용적률":0,
            "건폐율":0,
            "Y":36.774737,
            "X":126.994487,
            "rank":125.0,
            "area_info":"13평(45.1), 13평(45.54), 15평(52.86), 15평(52.53)",
            "last_sales":"2022-01-10,10700.0,15평(52.86)"
        },
        {
            "index":424,
            "아파트명":"스페이스마리",
            "투자타입":"일반",
            "전용면적(m2)":"30.74",
            "전용면적(평)":"9평",
            "법정동주소":"충청남도 아산시 음봉면 신휴리 792",
            "도로명주소":"충청남도 아산시 아산밸리로 461",
            "세대수":0,
            "입주년차":80,
            "용적률점수":"--",
            "건폐율점수":"--",
            "세대당주차수":0,
            "난방방식":30,
            "공급면적":"--",
            "전용률":"--",
            "욕실수":50,
            "현관타입":100,
            "주거총점":34.0,
            "지역구공급총점":0.0,
            "역세권":"NA",
            "30분내 이동가능 거점":"NA",
            "1시간내 이동가능 거점":"NA",
            "교통총점":"NA",
            "백화점":0,
            "아울렛몰":0,
            "대형마트":0,
            "은행":0,
            "병원":0,
            "종합병원":0,
            "공원":0,
            "혐오시설":0,
            "인프라총점":0.0,
            "초등학군":90.0,
            "중학군":40.68,
            "학군총점":50.544,
            "인구수":34.83,
            "인구증감":21.27,
            "인구총점":30.762,
            "일자리":23.9,
            "소득수준":66.53,
            "일자리총점":36.689,
            "가치 총점":24.536,
            "매매실거래년":"18000101",
            "매매실거래가":null,
            "전세실거래년":null,
            "전세실거래가":null,
            "전세가율":null,
            "장기전세가율평균":71.95,
            "전세가율거품지수":null,
            "검색코드":141045,
            "세대수":152.0,
            "준공년월":"2018-04-18",
            "준공년차":5.0,
            "가까운역이름":"NA",
            "가까운역거리":"NA",
            "역세권여부":"NA",
            "30분이내주요거점역":"NA",
            "1시간이내주요거점역":"NA",
            "3km이내백화점수":0,
            "5km이내아울렛몰수":0,
            "1km이내대형먀트수":0,
            "500m이내은행수":0,
            "500m이내병원수":0,
            "5km이내대형병원수":0,
            "500m이내공원수":0,
            "3km이내혐오시설수":0,
            "초등학교학업성취도":90.0,
            "중학교학업성취도":67.8,
            "용적률":202,
            "건폐율":52,
            "Y":36.899331,
            "X":127.063514,
            "rank":126.0,
            "area_info":"9평(30.74), 10평(35.37), 12평(40.17), 12평(41.71), 14평(46.7)",
            "last_sales":"1800-01-01,nan,9평(30.74)"
        },
        {
            "index":449,
            "아파트명":"기산현대",
            "투자타입":"일반",
            "전용면적(m2)":"78.22",
            "전용면적(평)":"23평",
            "법정동주소":"충청남도 아산시 인주면 공세리 135-14",
            "도로명주소":"충청남도 아산시 공세길 6-7",
            "세대수":30,
            "입주년차":40,
            "용적률점수":"--",
            "건폐율점수":"--",
            "세대당주차수":30,
            "난방방식":30,
            "공급면적":"--",
            "전용률":"--",
            "욕실수":50,
            "현관타입":10,
            "주거총점":32.0,
            "지역구공급총점":0.0,
            "역세권":"NA",
            "30분내 이동가능 거점":"NA",
            "1시간내 이동가능 거점":"NA",
            "교통총점":"NA",
            "백화점":0,
            "아울렛몰":0,
            "대형마트":0,
            "은행":0,
            "병원":0,
            "종합병원":0,
            "공원":0,
            "혐오시설":0,
            "인프라총점":0.0,
            "초등학군":85.17,
            "중학군":41.46,
            "학군총점":50.202,
            "인구수":34.83,
            "인구증감":21.27,
            "인구총점":30.762,
            "일자리":23.9,
            "소득수준":66.53,
            "일자리총점":36.689,
            "가치 총점":23.7505,
            "매매실거래년":20211207.0,
            "매매실거래가":8700.0,
            "전세실거래년":20211230.0,
            "전세실거래가":4500.0,
            "전세가율":51.72,
            "장기전세가율평균":71.95,
            "전세가율거품지수":20.23,
            "검색코드":26757,
            "세대수":315.0,
            "준공년월":"2005-05-15",
            "준공년차":18.0,
            "가까운역이름":"NA",
            "가까운역거리":"NA",
            "역세권여부":"NA",
            "30분이내주요거점역":"NA",
            "1시간이내주요거점역":"NA",
            "3km이내백화점수":0,
            "5km이내아울렛몰수":0,
            "1km이내대형먀트수":0,
            "500m이내은행수":0,
            "500m이내병원수":0,
            "5km이내대형병원수":0,
            "500m이내공원수":0,
            "3km이내혐오시설수":0,
            "초등학교학업성취도":85.17,
            "중학교학업성취도":69.1,
            "용적률":135,
            "건폐율":31,
            "Y":36.878264,
            "X":126.907994,
            "rank":127.0,
            "area_info":"23평(78.22)",
            "last_sales":"2021-12-07,8700.0,23평(78.22)"
        },
        {
            "index":317,
            "아파트명":"태헌장미1차",
            "투자타입":"일반",
            "전용면적(m2)":"52.98",
            "전용면적(평)":"16평",
            "법정동주소":"충청남도 아산시 신창면 남성리 70-4",
            "도로명주소":"충청남도 아산시 서부북로 933-30",
            "세대수":50,
            "입주년차":0,
            "용적률점수":"--",
            "건폐율점수":"--",
            "세대당주차수":0,
            "난방방식":30,
            "공급면적":"--",
            "전용률":"--",
            "욕실수":50,
            "현관타입":100,
            "주거총점":35.5,
            "지역구공급총점":0.0,
            "역세권":"NA",
            "30분내 이동가능 거점":"NA",
            "1시간내 이동가능 거점":"NA",
            "교통총점":"NA",
            "백화점":0,
            "아울렛몰":0,
            "대형마트":0,
            "은행":0,
            "병원":0,
            "종합병원":0,
            "공원":0,
            "혐오시설":0,
            "인프라총점":0.0,
            "초등학군":88.38,
            "중학군":34.44,
            "학군총점":45.228,
            "인구수":34.83,
            "인구증감":21.27,
            "인구총점":30.762,
            "일자리":23.9,
            "소득수준":66.53,
            "일자리총점":36.689,
            "가치 총점":23.732,
            "매매실거래년":20211203.0,
            "매매실거래가":3000.0,
            "전세실거래년":20211221.0,
            "전세실거래가":2000.0,
            "전세가율":66.67,
            "장기전세가율평균":71.95,
            "전세가율거품지수":5.28,
            "검색코드":12081,
            "세대수":528.0,
            "준공년월":"1994-12-23",
            "준공년차":29.0,
            "가까운역이름":"NA",
            "가까운역거리":"NA",
            "역세권여부":"NA",
            "30분이내주요거점역":"NA",
            "1시간이내주요거점역":"NA",
            "3km이내백화점수":0,
            "5km이내아울렛몰수":0,
            "1km이내대형먀트수":0,
            "500m이내은행수":0,
            "500m이내병원수":0,
            "5km이내대형병원수":0,
            "500m이내공원수":0,
            "3km이내혐오시설수":0,
            "초등학교학업성취도":88.38,
            "중학교학업성취도":56.8,
            "용적률":136,
            "건폐율":28,
            "Y":36.793235,
            "X":126.961606,
            "rank":128.0,
            "area_info":"16평(52.98), 19평(64.92), 23평(77.0)",
            "last_sales":"2021-12-03,3000.0,16평(52.98)"
        },
        {
            "index":491,
            "아파트명":"한라",
            "투자타입":"일반",
            "전용면적(m2)":"69.0",
            "전용면적(평)":"20평",
            "법정동주소":"충청남도 아산시 탕정면 동산리 421",
            "도로명주소":"충청남도 아산시 탕정면로 379-20",
            "세대수":30,
            "입주년차":0,
            "용적률점수":"--",
            "건폐율점수":"--",
            "세대당주차수":0,
            "난방방식":30,
            "공급면적":"--",
            "전용률":"--",
            "욕실수":50,
            "현관타입":100,
            "주거총점":28.5,
            "지역구공급총점":0.0,
            "역세권":"NA",
            "30분내 이동가능 거점":"NA",
            "1시간내 이동가능 거점":"NA",
            "교통총점":"NA",
            "백화점":0,
            "아울렛몰":0,
            "대형마트":0,
            "은행":0,
            "병원":0,
            "종합병원":0,
            "공원":0,
            "혐오시설":0,
            "인프라총점":0.0,
            "초등학군":85.56,
            "중학군":46.06,
            "학군총점":53.96,
            "인구수":34.83,
            "인구증감":21.27,
            "인구총점":30.762,
            "일자리":23.9,
            "소득수준":66.53,
            "일자리총점":36.689,
            "가치 총점":23.465,
            "매매실거래년":20220112.0,
            "매매실거래가":14000.0,
            "전세실거래년":20211227.0,
            "전세실거래가":9000.0,
            "전세가율":64.29,
            "장기전세가율평균":71.95,
            "전세가율거품지수":7.66,
            "검색코드":26965,
            "세대수":355.0,
            "준공년월":"1997-11-04",
            "준공년차":26.0,
            "가까운역이름":"NA",
            "가까운역거리":"NA",
            "역세권여부":"NA",
            "30분이내주요거점역":"NA",
            "1시간이내주요거점역":"NA",
            "3km이내백화점수":0,
            "5km이내아울렛몰수":0,
            "1km이내대형먀트수":0,
            "500m이내은행수":0,
            "500m이내병원수":0,
            "5km이내대형병원수":0,
            "500m이내공원수":0,
            "3km이내혐오시설수":0,
            "초등학교학업성취도":85.56,
            "중학교학업성취도":76.1,
            "용적률":208,
            "건폐율":0,
            "Y":36.822017,
            "X":127.084426,
            "rank":129.0,
            "area_info":"20평(69.0)",
            "last_sales":"2022-01-12,14000.0,20평(69.0)"
        },
        {
            "index":299,
            "아파트명":"아산대주",
            "투자타입":"일반",
            "전용면적(m2)":"70.71",
            "전용면적(평)":"21평",
            "법정동주소":"충청남도 아산시 신창면 행목리 248-3",
            "도로명주소":"충청남도 아산시 행목로 152",
            "세대수":50,
            "입주년차":0,
            "용적률점수":"--",
            "건폐율점수":"--",
            "세대당주차수":0,
            "난방방식":30,
            "공급면적":"--",
            "전용률":"--",
            "욕실수":50,
            "현관타입":100,
            "주거총점":35.5,
            "지역구공급총점":0.0,
            "역세권":"NA",
            "30분내 이동가능 거점":"NA",
            "1시간내 이동가능 거점":"NA",
            "교통총점":"NA",
            "백화점":0,
            "아울렛몰":0,
            "대형마트":0,
            "은행":0,
            "병원":0,
            "종합병원":0,
            "공원":0,
            "혐오시설":0,
            "인프라총점":0.0,
            "초등학군":88.38,
            "중학군":32.52,
            "학군총점":43.692,
            "인구수":34.83,
            "인구증감":21.27,
            "인구총점":30.762,
            "일자리":23.9,
            "소득수준":66.53,
            "일자리총점":36.689,
            "가치 총점":23.348,
            "매매실거래년":20211230.0,
            "매매실거래가":11000.0,
            "전세실거래년":20211009.0,
            "전세실거래가":7700.0,
            "전세가율":96.25,
            "장기전세가율평균":71.95,
            "전세가율거품지수":-24.3,
            "검색코드":7113,
            "세대수":480.0,
            "준공년월":"1994-11-22",
            "준공년차":29.0,
            "가까운역이름":"NA",
            "가까운역거리":"NA",
            "역세권여부":"NA",
            "30분이내주요거점역":"NA",
            "1시간이내주요거점역":"NA",
            "3km이내백화점수":0,
            "5km이내아울렛몰수":0,
            "1km이내대형먀트수":0,
            "500m이내은행수":0,
            "500m이내병원수":0,
            "5km이내대형병원수":0,
            "500m이내공원수":0,
            "3km이내혐오시설수":0,
            "초등학교학업성취도":88.38,
            "중학교학업성취도":54.2,
            "용적률":192,
            "건폐율":16,
            "Y":36.777648,
            "X":126.953784,
            "rank":130.0,
            "area_info":"21평(70.71), 29평(97.19), 38평(128.07)",
            "last_sales":"2021-12-30,11000.0,29평(97.19)"
        },
        {
            "index":364,
            "아파트명":"온양시영",
            "투자타입":"재건축",
            "전용면적(m2)":"46.39",
            "전용면적(평)":"14평",
            "법정동주소":"충청남도 아산시 온천동 613-1",
            "도로명주소":"충청남도 아산시 어의정로31번길 14",
            "세대수":0,
            "입주년차":"--",
            "용적률점수":0,
            "건폐율점수":0,
            "세대당주차수":"--",
            "난방방식":"--",
            "공급면적":50,
            "전용률":80,
            "욕실수":"--",
            "현관타입":"--",
            "주거총점":6.5,
            "지역구공급총점":0.0,
            "역세권":"NA",
            "30분내 이동가능 거점":"NA",
            "1시간내 이동가능 거점":"NA",
            "교통총점":"NA",
            "백화점":0,
            "아울렛몰":0,
            "대형마트":0,
            "은행":0,
            "병원":30,
            "종합병원":80,
            "공원":100,
            "혐오시설":0,
            "인프라총점":22.0,
            "초등학군":87.84,
            "중학군":34.92,
            "학군총점":45.504,
            "인구수":34.83,
            "인구증감":21.27,
            "인구총점":30.762,
            "일자리":23.9,
            "소득수준":66.53,
            "일자리총점":36.689,
            "가치 총점":22.451,
            "매매실거래년":20211029.0,
            "매매실거래가":7000.0,
            "전세실거래년":20190306.0,
            "전세실거래가":5000.0,
            "전세가율":71.43,
            "장기전세가율평균":71.95,
            "전세가율거품지수":0.52,
            "검색코드":100965,
            "세대수":100.0,
            "준공년월":"1991-11-04",
            "준공년차":32.0,
            "가까운역이름":"NA",
            "가까운역거리":"NA",
            "역세권여부":"NA",
            "30분이내주요거점역":"NA",
            "1시간이내주요거점역":"NA",
            "3km이내백화점수":0,
            "5km이내아울렛몰수":0,
            "1km이내대형먀트수":0,
            "500m이내은행수":0,
            "500m이내병원수":5,
            "5km이내대형병원수":1,
            "500m이내공원수":4,
            "3km이내혐오시설수":0,
            "초등학교학업성취도":87.84,
            "중학교학업성취도":57.8,
            "용적률":0,
            "건폐율":0,
            "Y":36.776814,
            "X":127.000341,
            "rank":131.0,
            "area_info":"14평(46.39), 16평(54.06)",
            "last_sales":"2021-10-29,7000.0,14평(46.39)"
        },
        {
            "index":292,
            "아파트명":"다소미",
            "투자타입":"일반",
            "전용면적(m2)":"79.42",
            "전용면적(평)":"24평",
            "법정동주소":"충청남도 아산시 신창면 남성리 69",
            "도로명주소":"충청남도 아산시 남성길 198",
            "세대수":0,
            "입주년차":40,
            "용적률점수":"--",
            "건폐율점수":"--",
            "세대당주차수":0,
            "난방방식":30,
            "공급면적":"--",
            "전용률":"--",
            "욕실수":100,
            "현관타입":100,
            "주거총점":31.0,
            "지역구공급총점":0.0,
            "역세권":"NA",
            "30분내 이동가능 거점":"NA",
            "1시간내 이동가능 거점":"NA",
            "교통총점":"NA",
            "백화점":0,
            "아울렛몰":0,
            "대형마트":0,
            "은행":0,
            "병원":0,
            "종합병원":0,
            "공원":0,
            "혐오시설":0,
            "인프라총점":0.0,
            "초등학군":89.42,
            "중학군":34.44,
            "학군총점":45.436,
            "인구수":34.83,
            "인구증감":21.27,
            "인구총점":30.762,
            "일자리":23.9,
            "소득수준":66.53,
            "일자리총점":36.689,
            "가치 총점":22.209,
            "매매실거래년":20211217.0,
            "매매실거래가":8300.0,
            "전세실거래년":20211005.0,
            "전세실거래가":6500.0,
            "전세가율":78.31,
            "장기전세가율평균":71.95,
            "전세가율거품지수":-6.36,
            "검색코드":24110,
            "세대수":198.0,
            "준공년월":"2005-08-30",
            "준공년차":18.0,
            "가까운역이름":"NA",
            "가까운역거리":"NA",
            "역세권여부":"NA",
            "30분이내주요거점역":"NA",
            "1시간이내주요거점역":"NA",
            "3km이내백화점수":0,
            "5km이내아울렛몰수":0,
            "1km이내대형먀트수":0,
            "500m이내은행수":0,
            "500m이내병원수":0,
            "5km이내대형병원수":0,
            "500m이내공원수":0,
            "3km이내혐오시설수":0,
            "초등학교학업성취도":89.42,
            "중학교학업성취도":56.8,
            "용적률":149,
            "건폐율":15,
            "Y":36.794185,
            "X":126.962019,
            "rank":132.0,
            "area_info":"24평(79.42)",
            "last_sales":"2021-12-17,8300.0,24평(79.42)"
        },
        {
            "index":296,
            "아파트명":"신일",
            "투자타입":"일반",
            "전용면적(m2)":"71.33",
            "전용면적(평)":"21평",
            "법정동주소":"충청남도 아산시 신창면 남성리 205-1",
            "도로명주소":"충청남도 아산시 서부북로 844",
            "세대수":50,
            "입주년차":0,
            "용적률점수":"--",
            "건폐율점수":"--",
            "세대당주차수":0,
            "난방방식":30,
            "공급면적":"--",
            "전용률":"--",
            "욕실수":50,
            "현관타입":10,
            "주거총점":26.5,
            "지역구공급총점":0.0,
            "역세권":"NA",
            "30분내 이동가능 거점":"NA",
            "1시간내 이동가능 거점":"NA",
            "교통총점":"NA",
            "백화점":0,
            "아울렛몰":0,
            "대형마트":0,
            "은행":0,
            "병원":10,
            "종합병원":0,
            "공원":80,
            "혐오시설":0,
            "인프라총점":3.4,
            "초등학군":88.38,
            "중학군":32.52,
            "학군총점":43.692,
            "인구수":34.83,
            "인구증감":21.27,
            "인구총점":30.762,
            "일자리":23.9,
            "소득수준":66.53,
            "일자리총점":36.689,
            "가치 총점":21.558,
            "매매실거래년":20211220.0,
            "매매실거래가":9000.0,
            "전세실거래년":20211206.0,
            "전세실거래가":6500.0,
            "전세가율":72.22,
            "장기전세가율평균":71.95,
            "전세가율거품지수":-0.27,
            "검색코드":17189,
            "세대수":404.0,
            "준공년월":"1997-12-01",
            "준공년차":26.0,
            "가까운역이름":"NA",
            "가까운역거리":"NA",
            "역세권여부":"NA",
            "30분이내주요거점역":"NA",
            "1시간이내주요거점역":"NA",
            "3km이내백화점수":0,
            "5km이내아울렛몰수":0,
            "1km이내대형먀트수":0,
            "500m이내은행수":0,
            "500m이내병원수":3,
            "5km이내대형병원수":0,
            "500m이내공원수":1,
            "3km이내혐오시설수":0,
            "초등학교학업성취도":88.38,
            "중학교학업성취도":54.2,
            "용적률":352,
            "건폐율":25,
            "Y":36.792836,
            "X":126.953129,
            "rank":133.0,
            "area_info":"21평(71.33)",
            "last_sales":"2021-12-20,9000.0,21평(71.33)"
        },
        {
            "index":314,
            "아파트명":"아산한미금강",
            "투자타입":"일반",
            "전용면적(m2)":"69.37",
            "전용면적(평)":"20평",
            "법정동주소":"충청남도 아산시 신창면 남성리 476-6",
            "도로명주소":"충청남도 아산시 서부북로 813",
            "세대수":30,
            "입주년차":0,
            "용적률점수":"--",
            "건폐율점수":"--",
            "세대당주차수":0,
            "난방방식":30,
            "공급면적":"--",
            "전용률":"--",
            "욕실수":50,
            "현관타입":100,
            "주거총점":28.5,
            "지역구공급총점":0.0,
            "역세권":"NA",
            "30분내 이동가능 거점":"NA",
            "1시간내 이동가능 거점":"NA",
            "교통총점":"NA",
            "백화점":0,
            "아울렛몰":0,
            "대형마트":0,
            "은행":0,
            "병원":0,
            "종합병원":0,
            "공원":0,
            "혐오시설":0,
            "인프라총점":0.0,
            "초등학군":88.38,
            "중학군":32.52,
            "학군총점":43.692,
            "인구수":34.83,
            "인구증감":21.27,
            "인구총점":30.762,
            "일자리":23.9,
            "소득수준":66.53,
            "일자리총점":36.689,
            "가치 총점":20.898,
            "매매실거래년":20211217.0,
            "매매실거래가":5000.0,
            "전세실거래년":20210901.0,
            "전세실거래가":2500.0,
            "전세가율":50.0,
            "장기전세가율평균":71.95,
            "전세가율거품지수":21.95,
            "검색코드":15251,
            "세대수":300.0,
            "준공년월":"1995-10-04",
            "준공년차":28.0,
            "가까운역이름":"NA",
            "가까운역거리":"NA",
            "역세권여부":"NA",
            "30분이내주요거점역":"NA",
            "1시간이내주요거점역":"NA",
            "3km이내백화점수":0,
            "5km이내아울렛몰수":0,
            "1km이내대형먀트수":0,
            "500m이내은행수":0,
            "500m이내병원수":0,
            "5km이내대형병원수":0,
            "500m이내공원수":0,
            "3km이내혐오시설수":0,
            "초등학교학업성취도":88.38,
            "중학교학업성취도":54.2,
            "용적률":0,
            "건폐율":0,
            "Y":36.794372,
            "X":126.951551,
            "rank":134.0,
            "area_info":"20평(69.37), 25평(82.66)",
            "last_sales":"2021-12-17,5000.0,20평(69.37)"
        },
        {
            "index":35,
            "아파트명":"백남청솔",
            "투자타입":"일반",
            "전용면적(m2)":"64.17",
            "전용면적(평)":"19평",
            "법정동주소":"충청남도 아산시 둔포면 둔포리 354-7",
            "도로명주소":"충청남도 아산시 둔포중앙로171번길 97",
            "세대수":0,
            "입주년차":0,
            "용적률점수":"--",
            "건폐율점수":"--",
            "세대당주차수":0,
            "난방방식":30,
            "공급면적":"--",
            "전용률":"--",
            "욕실수":50,
            "현관타입":100,
            "주거총점":18.0,
            "지역구공급총점":0.0,
            "역세권":"NA",
            "30분내 이동가능 거점":"NA",
            "1시간내 이동가능 거점":"NA",
            "교통총점":"NA",
            "백화점":0,
            "아울렛몰":0,
            "대형마트":0,
            "은행":0,
            "병원":0,
            "종합병원":0,
            "공원":80,
            "혐오시설":0,
            "인프라총점":2.4,
            "초등학군":86.65,
            "중학군":40.68,
            "학군총점":49.874,
            "인구수":34.83,
            "인구증감":21.27,
            "인구총점":30.762,
            "일자리":23.9,
            "소득수준":66.53,
            "일자리총점":36.689,
            "가치 총점":19.7285,
            "매매실거래년":20211211.0,
            "매매실거래가":6500.0,
            "전세실거래년":20210720.0,
            "전세실거래가":2500.0,
            "전세가율":54.35,
            "장기전세가율평균":71.95,
            "전세가율거품지수":17.6,
            "검색코드":13217,
            "세대수":297.0,
            "준공년월":"1996-12-01",
            "준공년차":27.0,
            "가까운역이름":"NA",
            "가까운역거리":"NA",
            "역세권여부":"NA",
            "30분이내주요거점역":"NA",
            "1시간이내주요거점역":"NA",
            "3km이내백화점수":0,
            "5km이내아울렛몰수":0,
            "1km이내대형먀트수":0,
            "500m이내은행수":0,
            "500m이내병원수":0,
            "5km이내대형병원수":0,
            "500m이내공원수":1,
            "3km이내혐오시설수":0,
            "초등학교학업성취도":86.65,
            "중학교학업성취도":67.8,
            "용적률":245,
            "건폐율":23,
            "Y":36.91854,
            "X":127.042275,
            "rank":135.0,
            "area_info":"19평(64.17), 22평(74.77)",
            "last_sales":"2021-12-11,6500.0,22평(74.77)"
        },
        {
            "index":37,
            "아파트명":"신영모닝빌",
            "투자타입":"일반",
            "전용면적(m2)":"64.19",
            "전용면적(평)":"19평",
            "법정동주소":"충청남도 아산시 둔포면 송용리 338",
            "도로명주소":"충청남도 아산시 윤보선로450번길 3",
            "세대수":0,
            "입주년차":20,
            "용적률점수":"--",
            "건폐율점수":"--",
            "세대당주차수":30,
            "난방방식":30,
            "공급면적":"--",
            "전용률":"--",
            "욕실수":50,
            "현관타입":10,
            "주거총점":17.5,
            "지역구공급총점":0.0,
            "역세권":"NA",
            "30분내 이동가능 거점":"NA",
            "1시간내 이동가능 거점":"NA",
            "교통총점":"NA",
            "백화점":0,
            "아울렛몰":0,
            "대형마트":0,
            "은행":0,
            "병원":0,
            "종합병원":0,
            "공원":0,
            "혐오시설":0,
            "인프라총점":0.0,
            "초등학군":99.38,
            "중학군":40.68,
            "학군총점":52.42,
            "인구수":34.83,
            "인구증감":21.27,
            "인구총점":30.762,
            "일자리":23.9,
            "소득수준":66.53,
            "일자리총점":36.689,
            "가치 총점":19.23,
            "매매실거래년":20211220.0,
            "매매실거래가":5900.0,
            "전세실거래년":20210825.0,
            "전세실거래가":1500.0,
            "전세가율":25.86,
            "장기전세가율평균":71.95,
            "전세가율거품지수":46.09,
            "검색코드":15248,
            "세대수":299.0,
            "준공년월":"2000-07-14",
            "준공년차":23.0,
            "가까운역이름":"NA",
            "가까운역거리":"NA",
            "역세권여부":"NA",
            "30분이내주요거점역":"NA",
            "1시간이내주요거점역":"NA",
            "3km이내백화점수":0,
            "5km이내아울렛몰수":0,
            "1km이내대형먀트수":0,
            "500m이내은행수":0,
            "500m이내병원수":0,
            "5km이내대형병원수":0,
            "500m이내공원수":0,
            "3km이내혐오시설수":0,
            "초등학교학업성취도":99.38,
            "중학교학업성취도":67.8,
            "용적률":99,
            "건폐율":23,
            "Y":36.910273,
            "X":127.021899,
            "rank":136.0,
            "area_info":"19평(64.19), 23평(76.96)",
            "last_sales":"2021-12-20,5900.0,23평(76.96)"
        },
        {
            "index":316,
            "아파트명":"창덕에버빌",
            "투자타입":"일반",
            "전용면적(m2)":"48.23",
            "전용면적(평)":"14평",
            "법정동주소":"충청남도 아산시 신창면 신곡리 93-4",
            "도로명주소":"충청남도 아산시 서부북로 270",
            "세대수":0,
            "입주년차":20,
            "용적률점수":"--",
            "건폐율점수":"--",
            "세대당주차수":0,
            "난방방식":30,
            "공급면적":"--",
            "전용률":"--",
            "욕실수":50,
            "현관타입":50,
            "주거총점":17.0,
            "지역구공급총점":0.0,
            "역세권":"NA",
            "30분내 이동가능 거점":"NA",
            "1시간내 이동가능 거점":"NA",
            "교통총점":"NA",
            "백화점":0,
            "아울렛몰":0,
            "대형마트":0,
            "은행":0,
            "병원":0,
            "종합병원":0,
            "공원":0,
            "혐오시설":0,
            "인프라총점":0.0,
            "초등학군":82.91,
            "중학군":32.52,
            "학군총점":42.598,
            "인구수":34.83,
            "인구증감":21.27,
            "인구총점":30.762,
            "일자리":23.9,
            "소득수준":66.53,
            "일자리총점":36.689,
            "가치 총점":16.5995,
            "매매실거래년":20220107.0,
            "매매실거래가":2700.0,
            "전세실거래년":20170608.0,
            "전세실거래가":1000.0,
            "전세가율":37.04,
            "장기전세가율평균":71.95,
            "전세가율거품지수":34.91,
            "검색코드":105469,
            "세대수":240.0,
            "준공년월":"2000-10-20",
            "준공년차":23.0,
            "가까운역이름":"NA",
            "가까운역거리":"NA",
            "역세권여부":"NA",
            "30분이내주요거점역":"NA",
            "1시간이내주요거점역":"NA",
            "3km이내백화점수":0,
            "5km이내아울렛몰수":0,
            "1km이내대형먀트수":0,
            "500m이내은행수":0,
            "500m이내병원수":0,
            "5km이내대형병원수":0,
            "500m이내공원수":0,
            "3km이내혐오시설수":0,
            "초등학교학업성취도":82.91,
            "중학교학업성취도":54.2,
            "용적률":95,
            "건폐율":22,
            "Y":36.811959,
            "X":126.899253,
            "rank":137.0,
            "area_info":"14평(48.23)",
            "last_sales":"2022-01-07,2700.0,14평(48.23)"
        }
    ]
}