{
    "schema":{
        "fields":[
            {
                "name":"index",
                "type":"integer"
            },
            {
                "name":"아파트명",
                "type":"string"
            },
            {
                "name":"투자타입",
                "type":"string"
            },
            {
                "name":"전용면적(m2)",
                "type":"string"
            },
            {
                "name":"전용면적(평)",
                "type":"string"
            },
            {
                "name":"법정동주소",
                "type":"string"
            },
            {
                "name":"도로명주소",
                "type":"string"
            },
            {
                "name":"세대수",
                "type":"integer"
            },
            {
                "name":"입주년차",
                "type":"string"
            },
            {
                "name":"용적률점수",
                "type":"string"
            },
            {
                "name":"건폐율점수",
                "type":"string"
            },
            {
                "name":"세대당주차수",
                "type":"string"
            },
            {
                "name":"난방방식",
                "type":"string"
            },
            {
                "name":"공급면적",
                "type":"string"
            },
            {
                "name":"전용률",
                "type":"string"
            },
            {
                "name":"욕실수",
                "type":"string"
            },
            {
                "name":"현관타입",
                "type":"string"
            },
            {
                "name":"주거총점",
                "type":"number"
            },
            {
                "name":"지역구공급총점",
                "type":"number"
            },
            {
                "name":"역세권",
                "type":"string"
            },
            {
                "name":"30분내 이동가능 거점",
                "type":"string"
            },
            {
                "name":"1시간내 이동가능 거점",
                "type":"string"
            },
            {
                "name":"교통총점",
                "type":"string"
            },
            {
                "name":"백화점",
                "type":"integer"
            },
            {
                "name":"아울렛몰",
                "type":"integer"
            },
            {
                "name":"대형마트",
                "type":"integer"
            },
            {
                "name":"은행",
                "type":"integer"
            },
            {
                "name":"병원",
                "type":"integer"
            },
            {
                "name":"종합병원",
                "type":"integer"
            },
            {
                "name":"공원",
                "type":"integer"
            },
            {
                "name":"혐오시설",
                "type":"integer"
            },
            {
                "name":"인프라총점",
                "type":"number"
            },
            {
                "name":"초등학군",
                "type":"number"
            },
            {
                "name":"중학군",
                "type":"number"
            },
            {
                "name":"학군총점",
                "type":"number"
            },
            {
                "name":"인구수",
                "type":"number"
            },
            {
                "name":"인구증감",
                "type":"number"
            },
            {
                "name":"인구총점",
                "type":"number"
            },
            {
                "name":"일자리",
                "type":"integer"
            },
            {
                "name":"소득수준",
                "type":"number"
            },
            {
                "name":"일자리총점",
                "type":"number"
            },
            {
                "name":"가치 총점",
                "type":"number"
            },
            {
                "name":"매매실거래년",
                "type":"string"
            },
            {
                "name":"매매실거래가",
                "type":"number"
            },
            {
                "name":"전세실거래년",
                "type":"number"
            },
            {
                "name":"전세실거래가",
                "type":"number"
            },
            {
                "name":"전세가율",
                "type":"number"
            },
            {
                "name":"장기전세가율평균",
                "type":"string"
            },
            {
                "name":"전세가율거품지수",
                "type":"string"
            },
            {
                "name":"검색코드",
                "type":"integer"
            },
            {
                "name":"세대수",
                "type":"integer"
            },
            {
                "name":"준공년월",
                "type":"string"
            },
            {
                "name":"준공년차",
                "type":"integer"
            },
            {
                "name":"가까운역이름",
                "type":"string"
            },
            {
                "name":"가까운역거리",
                "type":"string"
            },
            {
                "name":"역세권여부",
                "type":"string"
            },
            {
                "name":"30분이내주요거점역",
                "type":"string"
            },
            {
                "name":"1시간이내주요거점역",
                "type":"string"
            },
            {
                "name":"3km이내백화점수",
                "type":"integer"
            },
            {
                "name":"5km이내아울렛몰수",
                "type":"integer"
            },
            {
                "name":"1km이내대형먀트수",
                "type":"integer"
            },
            {
                "name":"500m이내은행수",
                "type":"integer"
            },
            {
                "name":"500m이내병원수",
                "type":"integer"
            },
            {
                "name":"5km이내대형병원수",
                "type":"integer"
            },
            {
                "name":"500m이내공원수",
                "type":"integer"
            },
            {
                "name":"3km이내혐오시설수",
                "type":"integer"
            },
            {
                "name":"초등학교학업성취도",
                "type":"number"
            },
            {
                "name":"중학교학업성취도",
                "type":"number"
            },
            {
                "name":"용적률",
                "type":"integer"
            },
            {
                "name":"건폐율",
                "type":"integer"
            },
            {
                "name":"Y",
                "type":"number"
            },
            {
                "name":"X",
                "type":"number"
            },
            {
                "name":"rank",
                "type":"number"
            },
            {
                "name":"area_info",
                "type":"string"
            },
            {
                "name":"last_sales",
                "type":"string"
            }
        ],
        "primaryKey":[
            "index"
        ],
        "pandas_version":"1.4.0"
    },
    "data":[
        {
            "index":47,
            "아파트명":"효성해링턴플레이스",
            "투자타입":"일반",
            "전용면적(m2)":"77.68",
            "전용면적(평)":"23평",
            "법정동주소":"충청남도 홍성군 홍북읍 신경리 1169",
            "도로명주소":"충청남도 홍성군 신대로 54",
            "세대수":90,
            "입주년차":80,
            "용적률점수":"--",
            "건폐율점수":"--",
            "세대당주차수":60,
            "난방방식":100,
            "공급면적":"--",
            "전용률":"--",
            "욕실수":100,
            "현관타입":100,
            "주거총점":86.5,
            "지역구공급총점":0.0,
            "역세권":"NA",
            "30분내 이동가능 거점":"NA",
            "1시간내 이동가능 거점":"NA",
            "교통총점":"NA",
            "백화점":0,
            "아울렛몰":0,
            "대형마트":0,
            "은행":0,
            "병원":60,
            "종합병원":0,
            "공원":100,
            "혐오시설":0,
            "인프라총점":9.0,
            "초등학군":91.56,
            "중학군":47.44,
            "학군총점":56.264,
            "인구수":10.19,
            "인구증감":1.16,
            "인구총점":7.481,
            "일자리":5,
            "소득수준":67.09,
            "일자리총점":23.627,
            "가치 총점":47.941,
            "매매실거래년":20210724.0,
            "매매실거래가":35500.0,
            "전세실거래년":20210413.0,
            "전세실거래가":16000.0,
            "전세가율":70.18,
            "장기전세가율평균":"NA",
            "전세가율거품지수":"NA",
            "검색코드":106918,
            "세대수":915,
            "준공년월":"2014-09-22",
            "준공년차":9,
            "가까운역이름":"NA",
            "가까운역거리":"NA",
            "역세권여부":"NA",
            "30분이내주요거점역":"NA",
            "1시간이내주요거점역":"NA",
            "3km이내백화점수":0,
            "5km이내아울렛몰수":0,
            "1km이내대형먀트수":0,
            "500m이내은행수":0,
            "500m이내병원수":12,
            "5km이내대형병원수":0,
            "500m이내공원수":2,
            "3km이내혐오시설수":0,
            "초등학교학업성취도":91.56,
            "중학교학업성취도":78.6,
            "용적률":224,
            "건폐율":16,
            "Y":36.650936,
            "X":126.674954,
            "rank":1.0,
            "area_info":"23평(77.68), 26평(88.92), 26평(88.06), 26평(88.82), 26평(88.83), 30평(102.14), 34평(114.63), 34평(114.55), 34평(114.23), 34평(114.49), 34평(114.97)",
            "last_sales":"2021-07-24,35500.0,34평(114.49)"
        },
        {
            "index":29,
            "아파트명":"내포신도시경남아너스빌",
            "투자타입":"일반",
            "전용면적(m2)":"79.32",
            "전용면적(평)":"23평",
            "법정동주소":"충청남도 홍성군 홍북읍 신경리 1369",
            "도로명주소":"충청남도 홍성군 청사로 15",
            "세대수":90,
            "입주년차":80,
            "용적률점수":"--",
            "건폐율점수":"--",
            "세대당주차수":60,
            "난방방식":100,
            "공급면적":"--",
            "전용률":"--",
            "욕실수":100,
            "현관타입":100,
            "주거총점":86.5,
            "지역구공급총점":0.0,
            "역세권":"NA",
            "30분내 이동가능 거점":"NA",
            "1시간내 이동가능 거점":"NA",
            "교통총점":"NA",
            "백화점":0,
            "아울렛몰":0,
            "대형마트":0,
            "은행":0,
            "병원":60,
            "종합병원":0,
            "공원":100,
            "혐오시설":0,
            "인프라총점":9.0,
            "초등학군":91.56,
            "중학군":47.44,
            "학군총점":56.264,
            "인구수":10.19,
            "인구증감":1.16,
            "인구총점":7.481,
            "일자리":5,
            "소득수준":67.09,
            "일자리총점":23.627,
            "가치 총점":47.941,
            "매매실거래년":20211231.0,
            "매매실거래가":39800.0,
            "전세실거래년":20211006.0,
            "전세실거래가":23000.0,
            "전세가율":81.27,
            "장기전세가율평균":"NA",
            "전세가율거품지수":"NA",
            "검색코드":107659,
            "세대수":990,
            "준공년월":"2016-01-29",
            "준공년차":7,
            "가까운역이름":"NA",
            "가까운역거리":"NA",
            "역세권여부":"NA",
            "30분이내주요거점역":"NA",
            "1시간이내주요거점역":"NA",
            "3km이내백화점수":0,
            "5km이내아울렛몰수":0,
            "1km이내대형먀트수":0,
            "500m이내은행수":0,
            "500m이내병원수":12,
            "5km이내대형병원수":0,
            "500m이내공원수":5,
            "3km이내혐오시설수":0,
            "초등학교학업성취도":91.56,
            "중학교학업성취도":78.6,
            "용적률":223,
            "건폐율":16,
            "Y":36.647367,
            "X":126.671648,
            "rank":1.0,
            "area_info":"23평(79.32), 23평(79.02), 29평(98.11), 33평(110.73), 33평(110.99), 33평(110.87), 33평(111.22)",
            "last_sales":"2021-12-31,39800.0,33평(110.73)"
        },
        {
            "index":72,
            "아파트명":"신동아파밀리에",
            "투자타입":"일반",
            "전용면적(m2)":"114.63",
            "전용면적(평)":"34평",
            "법정동주소":"충청남도 홍성군 홍성읍 고암리 1077",
            "도로명주소":"충청남도 홍성군 충절로953번길 20",
            "세대수":80,
            "입주년차":60,
            "용적률점수":"--",
            "건폐율점수":"--",
            "세대당주차수":30,
            "난방방식":30,
            "공급면적":"--",
            "전용률":"--",
            "욕실수":100,
            "현관타입":100,
            "주거총점":67.5,
            "지역구공급총점":0.0,
            "역세권":"NA",
            "30분내 이동가능 거점":"NA",
            "1시간내 이동가능 거점":"NA",
            "교통총점":"NA",
            "백화점":0,
            "아울렛몰":0,
            "대형마트":80,
            "은행":0,
            "병원":0,
            "종합병원":80,
            "공원":100,
            "혐오시설":0,
            "인프라총점":31.0,
            "초등학군":89.55,
            "중학군":37.06,
            "학군총점":47.558,
            "인구수":10.19,
            "인구증감":1.16,
            "인구총점":7.481,
            "일자리":5,
            "소득수준":67.09,
            "일자리총점":23.627,
            "가치 총점":47.9145,
            "매매실거래년":20211206.0,
            "매매실거래가":26800.0,
            "전세실거래년":20211102.0,
            "전세실거래가":21000.0,
            "전세가율":78.36,
            "장기전세가율평균":"NA",
            "전세가율거품지수":"NA",
            "검색코드":27453,
            "세대수":716,
            "준공년월":"2009-05-29",
            "준공년차":14,
            "가까운역이름":"NA",
            "가까운역거리":"NA",
            "역세권여부":"NA",
            "30분이내주요거점역":"NA",
            "1시간이내주요거점역":"NA",
            "3km이내백화점수":0,
            "5km이내아울렛몰수":0,
            "1km이내대형먀트수":1,
            "500m이내은행수":0,
            "500m이내병원수":1,
            "5km이내대형병원수":1,
            "500m이내공원수":2,
            "3km이내혐오시설수":0,
            "초등학교학업성취도":89.55,
            "중학교학업성취도":61.1,
            "용적률":235,
            "건폐율":20,
            "Y":36.593379,
            "X":126.673212,
            "rank":2.0,
            "area_info":"34평(114.63), 41평(137.4), 45평(150.69), 51평(169.34)",
            "last_sales":"2021-12-06,26800.0,34평(114.63)"
        },
        {
            "index":119,
            "아파트명":"홍성옥암하늘채",
            "투자타입":"일반",
            "전용면적(m2)":"94.99",
            "전용면적(평)":"28평",
            "법정동주소":"충청남도 홍성군 홍성읍 옥암리 1105",
            "도로명주소":"충청남도 홍성군 문화로33번길 11",
            "세대수":50,
            "입주년차":40,
            "용적률점수":"--",
            "건폐율점수":"--",
            "세대당주차수":30,
            "난방방식":100,
            "공급면적":"--",
            "전용률":"--",
            "욕실수":100,
            "현관타입":100,
            "주거총점":60.0,
            "지역구공급총점":0.0,
            "역세권":"NA",
            "30분내 이동가능 거점":"NA",
            "1시간내 이동가능 거점":"NA",
            "교통총점":"NA",
            "백화점":0,
            "아울렛몰":0,
            "대형마트":80,
            "은행":0,
            "병원":0,
            "종합병원":80,
            "공원":100,
            "혐오시설":0,
            "인프라총점":31.0,
            "초등학군":91.19,
            "중학군":46.74,
            "학군총점":55.63,
            "인구수":10.19,
            "인구증감":1.16,
            "인구총점":7.481,
            "일자리":5,
            "소득수준":67.09,
            "일자리총점":23.627,
            "가치 총점":47.3075,
            "매매실거래년":20211123.0,
            "매매실거래가":19000.0,
            "전세실거래년":20211109.0,
            "전세실거래가":14000.0,
            "전세가율":73.68,
            "장기전세가율평균":"NA",
            "전세가율거품지수":"NA",
            "검색코드":23061,
            "세대수":569,
            "준공년월":"2006-10-18",
            "준공년차":17,
            "가까운역이름":"NA",
            "가까운역거리":"NA",
            "역세권여부":"NA",
            "30분이내주요거점역":"NA",
            "1시간이내주요거점역":"NA",
            "3km이내백화점수":0,
            "5km이내아울렛몰수":0,
            "1km이내대형먀트수":1,
            "500m이내은행수":0,
            "500m이내병원수":0,
            "5km이내대형병원수":1,
            "500m이내공원수":3,
            "3km이내혐오시설수":0,
            "초등학교학업성취도":91.19,
            "중학교학업성취도":77.9,
            "용적률":232,
            "건폐율":23,
            "Y":36.592172,
            "X":126.65637,
            "rank":3.0,
            "area_info":"28평(94.99), 33평(110.03), 45평(150.84)",
            "last_sales":"2021-11-23,19000.0,28평(94.99)"
        },
        {
            "index":69,
            "아파트명":"세광엔리치타워",
            "투자타입":"일반",
            "전용면적(m2)":"114.97",
            "전용면적(평)":"34평",
            "법정동주소":"충청남도 홍성군 홍성읍 오관리 808",
            "도로명주소":"충청남도 홍성군 충서로 1506",
            "세대수":50,
            "입주년차":40,
            "용적률점수":"--",
            "건폐율점수":"--",
            "세대당주차수":60,
            "난방방식":30,
            "공급면적":"--",
            "전용률":"--",
            "욕실수":100,
            "현관타입":100,
            "주거총점":57.5,
            "지역구공급총점":0.0,
            "역세권":"NA",
            "30분내 이동가능 거점":"NA",
            "1시간내 이동가능 거점":"NA",
            "교통총점":"NA",
            "백화점":0,
            "아울렛몰":0,
            "대형마트":80,
            "은행":20,
            "병원":0,
            "종합병원":80,
            "공원":100,
            "혐오시설":0,
            "인프라총점":33.0,
            "초등학군":91.61,
            "중학군":45.8,
            "학군총점":54.962,
            "인구수":10.19,
            "인구증감":1.16,
            "인구총점":7.481,
            "일자리":5,
            "소득수준":67.09,
            "일자리총점":23.627,
            "가치 총점":47.0655,
            "매매실거래년":20211209.0,
            "매매실거래가":19000.0,
            "전세실거래년":20210616.0,
            "전세실거래가":12000.0,
            "전세가율":63.16,
            "장기전세가율평균":"NA",
            "전세가율거품지수":"NA",
            "검색코드":23068,
            "세대수":430,
            "준공년월":"2006-11-15",
            "준공년차":17,
            "가까운역이름":"NA",
            "가까운역거리":"NA",
            "역세권여부":"NA",
            "30분이내주요거점역":"NA",
            "1시간이내주요거점역":"NA",
            "3km이내백화점수":0,
            "5km이내아울렛몰수":0,
            "1km이내대형먀트수":1,
            "500m이내은행수":2,
            "500m이내병원수":0,
            "5km이내대형병원수":1,
            "500m이내공원수":2,
            "3km이내혐오시설수":0,
            "초등학교학업성취도":91.61,
            "중학교학업성취도":76.2,
            "용적률":230,
            "건폐율":26,
            "Y":36.604489,
            "X":126.657844,
            "rank":4.0,
            "area_info":"34평(114.97), 46평(155.37), 49평(164.16)",
            "last_sales":"2021-12-09,19000.0,34평(114.97)"
        },
        {
            "index":9,
            "아파트명":"LH스타힐스",
            "투자타입":"일반",
            "전용면적(m2)":"80.21",
            "전용면적(평)":"24평",
            "법정동주소":"충청남도 홍성군 홍북읍 신경리 1204",
            "도로명주소":"충청남도 홍성군 홍예로 213",
            "세대수":100,
            "입주년차":80,
            "용적률점수":"--",
            "건폐율점수":"--",
            "세대당주차수":30,
            "난방방식":100,
            "공급면적":"--",
            "전용률":"--",
            "욕실수":100,
            "현관타입":100,
            "주거총점":85.5,
            "지역구공급총점":0.0,
            "역세권":"NA",
            "30분내 이동가능 거점":"NA",
            "1시간내 이동가능 거점":"NA",
            "교통총점":"NA",
            "백화점":0,
            "아울렛몰":0,
            "대형마트":0,
            "은행":0,
            "병원":30,
            "종합병원":0,
            "공원":100,
            "혐오시설":0,
            "인프라총점":6.0,
            "초등학군":92.58,
            "중학군":47.44,
            "학군총점":56.468,
            "인구수":10.19,
            "인구증감":1.16,
            "인구총점":7.481,
            "일자리":5,
            "소득수준":67.09,
            "일자리총점":23.627,
            "가치 총점":46.442,
            "매매실거래년":20220107.0,
            "매매실거래가":28500.0,
            "전세실거래년":20211227.0,
            "전세실거래가":20000.0,
            "전세가율":79.05,
            "장기전세가율평균":"NA",
            "전세가율거품지수":"NA",
            "검색코드":107117,
            "세대수":2127,
            "준공년월":"2015-08-21",
            "준공년차":8,
            "가까운역이름":"NA",
            "가까운역거리":"NA",
            "역세권여부":"NA",
            "30분이내주요거점역":"NA",
            "1시간이내주요거점역":"NA",
            "3km이내백화점수":0,
            "5km이내아울렛몰수":0,
            "1km이내대형먀트수":0,
            "500m이내은행수":0,
            "500m이내병원수":6,
            "5km이내대형병원수":0,
            "500m이내공원수":6,
            "3km이내혐오시설수":0,
            "초등학교학업성취도":92.58,
            "중학교학업성취도":78.6,
            "용적률":210,
            "건폐율":15,
            "Y":36.647317,
            "X":126.680966,
            "rank":5.0,
            "area_info":"24평(80.21), 24평(81.44), 29평(98.78), 30평(100.11), 33평(111.71), 33평(111.71), 33평(111.71), 34평(113.18), 34평(113.11)",
            "last_sales":"2022-01-07,28500.0,33평(111.71)"
        },
        {
            "index":43,
            "아파트명":"한울마을모아엘가",
            "투자타입":"일반",
            "전용면적(m2)":"98.65",
            "전용면적(평)":"29평",
            "법정동주소":"충청남도 홍성군 홍북읍 신경리 1370",
            "도로명주소":"충청남도 홍성군 홍학로 88",
            "세대수":90,
            "입주년차":80,
            "용적률점수":"--",
            "건폐율점수":"--",
            "세대당주차수":30,
            "난방방식":100,
            "공급면적":"--",
            "전용률":"--",
            "욕실수":100,
            "현관타입":100,
            "주거총점":82.0,
            "지역구공급총점":0.0,
            "역세권":"NA",
            "30분내 이동가능 거점":"NA",
            "1시간내 이동가능 거점":"NA",
            "교통총점":"NA",
            "백화점":0,
            "아울렛몰":0,
            "대형마트":0,
            "은행":0,
            "병원":60,
            "종합병원":0,
            "공원":100,
            "혐오시설":0,
            "인프라총점":9.0,
            "초등학군":91.56,
            "중학군":47.44,
            "학군총점":56.264,
            "인구수":10.19,
            "인구증감":1.16,
            "인구총점":7.481,
            "일자리":5,
            "소득수준":67.09,
            "일자리총점":23.627,
            "가치 총점":46.366,
            "매매실거래년":20211228.0,
            "매매실거래가":34500.0,
            "전세실거래년":20211106.0,
            "전세실거래가":27000.0,
            "전세가율":84.38,
            "장기전세가율평균":"NA",
            "전세가율거품지수":"NA",
            "검색코드":107681,
            "세대수":1260,
            "준공년월":"2016-04-08",
            "준공년차":7,
            "가까운역이름":"NA",
            "가까운역거리":"NA",
            "역세권여부":"NA",
            "30분이내주요거점역":"NA",
            "1시간이내주요거점역":"NA",
            "3km이내백화점수":0,
            "5km이내아울렛몰수":0,
            "1km이내대형먀트수":0,
            "500m이내은행수":0,
            "500m이내병원수":12,
            "5km이내대형병원수":0,
            "500m이내공원수":4,
            "3km이내혐오시설수":0,
            "초등학교학업성취도":91.56,
            "중학교학업성취도":78.6,
            "용적률":216,
            "건폐율":17,
            "Y":36.646273,
            "X":126.673782,
            "rank":6.0,
            "area_info":"29평(98.65), 31평(105.75), 34평(113.0), 34평(113.24)",
            "last_sales":"2021-12-28,34500.0,31평(105.75)"
        },
        {
            "index":107,
            "아파트명":"홍성남장이안",
            "투자타입":"일반",
            "전용면적(m2)":"94.61",
            "전용면적(평)":"28평",
            "법정동주소":"충청남도 홍성군 홍성읍 남장리 629",
            "도로명주소":"충청남도 홍성군 문화로72번길 50",
            "세대수":30,
            "입주년차":80,
            "용적률점수":"--",
            "건폐율점수":"--",
            "세대당주차수":30,
            "난방방식":30,
            "공급면적":"--",
            "전용률":"--",
            "욕실수":100,
            "현관타입":100,
            "주거총점":54.0,
            "지역구공급총점":0.0,
            "역세권":"NA",
            "30분내 이동가능 거점":"NA",
            "1시간내 이동가능 거점":"NA",
            "교통총점":"NA",
            "백화점":0,
            "아울렛몰":0,
            "대형마트":80,
            "은행":0,
            "병원":0,
            "종합병원":80,
            "공원":100,
            "혐오시설":0,
            "인프라총점":31.0,
            "초등학군":89.55,
            "중학군":46.74,
            "학군총점":55.302,
            "인구수":10.19,
            "인구증감":1.16,
            "인구총점":7.481,
            "일자리":5,
            "소득수준":67.09,
            "일자리총점":23.627,
            "가치 총점":45.1255,
            "매매실거래년":20220105.0,
            "매매실거래가":21500.0,
            "전세실거래년":20190623.0,
            "전세실거래가":14000.0,
            "전세가율":59.57,
            "장기전세가율평균":"NA",
            "전세가율거품지수":"NA",
            "검색코드":111360,
            "세대수":394,
            "준공년월":"2017-05-30",
            "준공년차":6,
            "가까운역이름":"NA",
            "가까운역거리":"NA",
            "역세권여부":"NA",
            "30분이내주요거점역":"NA",
            "1시간이내주요거점역":"NA",
            "3km이내백화점수":0,
            "5km이내아울렛몰수":0,
            "1km이내대형먀트수":1,
            "500m이내은행수":0,
            "500m이내병원수":0,
            "5km이내대형병원수":1,
            "500m이내공원수":2,
            "3km이내혐오시설수":0,
            "초등학교학업성취도":89.55,
            "중학교학업성취도":77.9,
            "용적률":200,
            "건폐율":20,
            "Y":36.590482,
            "X":126.6624,
            "rank":7.0,
            "area_info":"28평(94.61), 28평(95.8), 28평(95.29), 33평(111.93), 33평(112.05)",
            "last_sales":"2022-01-05,21500.0,28평(95.8)"
        },
        {
            "index":18,
            "아파트명":"극동스타클래스센트럴",
            "투자타입":"일반",
            "전용면적(m2)":"80.56",
            "전용면적(평)":"24평",
            "법정동주소":"충청남도 홍성군 홍북읍 신경리 928",
            "도로명주소":"충청남도 홍성군 신대로 33",
            "세대수":90,
            "입주년차":80,
            "용적률점수":"--",
            "건폐율점수":"--",
            "세대당주차수":60,
            "난방방식":100,
            "공급면적":"--",
            "전용률":"--",
            "욕실수":100,
            "현관타입":100,
            "주거총점":86.5,
            "지역구공급총점":0.0,
            "역세권":"NA",
            "30분내 이동가능 거점":"NA",
            "1시간내 이동가능 거점":"NA",
            "교통총점":"NA",
            "백화점":0,
            "아울렛몰":0,
            "대형마트":0,
            "은행":0,
            "병원":0,
            "종합병원":0,
            "공원":0,
            "혐오시설":0,
            "인프라총점":0.0,
            "초등학군":91.56,
            "중학군":47.44,
            "학군총점":56.264,
            "인구수":10.19,
            "인구증감":1.16,
            "인구총점":7.481,
            "일자리":5,
            "소득수준":67.09,
            "일자리총점":23.627,
            "가치 총점":44.341,
            "매매실거래년":20211120.0,
            "매매실거래가":25700.0,
            "전세실거래년":20210922.0,
            "전세실거래가":21800.0,
            "전세가율":81.34,
            "장기전세가율평균":"NA",
            "전세가율거품지수":"NA",
            "검색코드":104055,
            "세대수":938,
            "준공년월":"2014-05-30",
            "준공년차":9,
            "가까운역이름":"NA",
            "가까운역거리":"NA",
            "역세권여부":"NA",
            "30분이내주요거점역":"NA",
            "1시간이내주요거점역":"NA",
            "3km이내백화점수":0,
            "5km이내아울렛몰수":0,
            "1km이내대형먀트수":0,
            "500m이내은행수":0,
            "500m이내병원수":0,
            "5km이내대형병원수":0,
            "500m이내공원수":0,
            "3km이내혐오시설수":0,
            "초등학교학업성취도":91.56,
            "중학교학업성취도":78.6,
            "용적률":179,
            "건폐율":18,
            "Y":36.653828,
            "X":126.672399,
            "rank":8.0,
            "area_info":"24평(80.56), 24평(81.98), 24평(82.18), 31평(102.5), 31평(103.9), 31평(104.84), 31평(104.12), 34평(113.97), 34평(114.64), 34평(114.3), 34평(114.17)",
            "last_sales":"2021-11-20,25700.0,24평(81.98)"
        },
        {
            "index":36,
            "아파트명":"내포신도시롯데캐슬",
            "투자타입":"일반",
            "전용면적(m2)":"96.1",
            "전용면적(평)":"29평",
            "법정동주소":"충청남도 홍성군 홍북읍 신경리 1168",
            "도로명주소":"충청남도 홍성군 신대로 34",
            "세대수":80,
            "입주년차":60,
            "용적률점수":"--",
            "건폐율점수":"--",
            "세대당주차수":60,
            "난방방식":100,
            "공급면적":"--",
            "전용률":"--",
            "욕실수":100,
            "현관타입":100,
            "주거총점":79.0,
            "지역구공급총점":0.0,
            "역세권":"NA",
            "30분내 이동가능 거점":"NA",
            "1시간내 이동가능 거점":"NA",
            "교통총점":"NA",
            "백화점":0,
            "아울렛몰":0,
            "대형마트":0,
            "은행":0,
            "병원":0,
            "종합병원":0,
            "공원":80,
            "혐오시설":0,
            "인프라총점":2.4,
            "초등학군":91.56,
            "중학군":47.44,
            "학군총점":56.264,
            "인구수":10.19,
            "인구증감":1.16,
            "인구총점":7.481,
            "일자리":5,
            "소득수준":67.09,
            "일자리총점":23.627,
            "가치 총점":42.676,
            "매매실거래년":20211228.0,
            "매매실거래가":28800.0,
            "전세실거래년":20220109.0,
            "전세실거래가":16800.0,
            "전세가율":58.33,
            "장기전세가율평균":"NA",
            "전세가율거품지수":"NA",
            "검색코드":103068,
            "세대수":885,
            "준공년월":"2012-12-04",
            "준공년차":11,
            "가까운역이름":"NA",
            "가까운역거리":"NA",
            "역세권여부":"NA",
            "30분이내주요거점역":"NA",
            "1시간이내주요거점역":"NA",
            "3km이내백화점수":0,
            "5km이내아울렛몰수":0,
            "1km이내대형먀트수":0,
            "500m이내은행수":0,
            "500m이내병원수":0,
            "5km이내대형병원수":0,
            "500m이내공원수":1,
            "3km이내혐오시설수":0,
            "초등학교학업성취도":91.56,
            "중학교학업성취도":78.6,
            "용적률":179,
            "건폐율":16,
            "Y":36.652553,
            "X":126.671416,
            "rank":9.0,
            "area_info":"29평(96.1), 34평(114.56), 34평(114.89), 34평(114.56), 34평(115.02)",
            "last_sales":"2021-12-28,28800.0,29평(96.1)"
        },
        {
            "index":67,
            "아파트명":"부영2차",
            "투자타입":"일반",
            "전용면적(m2)":"77.89",
            "전용면적(평)":"23평",
            "법정동주소":"충청남도 홍성군 홍성읍 월산리 851",
            "도로명주소":"충청남도 홍성군 월산로30번길 38",
            "세대수":50,
            "입주년차":40,
            "용적률점수":"--",
            "건폐율점수":"--",
            "세대당주차수":0,
            "난방방식":30,
            "공급면적":"--",
            "전용률":"--",
            "욕실수":100,
            "현관타입":100,
            "주거총점":48.5,
            "지역구공급총점":0.0,
            "역세권":"NA",
            "30분내 이동가능 거점":"NA",
            "1시간내 이동가능 거점":"NA",
            "교통총점":"NA",
            "백화점":0,
            "아울렛몰":0,
            "대형마트":80,
            "은행":0,
            "병원":0,
            "종합병원":80,
            "공원":0,
            "혐오시설":0,
            "인프라총점":28.0,
            "초등학군":91.19,
            "중학군":45.8,
            "학군총점":54.878,
            "인구수":10.19,
            "인구증감":1.16,
            "인구총점":7.481,
            "일자리":5,
            "소득수준":67.09,
            "일자리총점":23.627,
            "가치 총점":41.8945,
            "매매실거래년":20211227.0,
            "매매실거래가":12500.0,
            "전세실거래년":20211109.0,
            "전세실거래가":12000.0,
            "전세가율":96.0,
            "장기전세가율평균":"NA",
            "전세가율거품지수":"NA",
            "검색코드":107771,
            "세대수":684,
            "준공년월":"2004-08-23",
            "준공년차":19,
            "가까운역이름":"NA",
            "가까운역거리":"NA",
            "역세권여부":"NA",
            "30분이내주요거점역":"NA",
            "1시간이내주요거점역":"NA",
            "3km이내백화점수":0,
            "5km이내아울렛몰수":0,
            "1km이내대형먀트수":1,
            "500m이내은행수":1,
            "500m이내병원수":0,
            "5km이내대형병원수":1,
            "500m이내공원수":0,
            "3km이내혐오시설수":0,
            "초등학교학업성취도":91.19,
            "중학교학업성취도":76.2,
            "용적률":194,
            "건폐율":17,
            "Y":36.601899,
            "X":126.651171,
            "rank":10.0,
            "area_info":"23평(77.89), 31평(102.59)",
            "last_sales":"2021-12-27,12500.0,23평(77.89)"
        },
        {
            "index":105,
            "아파트명":"현대",
            "투자타입":"일반",
            "전용면적(m2)":"77.38",
            "전용면적(평)":"23평",
            "법정동주소":"충청남도 홍성군 홍성읍 오관리 668-2",
            "도로명주소":"충청남도 홍성군 월계천길 41-11",
            "세대수":50,
            "입주년차":0,
            "용적률점수":"--",
            "건폐율점수":"--",
            "세대당주차수":30,
            "난방방식":30,
            "공급면적":"--",
            "전용률":"--",
            "욕실수":50,
            "현관타입":100,
            "주거총점":40.0,
            "지역구공급총점":0.0,
            "역세권":"NA",
            "30분내 이동가능 거점":"NA",
            "1시간내 이동가능 거점":"NA",
            "교통총점":"NA",
            "백화점":0,
            "아울렛몰":0,
            "대형마트":80,
            "은행":0,
            "병원":0,
            "종합병원":80,
            "공원":80,
            "혐오시설":0,
            "인프라총점":30.4,
            "초등학군":91.19,
            "중학군":45.8,
            "학군총점":54.878,
            "인구수":10.19,
            "인구증감":1.16,
            "인구총점":7.481,
            "일자리":5,
            "소득수준":67.09,
            "일자리총점":23.627,
            "가치 총점":39.8795,
            "매매실거래년":20211125.0,
            "매매실거래가":11500.0,
            "전세실거래년":20211123.0,
            "전세실거래가":5500.0,
            "전세가율":47.83,
            "장기전세가율평균":"NA",
            "전세가율거품지수":"NA",
            "검색코드":15308,
            "세대수":434,
            "준공년월":"1997-04-11",
            "준공년차":26,
            "가까운역이름":"NA",
            "가까운역거리":"NA",
            "역세권여부":"NA",
            "30분이내주요거점역":"NA",
            "1시간이내주요거점역":"NA",
            "3km이내백화점수":0,
            "5km이내아울렛몰수":0,
            "1km이내대형먀트수":1,
            "500m이내은행수":0,
            "500m이내병원수":0,
            "5km이내대형병원수":1,
            "500m이내공원수":1,
            "3km이내혐오시설수":0,
            "초등학교학업성취도":91.19,
            "중학교학업성취도":76.2,
            "용적률":255,
            "건폐율":39,
            "Y":36.602357,
            "X":126.655019,
            "rank":11.0,
            "area_info":"23평(77.38), 33평(109.6)",
            "last_sales":"2021-11-25,11500.0,23평(77.38)"
        },
        {
            "index":90,
            "아파트명":"주공그린빌",
            "투자타입":"일반",
            "전용면적(m2)":"60.53",
            "전용면적(평)":"18평",
            "법정동주소":"충청남도 홍성군 홍성읍 남장리 515",
            "도로명주소":"충청남도 홍성군 문화로72번길 92",
            "세대수":90,
            "입주년차":20,
            "용적률점수":"--",
            "건폐율점수":"--",
            "세대당주차수":0,
            "난방방식":30,
            "공급면적":"--",
            "전용률":"--",
            "욕실수":50,
            "현관타입":10,
            "주거총점":44.5,
            "지역구공급총점":0.0,
            "역세권":"NA",
            "30분내 이동가능 거점":"NA",
            "1시간내 이동가능 거점":"NA",
            "교통총점":"NA",
            "백화점":0,
            "아울렛몰":0,
            "대형마트":0,
            "은행":0,
            "병원":0,
            "종합병원":80,
            "공원":100,
            "혐오시설":0,
            "인프라총점":19.0,
            "초등학군":89.55,
            "중학군":46.74,
            "학군총점":55.302,
            "인구수":10.19,
            "인구증감":1.16,
            "인구총점":7.481,
            "일자리":5,
            "소득수준":67.09,
            "일자리총점":23.627,
            "가치 총점":37.0005,
            "매매실거래년":20211227.0,
            "매매실거래가":10900.0,
            "전세실거래년":20211006.0,
            "전세실거래가":7000.0,
            "전세가율":78.65,
            "장기전세가율평균":"NA",
            "전세가율거품지수":"NA",
            "검색코드":15307,
            "세대수":996,
            "준공년월":"2001-09-08",
            "준공년차":22,
            "가까운역이름":"NA",
            "가까운역거리":"NA",
            "역세권여부":"NA",
            "30분이내주요거점역":"NA",
            "1시간이내주요거점역":"NA",
            "3km이내백화점수":0,
            "5km이내아울렛몰수":0,
            "1km이내대형먀트수":0,
            "500m이내은행수":0,
            "500m이내병원수":1,
            "5km이내대형병원수":1,
            "500m이내공원수":4,
            "3km이내혐오시설수":0,
            "초등학교학업성취도":89.55,
            "중학교학업성취도":77.9,
            "용적률":164,
            "건폐율":15,
            "Y":36.590637,
            "X":126.66737,
            "rank":12.0,
            "area_info":"18평(60.53), 18평(60.04), 21평(70.04), 23평(78.2), 33평(110.74)",
            "last_sales":"2021-12-27,10900.0,21평(70.04)"
        },
        {
            "index":76,
            "아파트명":"신천",
            "투자타입":"재건축",
            "전용면적(m2)":"66.66",
            "전용면적(평)":"20평",
            "법정동주소":"충청남도 홍성군 홍성읍 오관리 8-5",
            "도로명주소":"충청남도 홍성군 월계천길 290",
            "세대수":0,
            "입주년차":"--",
            "용적률점수":0,
            "건폐율점수":0,
            "세대당주차수":"--",
            "난방방식":"--",
            "공급면적":50,
            "전용률":60,
            "욕실수":"--",
            "현관타입":"--",
            "주거총점":5.5,
            "지역구공급총점":0.0,
            "역세권":"NA",
            "30분내 이동가능 거점":"NA",
            "1시간내 이동가능 거점":"NA",
            "교통총점":"NA",
            "백화점":0,
            "아울렛몰":0,
            "대형마트":100,
            "은행":100,
            "병원":80,
            "종합병원":80,
            "공원":100,
            "혐오시설":0,
            "인프라총점":52.0,
            "초등학군":91.61,
            "중학군":45.8,
            "학군총점":54.962,
            "인구수":10.19,
            "인구증감":1.16,
            "인구총점":7.481,
            "일자리":5,
            "소득수준":67.09,
            "일자리총점":23.627,
            "가치 총점":36.4655,
            "매매실거래년":20160929.0,
            "매매실거래가":7800.0,
            "전세실거래년":null,
            "전세실거래가":null,
            "전세가율":null,
            "장기전세가율평균":"NA",
            "전세가율거품지수":"NA",
            "검색코드":114027,
            "세대수":123,
            "준공년월":"1989-07-01",
            "준공년차":34,
            "가까운역이름":"NA",
            "가까운역거리":"NA",
            "역세권여부":"NA",
            "30분이내주요거점역":"NA",
            "1시간이내주요거점역":"NA",
            "3km이내백화점수":0,
            "5km이내아울렛몰수":0,
            "1km이내대형먀트수":2,
            "500m이내은행수":5,
            "500m이내병원수":44,
            "5km이내대형병원수":1,
            "500m이내공원수":4,
            "3km이내혐오시설수":0,
            "초등학교학업성취도":91.61,
            "중학교학업성취도":76.2,
            "용적률":0,
            "건폐율":0,
            "Y":36.604094,
            "X":126.665976,
            "rank":13.0,
            "area_info":"20평(66.66), 20평(68.67), 21평(72.36), 22평(73.4), 22평(75.37), 23평(77.9), 24평(80.28), 25평(85.56), 29평(97.34), 32평(106.63), 33평(110.5)",
            "last_sales":"2016-09-29,7800.0,25평(85.56)"
        },
        {
            "index":98,
            "아파트명":"태영",
            "투자타입":"재건축",
            "전용면적(m2)":"95.84",
            "전용면적(평)":"28평",
            "법정동주소":"충청남도 홍성군 홍성읍 오관리 559",
            "도로명주소":"충청남도 홍성군 문화로80번길 43",
            "세대수":0,
            "입주년차":"--",
            "용적률점수":0,
            "건폐율점수":80,
            "세대당주차수":"--",
            "난방방식":"--",
            "공급면적":70,
            "전용률":60,
            "욕실수":"--",
            "현관타입":"--",
            "주거총점":22.5,
            "지역구공급총점":0.0,
            "역세권":"NA",
            "30분내 이동가능 거점":"NA",
            "1시간내 이동가능 거점":"NA",
            "교통총점":"NA",
            "백화점":0,
            "아울렛몰":0,
            "대형마트":80,
            "은행":0,
            "병원":10,
            "종합병원":80,
            "공원":80,
            "혐오시설":0,
            "인프라총점":31.4,
            "초등학군":89.55,
            "중학군":46.74,
            "학군총점":55.302,
            "인구수":10.19,
            "인구증감":1.16,
            "인구총점":7.481,
            "일자리":5,
            "소득수준":67.09,
            "일자리총점":23.627,
            "가치 총점":34.2605,
            "매매실거래년":20211030.0,
            "매매실거래가":10000.0,
            "전세실거래년":20210603.0,
            "전세실거래가":6500.0,
            "전세가율":86.67,
            "장기전세가율평균":"NA",
            "전세가율거품지수":"NA",
            "검색코드":24879,
            "세대수":112,
            "준공년월":"1992-08-12",
            "준공년차":31,
            "가까운역이름":"NA",
            "가까운역거리":"NA",
            "역세권여부":"NA",
            "30분이내주요거점역":"NA",
            "1시간이내주요거점역":"NA",
            "3km이내백화점수":0,
            "5km이내아울렛몰수":0,
            "1km이내대형먀트수":1,
            "500m이내은행수":0,
            "500m이내병원수":2,
            "5km이내대형병원수":1,
            "500m이내공원수":1,
            "3km이내혐오시설수":0,
            "초등학교학업성취도":89.55,
            "중학교학업성취도":77.9,
            "용적률":276,
            "건폐율":22,
            "Y":36.595053,
            "X":126.666612,
            "rank":14.0,
            "area_info":"28평(95.84), 32평(106.04), 32평(107.03), 46평(154.56), 50평(167.78)",
            "last_sales":"2021-10-30,10000.0,32평(107.03)"
        },
        {
            "index":87,
            "아파트명":"우주은하(A동)",
            "투자타입":"재건축",
            "전용면적(m2)":"108.87",
            "전용면적(평)":"32평",
            "법정동주소":"충청남도 홍성군 홍성읍 오관리 333",
            "도로명주소":"충청남도 홍성군 의사로 9",
            "세대수":0,
            "입주년차":"--",
            "용적률점수":0,
            "건폐율점수":0,
            "세대당주차수":"--",
            "난방방식":"--",
            "공급면적":90,
            "전용률":60,
            "욕실수":"--",
            "현관타입":"--",
            "주거총점":7.5,
            "지역구공급총점":0.0,
            "역세권":"NA",
            "30분내 이동가능 거점":"NA",
            "1시간내 이동가능 거점":"NA",
            "교통총점":"NA",
            "백화점":0,
            "아울렛몰":0,
            "대형마트":100,
            "은행":70,
            "병원":80,
            "종합병원":80,
            "공원":100,
            "혐오시설":0,
            "인프라총점":49.0,
            "초등학군":89.55,
            "중학군":37.06,
            "학군총점":47.558,
            "인구수":10.19,
            "인구증감":1.16,
            "인구총점":7.481,
            "일자리":5,
            "소득수준":67.09,
            "일자리총점":23.627,
            "가치 총점":34.1145,
            "매매실거래년":20220107.0,
            "매매실거래가":10800.0,
            "전세실거래년":20210203.0,
            "전세실거래가":5500.0,
            "전세가율":61.11,
            "장기전세가율평균":"NA",
            "전세가율거품지수":"NA",
            "검색코드":15304,
            "세대수":120,
            "준공년월":"1991-10-24",
            "준공년차":32,
            "가까운역이름":"NA",
            "가까운역거리":"NA",
            "역세권여부":"NA",
            "30분이내주요거점역":"NA",
            "1시간이내주요거점역":"NA",
            "3km이내백화점수":0,
            "5km이내아울렛몰수":0,
            "1km이내대형먀트수":2,
            "500m이내은행수":3,
            "500m이내병원수":46,
            "5km이내대형병원수":1,
            "500m이내공원수":2,
            "3km이내혐오시설수":0,
            "초등학교학업성취도":89.55,
            "중학교학업성취도":61.1,
            "용적률":0,
            "건폐율":0,
            "Y":36.598692,
            "X":126.669712,
            "rank":15.0,
            "area_info":"32평(108.87), 33평(112.28), 41평(135.54)",
            "last_sales":"2022-01-07,10800.0,33평(112.28)"
        },
        {
            "index":65,
            "아파트명":"부영",
            "투자타입":"일반",
            "전용면적(m2)":"67.46",
            "전용면적(평)":"20평",
            "법정동주소":"충청남도 홍성군 홍성읍 월산리 850",
            "도로명주소":"충청남도 홍성군 월산로30번길 39",
            "세대수":50,
            "입주년차":20,
            "용적률점수":"--",
            "건폐율점수":"--",
            "세대당주차수":0,
            "난방방식":30,
            "공급면적":"--",
            "전용률":"--",
            "욕실수":50,
            "현관타입":100,
            "주거총점":39.5,
            "지역구공급총점":0.0,
            "역세권":"NA",
            "30분내 이동가능 거점":"NA",
            "1시간내 이동가능 거점":"NA",
            "교통총점":"NA",
            "백화점":0,
            "아울렛몰":0,
            "대형마트":0,
            "은행":0,
            "병원":0,
            "종합병원":80,
            "공원":0,
            "혐오시설":0,
            "인프라총점":16.0,
            "초등학군":91.19,
            "중학군":45.8,
            "학군총점":54.878,
            "인구수":10.19,
            "인구증감":1.16,
            "인구총점":7.481,
            "일자리":5,
            "소득수준":67.09,
            "일자리총점":23.627,
            "가치 총점":33.9445,
            "매매실거래년":20211204.0,
            "매매실거래가":16700.0,
            "전세실거래년":20211101.0,
            "전세실거래가":6156.0,
            "전세가율":68.4,
            "장기전세가율평균":"NA",
            "전세가율거품지수":"NA",
            "검색코드":105447,
            "세대수":684,
            "준공년월":"2003-05-26",
            "준공년차":20,
            "가까운역이름":"NA",
            "가까운역거리":"NA",
            "역세권여부":"NA",
            "30분이내주요거점역":"NA",
            "1시간이내주요거점역":"NA",
            "3km이내백화점수":0,
            "5km이내아울렛몰수":0,
            "1km이내대형먀트수":0,
            "500m이내은행수":1,
            "500m이내병원수":0,
            "5km이내대형병원수":1,
            "500m이내공원수":0,
            "3km이내혐오시설수":0,
            "초등학교학업성취도":91.19,
            "중학교학업성취도":76.2,
            "용적률":217,
            "건폐율":17,
            "Y":36.602305,
            "X":126.648828,
            "rank":16.0,
            "area_info":"20평(67.46), 31평(102.54)",
            "last_sales":"2021-12-04,16700.0,31평(102.54)"
        },
        {
            "index":115,
            "아파트명":"홍성미림청솔",
            "투자타입":"일반",
            "전용면적(m2)":"70.39",
            "전용면적(평)":"21평",
            "법정동주소":"충청남도 홍성군 홍성읍 오관리 652",
            "도로명주소":"충청남도 홍성군 내포로146번길 46",
            "세대수":0,
            "입주년차":0,
            "용적률점수":"--",
            "건폐율점수":"--",
            "세대당주차수":0,
            "난방방식":30,
            "공급면적":"--",
            "전용률":"--",
            "욕실수":50,
            "현관타입":100,
            "주거총점":18.0,
            "지역구공급총점":0.0,
            "역세권":"NA",
            "30분내 이동가능 거점":"NA",
            "1시간내 이동가능 거점":"NA",
            "교통총점":"NA",
            "백화점":0,
            "아울렛몰":0,
            "대형마트":80,
            "은행":0,
            "병원":0,
            "종합병원":80,
            "공원":100,
            "혐오시설":0,
            "인프라총점":31.0,
            "초등학군":91.19,
            "중학군":46.74,
            "학군총점":55.63,
            "인구수":10.19,
            "인구증감":1.16,
            "인구총점":7.481,
            "일자리":5,
            "소득수준":67.09,
            "일자리총점":23.627,
            "가치 총점":32.6075,
            "매매실거래년":20210914.0,
            "매매실거래가":15500.0,
            "전세실거래년":20210929.0,
            "전세실거래가":9300.0,
            "전세가율":94.9,
            "장기전세가율평균":"NA",
            "전세가율거품지수":"NA",
            "검색코드":7590,
            "세대수":297,
            "준공년월":"1997-05-01",
            "준공년차":26,
            "가까운역이름":"NA",
            "가까운역거리":"NA",
            "역세권여부":"NA",
            "30분이내주요거점역":"NA",
            "1시간이내주요거점역":"NA",
            "3km이내백화점수":0,
            "5km이내아울렛몰수":0,
            "1km이내대형먀트수":1,
            "500m이내은행수":0,
            "500m이내병원수":0,
            "5km이내대형병원수":1,
            "500m이내공원수":2,
            "3km이내혐오시설수":0,
            "초등학교학업성취도":91.19,
            "중학교학업성취도":77.9,
            "용적률":0,
            "건폐율":0,
            "Y":36.598801,
            "X":126.654511,
            "rank":17.0,
            "area_info":"21평(70.39), 30평(100.3), 40평(135.11), 47평(157.04)",
            "last_sales":"2021-09-14,15500.0,47평(157.04)"
        },
        {
            "index":112,
            "아파트명":"홍성대우",
            "투자타입":"일반",
            "전용면적(m2)":"79.92",
            "전용면적(평)":"24평",
            "법정동주소":"충청남도 홍성군 홍성읍 남장리 112-12",
            "도로명주소":"충청남도 홍성군 문화로72번길 41",
            "세대수":0,
            "입주년차":0,
            "용적률점수":"--",
            "건폐율점수":"--",
            "세대당주차수":30,
            "난방방식":30,
            "공급면적":"--",
            "전용률":"--",
            "욕실수":50,
            "현관타입":10,
            "주거총점":13.5,
            "지역구공급총점":0.0,
            "역세권":"NA",
            "30분내 이동가능 거점":"NA",
            "1시간내 이동가능 거점":"NA",
            "교통총점":"NA",
            "백화점":0,
            "아울렛몰":0,
            "대형마트":80,
            "은행":0,
            "병원":0,
            "종합병원":80,
            "공원":80,
            "혐오시설":0,
            "인프라총점":30.4,
            "초등학군":89.55,
            "중학군":46.74,
            "학군총점":55.302,
            "인구수":10.19,
            "인구증감":1.16,
            "인구총점":7.481,
            "일자리":5,
            "소득수준":67.09,
            "일자리총점":23.627,
            "가치 총점":30.7105,
            "매매실거래년":20220110.0,
            "매매실거래가":12200.0,
            "전세실거래년":20191130.0,
            "전세실거래가":5000.0,
            "전세가율":71.43,
            "장기전세가율평균":"NA",
            "전세가율거품지수":"NA",
            "검색코드":7587,
            "세대수":260,
            "준공년월":"1995-03-01",
            "준공년차":28,
            "가까운역이름":"NA",
            "가까운역거리":"NA",
            "역세권여부":"NA",
            "30분이내주요거점역":"NA",
            "1시간이내주요거점역":"NA",
            "3km이내백화점수":0,
            "5km이내아울렛몰수":0,
            "1km이내대형먀트수":1,
            "500m이내은행수":0,
            "500m이내병원수":1,
            "5km이내대형병원수":1,
            "500m이내공원수":1,
            "3km이내혐오시설수":0,
            "초등학교학업성취도":89.55,
            "중학교학업성취도":77.9,
            "용적률":0,
            "건폐율":0,
            "Y":36.59208,
            "X":126.66413,
            "rank":18.0,
            "area_info":"24평(79.92), 31평(104.1), 48평(161.97)",
            "last_sales":"2022-01-10,12200.0,31평(104.1)"
        },
        {
            "index":95,
            "아파트명":"큰마을",
            "투자타입":"일반",
            "전용면적(m2)":"76.01",
            "전용면적(평)":"22평",
            "법정동주소":"충청남도 홍성군 홍성읍 오관리 518",
            "도로명주소":"충청남도 홍성군 문화로80번길 32-14",
            "세대수":0,
            "입주년차":0,
            "용적률점수":"--",
            "건폐율점수":"--",
            "세대당주차수":0,
            "난방방식":30,
            "공급면적":"--",
            "전용률":"--",
            "욕실수":50,
            "현관타입":10,
            "주거총점":9.0,
            "지역구공급총점":0.0,
            "역세권":"NA",
            "30분내 이동가능 거점":"NA",
            "1시간내 이동가능 거점":"NA",
            "교통총점":"NA",
            "백화점":0,
            "아울렛몰":0,
            "대형마트":100,
            "은행":0,
            "병원":0,
            "종합병원":80,
            "공원":80,
            "혐오시설":0,
            "인프라총점":33.4,
            "초등학군":89.55,
            "중학군":46.74,
            "학군총점":55.302,
            "인구수":10.19,
            "인구증감":1.16,
            "인구총점":7.481,
            "일자리":5,
            "소득수준":67.09,
            "일자리총점":23.627,
            "가치 총점":30.3355,
            "매매실거래년":20211207.0,
            "매매실거래가":15300.0,
            "전세실거래년":20210818.0,
            "전세실거래가":9500.0,
            "전세가율":106.74,
            "장기전세가율평균":"NA",
            "전세가율거품지수":"NA",
            "검색코드":7584,
            "세대수":270,
            "준공년월":"1997-01-10",
            "준공년차":26,
            "가까운역이름":"NA",
            "가까운역거리":"NA",
            "역세권여부":"NA",
            "30분이내주요거점역":"NA",
            "1시간이내주요거점역":"NA",
            "3km이내백화점수":0,
            "5km이내아울렛몰수":0,
            "1km이내대형먀트수":2,
            "500m이내은행수":0,
            "500m이내병원수":1,
            "5km이내대형병원수":1,
            "500m이내공원수":1,
            "3km이내혐오시설수":0,
            "초등학교학업성취도":89.55,
            "중학교학업성취도":77.9,
            "용적률":277,
            "건폐율":25,
            "Y":36.594134,
            "X":126.664181,
            "rank":19.0,
            "area_info":"22평(76.01), 30평(99.21), 45평(149.52)",
            "last_sales":"2021-12-07,15300.0,30평(99.21)"
        },
        {
            "index":103,
            "아파트명":"현광",
            "투자타입":"일반",
            "전용면적(m2)":"83.94",
            "전용면적(평)":"25평",
            "법정동주소":"충청남도 홍성군 홍성읍 내법리 285-78",
            "도로명주소":"충청남도 홍성군 도청대로96번길 85-17",
            "세대수":30,
            "입주년차":0,
            "용적률점수":"--",
            "건폐율점수":"--",
            "세대당주차수":0,
            "난방방식":30,
            "공급면적":"--",
            "전용률":"--",
            "욕실수":50,
            "현관타입":100,
            "주거총점":28.5,
            "지역구공급총점":0.0,
            "역세권":"NA",
            "30분내 이동가능 거점":"NA",
            "1시간내 이동가능 거점":"NA",
            "교통총점":"NA",
            "백화점":0,
            "아울렛몰":0,
            "대형마트":0,
            "은행":0,
            "병원":0,
            "종합병원":80,
            "공원":0,
            "혐오시설":0,
            "인프라총점":16.0,
            "초등학군":91.61,
            "중학군":45.8,
            "학군총점":54.962,
            "인구수":10.19,
            "인구증감":1.16,
            "인구총점":7.481,
            "일자리":5,
            "소득수준":67.09,
            "일자리총점":23.627,
            "가치 총점":30.1155,
            "매매실거래년":20211210.0,
            "매매실거래가":5000.0,
            "전세실거래년":20210923.0,
            "전세실거래가":4500.0,
            "전세가율":90.0,
            "장기전세가율평균":"NA",
            "전세가율거품지수":"NA",
            "검색코드":15309,
            "세대수":339,
            "준공년월":"1997-05-01",
            "준공년차":26,
            "가까운역이름":"NA",
            "가까운역거리":"NA",
            "역세권여부":"NA",
            "30분이내주요거점역":"NA",
            "1시간이내주요거점역":"NA",
            "3km이내백화점수":0,
            "5km이내아울렛몰수":0,
            "1km이내대형먀트수":0,
            "500m이내은행수":0,
            "500m이내병원수":0,
            "5km이내대형병원수":1,
            "500m이내공원수":0,
            "3km이내혐오시설수":0,
            "초등학교학업성취도":91.61,
            "중학교학업성취도":76.2,
            "용적률":229,
            "건폐율":17,
            "Y":36.617509,
            "X":126.66892,
            "rank":20.0,
            "area_info":"25평(83.94), 32평(106.36)",
            "last_sales":"2021-12-10,5000.0,25평(83.94)"
        },
        {
            "index":58,
            "아파트명":"미성",
            "투자타입":"재건축",
            "전용면적(m2)":"74.37",
            "전용면적(평)":"22평",
            "법정동주소":"충청남도 홍성군 홍성읍 남장리 94-1",
            "도로명주소":"충청남도 홍성군 홍장북로441번길 25-12",
            "세대수":0,
            "입주년차":"--",
            "용적률점수":0,
            "건폐율점수":0,
            "세대당주차수":"--",
            "난방방식":"--",
            "공급면적":50,
            "전용률":100,
            "욕실수":"--",
            "현관타입":"--",
            "주거총점":7.5,
            "지역구공급총점":0.0,
            "역세권":"NA",
            "30분내 이동가능 거점":"NA",
            "1시간내 이동가능 거점":"NA",
            "교통총점":"NA",
            "백화점":0,
            "아울렛몰":0,
            "대형마트":100,
            "은행":0,
            "병원":0,
            "종합병원":80,
            "공원":80,
            "혐오시설":0,
            "인프라총점":33.4,
            "초등학군":89.55,
            "중학군":46.74,
            "학군총점":55.302,
            "인구수":10.19,
            "인구증감":1.16,
            "인구총점":7.481,
            "일자리":5,
            "소득수준":67.09,
            "일자리총점":23.627,
            "가치 총점":29.8105,
            "매매실거래년":20170725.0,
            "매매실거래가":6800.0,
            "전세실거래년":null,
            "전세실거래가":null,
            "전세가율":null,
            "장기전세가율평균":"NA",
            "전세가율거품지수":"NA",
            "검색코드":15299,
            "세대수":182,
            "준공년월":"1991-09-26",
            "준공년차":32,
            "가까운역이름":"NA",
            "가까운역거리":"NA",
            "역세권여부":"NA",
            "30분이내주요거점역":"NA",
            "1시간이내주요거점역":"NA",
            "3km이내백화점수":0,
            "5km이내아울렛몰수":0,
            "1km이내대형먀트수":2,
            "500m이내은행수":0,
            "500m이내병원수":1,
            "5km이내대형병원수":1,
            "500m이내공원수":1,
            "3km이내혐오시설수":0,
            "초등학교학업성취도":89.55,
            "중학교학업성취도":77.9,
            "용적률":0,
            "건폐율":0,
            "Y":36.593163,
            "X":126.665254,
            "rank":21.0,
            "area_info":"22평(74.37), 22평(75.14), 27평(89.46), 30평(99.89), 30평(102.05), 32평(106.19), 32평(106.34)",
            "last_sales":"2017-07-25,6800.0,32평(106.34)"
        },
        {
            "index":6,
            "아파트명":"세청파크빌",
            "투자타입":"일반",
            "전용면적(m2)":"57.05",
            "전용면적(평)":"17평",
            "법정동주소":"충청남도 홍성군 금마면 죽림리 82-12",
            "도로명주소":"충청남도 홍성군 충서로2036번길 82",
            "세대수":0,
            "입주년차":60,
            "용적률점수":"--",
            "건폐율점수":"--",
            "세대당주차수":0,
            "난방방식":30,
            "공급면적":"--",
            "전용률":"--",
            "욕실수":50,
            "현관타입":100,
            "주거총점":30.0,
            "지역구공급총점":0.0,
            "역세권":"NA",
            "30분내 이동가능 거점":"NA",
            "1시간내 이동가능 거점":"NA",
            "교통총점":"NA",
            "백화점":0,
            "아울렛몰":0,
            "대형마트":0,
            "은행":0,
            "병원":0,
            "종합병원":80,
            "공원":0,
            "혐오시설":0,
            "인프라총점":16.0,
            "초등학군":93.7,
            "중학군":37.06,
            "학군총점":48.388,
            "인구수":10.19,
            "인구증감":1.16,
            "인구총점":7.481,
            "일자리":5,
            "소득수준":67.09,
            "일자리총점":23.627,
            "가치 총점":28.997,
            "매매실거래년":20210902.0,
            "매매실거래가":6000.0,
            "전세실거래년":20181015.0,
            "전세실거래가":1000.0,
            "전세가율":28.17,
            "장기전세가율평균":"NA",
            "전세가율거품지수":"NA",
            "검색코드":106743,
            "세대수":250,
            "준공년월":"2012-10-30",
            "준공년차":11,
            "가까운역이름":"NA",
            "가까운역거리":"NA",
            "역세권여부":"NA",
            "30분이내주요거점역":"NA",
            "1시간이내주요거점역":"NA",
            "3km이내백화점수":0,
            "5km이내아울렛몰수":0,
            "1km이내대형먀트수":0,
            "500m이내은행수":0,
            "500m이내병원수":0,
            "5km이내대형병원수":1,
            "500m이내공원수":0,
            "3km이내혐오시설수":0,
            "초등학교학업성취도":93.7,
            "중학교학업성취도":61.1,
            "용적률":88,
            "건폐율":21,
            "Y":36.614107,
            "X":126.71785,
            "rank":22.0,
            "area_info":"17평(57.05), 19평(64.6), 23평(77.4)",
            "last_sales":"2021-09-02,6000.0,23평(77.4)"
        },
        {
            "index":0,
            "아파트명":"구항온누리",
            "투자타입":"일반",
            "전용면적(m2)":"38.78",
            "전용면적(평)":"11평",
            "법정동주소":"충청남도 홍성군 구항면 오봉리 653-2",
            "도로명주소":"충청남도 홍성군 구항길57번길 25",
            "세대수":0,
            "입주년차":20,
            "용적률점수":"--",
            "건폐율점수":"--",
            "세대당주차수":0,
            "난방방식":30,
            "공급면적":"--",
            "전용률":"--",
            "욕실수":50,
            "현관타입":100,
            "주거총점":22.0,
            "지역구공급총점":0.0,
            "역세권":"NA",
            "30분내 이동가능 거점":"NA",
            "1시간내 이동가능 거점":"NA",
            "교통총점":"NA",
            "백화점":0,
            "아울렛몰":0,
            "대형마트":80,
            "은행":0,
            "병원":0,
            "종합병원":0,
            "공원":0,
            "혐오시설":0,
            "인프라총점":12.0,
            "초등학군":90.0,
            "중학군":46.74,
            "학군총점":55.392,
            "인구수":10.19,
            "인구증감":1.16,
            "인구총점":7.481,
            "일자리":5,
            "소득수준":67.09,
            "일자리총점":23.627,
            "가치 총점":26.348,
            "매매실거래년":20220107.0,
            "매매실거래가":2500.0,
            "전세실거래년":20180114.0,
            "전세실거래가":1200.0,
            "전세가율":85.71,
            "장기전세가율평균":"NA",
            "전세가율거품지수":"NA",
            "검색코드":123703,
            "세대수":220,
            "준공년월":"2000-04-20",
            "준공년차":23,
            "가까운역이름":"NA",
            "가까운역거리":"NA",
            "역세권여부":"NA",
            "30분이내주요거점역":"NA",
            "1시간이내주요거점역":"NA",
            "3km이내백화점수":0,
            "5km이내아울렛몰수":0,
            "1km이내대형먀트수":1,
            "500m이내은행수":0,
            "500m이내병원수":0,
            "5km이내대형병원수":0,
            "500m이내공원수":0,
            "3km이내혐오시설수":0,
            "초등학교학업성취도":90.0,
            "중학교학업성취도":77.9,
            "용적률":76,
            "건폐율":20,
            "Y":36.589895,
            "X":126.603423,
            "rank":23.0,
            "area_info":"11평(38.78), 15평(51.04), 20평(68.7)",
            "last_sales":"2022-01-07,2500.0,20평(68.7)"
        },
        {
            "index":4,
            "아파트명":"무지개",
            "투자타입":"일반",
            "전용면적(m2)":"52.2",
            "전용면적(평)":"15평",
            "법정동주소":"충청남도 홍성군 구항면 마온리 5-10",
            "도로명주소":"충청남도 홍성군 충서로 1060-21",
            "세대수":0,
            "입주년차":20,
            "용적률점수":"--",
            "건폐율점수":"--",
            "세대당주차수":0,
            "난방방식":30,
            "공급면적":"--",
            "전용률":"--",
            "욕실수":50,
            "현관타입":50,
            "주거총점":17.0,
            "지역구공급총점":0.0,
            "역세권":"NA",
            "30분내 이동가능 거점":"NA",
            "1시간내 이동가능 거점":"NA",
            "교통총점":"NA",
            "백화점":0,
            "아울렛몰":0,
            "대형마트":0,
            "은행":0,
            "병원":0,
            "종합병원":80,
            "공원":0,
            "혐오시설":0,
            "인프라총점":16.0,
            "초등학군":89.55,
            "중학군":46.74,
            "학군총점":55.302,
            "인구수":10.19,
            "인구증감":1.16,
            "인구총점":7.481,
            "일자리":5,
            "소득수준":67.09,
            "일자리총점":23.627,
            "가치 총점":26.1755,
            "매매실거래년":20210830.0,
            "매매실거래가":4200.0,
            "전세실거래년":20161228.0,
            "전세실거래가":1500.0,
            "전세가율":62.5,
            "장기전세가율평균":"NA",
            "전세가율거품지수":"NA",
            "검색코드":105536,
            "세대수":110,
            "준공년월":"2000-04-20",
            "준공년차":23,
            "가까운역이름":"NA",
            "가까운역거리":"NA",
            "역세권여부":"NA",
            "30분이내주요거점역":"NA",
            "1시간이내주요거점역":"NA",
            "3km이내백화점수":0,
            "5km이내아울렛몰수":0,
            "1km이내대형먀트수":0,
            "500m이내은행수":0,
            "500m이내병원수":0,
            "5km이내대형병원수":1,
            "500m이내공원수":0,
            "3km이내혐오시설수":0,
            "초등학교학업성취도":89.55,
            "중학교학업성취도":77.9,
            "용적률":77,
            "건폐율":18,
            "Y":36.570943,
            "X":126.653375,
            "rank":24.0,
            "area_info":"15평(52.2), 20평(69.17)",
            "last_sales":"2021-08-30,4200.0,20평(69.17)"
        },
        {
            "index":41,
            "아파트명":"동진",
            "투자타입":"일반",
            "전용면적(m2)":"56.55",
            "전용면적(평)":"17평",
            "법정동주소":"충청남도 홍성군 홍북읍 봉신리 289-1",
            "도로명주소":"충청남도 홍성군 도청대로 211",
            "세대수":0,
            "입주년차":0,
            "용적률점수":"--",
            "건폐율점수":"--",
            "세대당주차수":0,
            "난방방식":30,
            "공급면적":"--",
            "전용률":"--",
            "욕실수":50,
            "현관타입":10,
            "주거총점":9.0,
            "지역구공급총점":0.0,
            "역세권":"NA",
            "30분내 이동가능 거점":"NA",
            "1시간내 이동가능 거점":"NA",
            "교통총점":"NA",
            "백화점":0,
            "아울렛몰":0,
            "대형마트":0,
            "은행":0,
            "병원":0,
            "종합병원":80,
            "공원":0,
            "혐오시설":0,
            "인프라총점":16.0,
            "초등학군":82.47,
            "중학군":45.8,
            "학군총점":53.134,
            "인구수":10.19,
            "인구증감":1.16,
            "인구총점":7.481,
            "일자리":5,
            "소득수준":67.09,
            "일자리총점":23.627,
            "가치 총점":22.8335,
            "매매실거래년":20211220.0,
            "매매실거래가":5300.0,
            "전세실거래년":20211109.0,
            "전세실거래가":4000.0,
            "전세가율":75.47,
            "장기전세가율평균":"NA",
            "전세가율거품지수":"NA",
            "검색코드":25713,
            "세대수":248,
            "준공년월":"1998-01-01",
            "준공년차":25,
            "가까운역이름":"NA",
            "가까운역거리":"NA",
            "역세권여부":"NA",
            "30분이내주요거점역":"NA",
            "1시간이내주요거점역":"NA",
            "3km이내백화점수":0,
            "5km이내아울렛몰수":0,
            "1km이내대형먀트수":0,
            "500m이내은행수":0,
            "500m이내병원수":0,
            "5km이내대형병원수":1,
            "500m이내공원수":0,
            "3km이내혐오시설수":0,
            "초등학교학업성취도":82.47,
            "중학교학업성취도":76.2,
            "용적률":0,
            "건폐율":0,
            "Y":36.623572,
            "X":126.662365,
            "rank":25.0,
            "area_info":"17평(56.55), 21평(72.28)",
            "last_sales":"2021-12-20,5300.0,17평(56.55)"
        },
        {
            "index":3,
            "아파트명":"마온",
            "투자타입":"재건축",
            "전용면적(m2)":"40.17",
            "전용면적(평)":"12평",
            "법정동주소":"충청남도 홍성군 구항면 마온리 산9",
            "도로명주소":"충청남도 홍성군 충서로 1068-24",
            "세대수":0,
            "입주년차":"--",
            "용적률점수":0,
            "건폐율점수":0,
            "세대당주차수":"--",
            "난방방식":"--",
            "공급면적":50,
            "전용률":80,
            "욕실수":"--",
            "현관타입":"--",
            "주거총점":6.5,
            "지역구공급총점":0.0,
            "역세권":"NA",
            "30분내 이동가능 거점":"NA",
            "1시간내 이동가능 거점":"NA",
            "교통총점":"NA",
            "백화점":0,
            "아울렛몰":0,
            "대형마트":0,
            "은행":0,
            "병원":0,
            "종합병원":80,
            "공원":0,
            "혐오시설":0,
            "인프라총점":16.0,
            "초등학군":89.55,
            "중학군":46.74,
            "학군총점":55.302,
            "인구수":10.19,
            "인구증감":1.16,
            "인구총점":7.481,
            "일자리":5,
            "소득수준":67.09,
            "일자리총점":23.627,
            "가치 총점":22.5005,
            "매매실거래년":20210626.0,
            "매매실거래가":1100.0,
            "전세실거래년":20190916.0,
            "전세실거래가":1000.0,
            "전세가율":90.91,
            "장기전세가율평균":"NA",
            "전세가율거품지수":"NA",
            "검색코드":126453,
            "세대수":180,
            "준공년월":"1991-12-19",
            "준공년차":32,
            "가까운역이름":"NA",
            "가까운역거리":"NA",
            "역세권여부":"NA",
            "30분이내주요거점역":"NA",
            "1시간이내주요거점역":"NA",
            "3km이내백화점수":0,
            "5km이내아울렛몰수":0,
            "1km이내대형먀트수":0,
            "500m이내은행수":0,
            "500m이내병원수":0,
            "5km이내대형병원수":1,
            "500m이내공원수":0,
            "3km이내혐오시설수":0,
            "초등학교학업성취도":89.55,
            "중학교학업성취도":77.9,
            "용적률":0,
            "건폐율":0,
            "Y":36.571942,
            "X":126.654197,
            "rank":26.0,
            "area_info":"12평(40.17)",
            "last_sales":"2021-06-26,1100.0,12평(40.17)"
        }
    ]
}