{
    "schema":{
        "fields":[
            {
                "name":"index",
                "type":"integer"
            },
            {
                "name":"아파트명",
                "type":"string"
            },
            {
                "name":"투자타입",
                "type":"string"
            },
            {
                "name":"전용면적(m2)",
                "type":"string"
            },
            {
                "name":"전용면적(평)",
                "type":"string"
            },
            {
                "name":"법정동주소",
                "type":"string"
            },
            {
                "name":"도로명주소",
                "type":"string"
            },
            {
                "name":"세대수",
                "type":"integer"
            },
            {
                "name":"입주년차",
                "type":"string"
            },
            {
                "name":"용적률점수",
                "type":"string"
            },
            {
                "name":"건폐율점수",
                "type":"string"
            },
            {
                "name":"세대당주차수",
                "type":"string"
            },
            {
                "name":"난방방식",
                "type":"string"
            },
            {
                "name":"공급면적",
                "type":"string"
            },
            {
                "name":"전용률",
                "type":"string"
            },
            {
                "name":"욕실수",
                "type":"string"
            },
            {
                "name":"현관타입",
                "type":"string"
            },
            {
                "name":"주거총점",
                "type":"number"
            },
            {
                "name":"지역구공급총점",
                "type":"number"
            },
            {
                "name":"역세권",
                "type":"string"
            },
            {
                "name":"30분내 이동가능 거점",
                "type":"string"
            },
            {
                "name":"1시간내 이동가능 거점",
                "type":"string"
            },
            {
                "name":"교통총점",
                "type":"string"
            },
            {
                "name":"백화점",
                "type":"integer"
            },
            {
                "name":"아울렛몰",
                "type":"integer"
            },
            {
                "name":"대형마트",
                "type":"integer"
            },
            {
                "name":"은행",
                "type":"integer"
            },
            {
                "name":"병원",
                "type":"integer"
            },
            {
                "name":"종합병원",
                "type":"integer"
            },
            {
                "name":"공원",
                "type":"integer"
            },
            {
                "name":"혐오시설",
                "type":"integer"
            },
            {
                "name":"인프라총점",
                "type":"number"
            },
            {
                "name":"초등학군",
                "type":"number"
            },
            {
                "name":"중학군",
                "type":"number"
            },
            {
                "name":"학군총점",
                "type":"number"
            },
            {
                "name":"인구수",
                "type":"number"
            },
            {
                "name":"인구증감",
                "type":"number"
            },
            {
                "name":"인구총점",
                "type":"number"
            },
            {
                "name":"일자리",
                "type":"number"
            },
            {
                "name":"소득수준",
                "type":"number"
            },
            {
                "name":"일자리총점",
                "type":"number"
            },
            {
                "name":"가치 총점",
                "type":"number"
            },
            {
                "name":"매매실거래년",
                "type":"string"
            },
            {
                "name":"매매실거래가",
                "type":"number"
            },
            {
                "name":"전세실거래년",
                "type":"number"
            },
            {
                "name":"전세실거래가",
                "type":"number"
            },
            {
                "name":"전세가율",
                "type":"number"
            },
            {
                "name":"장기전세가율평균",
                "type":"number"
            },
            {
                "name":"전세가율거품지수",
                "type":"number"
            },
            {
                "name":"검색코드",
                "type":"integer"
            },
            {
                "name":"세대수",
                "type":"number"
            },
            {
                "name":"준공년월",
                "type":"string"
            },
            {
                "name":"준공년차",
                "type":"number"
            },
            {
                "name":"가까운역이름",
                "type":"string"
            },
            {
                "name":"가까운역거리",
                "type":"string"
            },
            {
                "name":"역세권여부",
                "type":"string"
            },
            {
                "name":"30분이내주요거점역",
                "type":"string"
            },
            {
                "name":"1시간이내주요거점역",
                "type":"string"
            },
            {
                "name":"3km이내백화점수",
                "type":"integer"
            },
            {
                "name":"5km이내아울렛몰수",
                "type":"integer"
            },
            {
                "name":"1km이내대형먀트수",
                "type":"integer"
            },
            {
                "name":"500m이내은행수",
                "type":"integer"
            },
            {
                "name":"500m이내병원수",
                "type":"integer"
            },
            {
                "name":"5km이내대형병원수",
                "type":"integer"
            },
            {
                "name":"500m이내공원수",
                "type":"integer"
            },
            {
                "name":"3km이내혐오시설수",
                "type":"integer"
            },
            {
                "name":"초등학교학업성취도",
                "type":"number"
            },
            {
                "name":"중학교학업성취도",
                "type":"number"
            },
            {
                "name":"용적률",
                "type":"integer"
            },
            {
                "name":"건폐율",
                "type":"integer"
            },
            {
                "name":"Y",
                "type":"number"
            },
            {
                "name":"X",
                "type":"number"
            },
            {
                "name":"rank",
                "type":"number"
            },
            {
                "name":"area_info",
                "type":"string"
            },
            {
                "name":"last_sales",
                "type":"string"
            }
        ],
        "primaryKey":[
            "index"
        ],
        "pandas_version":"1.4.0"
    },
    "data":[
        {
            "index":466,
            "아파트명":"위브어울림",
            "투자타입":"일반",
            "전용면적(m2)":"80.64",
            "전용면적(평)":"24평",
            "법정동주소":"전라북도 전주시 덕진구 인후동1가 1033",
            "도로명주소":"전라북도 전주시 덕진구 견훤로 333",
            "세대수":100,
            "입주년차":40,
            "용적률점수":"--",
            "건폐율점수":"--",
            "세대당주차수":30,
            "난방방식":30,
            "공급면적":"--",
            "전용률":"--",
            "욕실수":100,
            "현관타입":100,
            "주거총점":70.5,
            "지역구공급총점":100.0,
            "역세권":"NA",
            "30분내 이동가능 거점":"NA",
            "1시간내 이동가능 거점":"NA",
            "교통총점":"NA",
            "백화점":100,
            "아울렛몰":0,
            "대형마트":80,
            "은행":0,
            "병원":10,
            "종합병원":100,
            "공원":100,
            "혐오시설":0,
            "인프라총점":66.0,
            "초등학군":84.57,
            "중학군":50.82,
            "학군총점":57.57,
            "인구수":35.49,
            "인구증감":-1.97,
            "인구총점":24.252,
            "일자리":6.1,
            "소득수준":56.99,
            "일자리총점":21.367,
            "가치 총점":65.4675,
            "매매실거래년":20211223.0,
            "매매실거래가":42800.0,
            "전세실거래년":20210926.0,
            "전세실거래가":21000.0,
            "전세가율":79.85,
            "장기전세가율평균":81.44,
            "전세가율거품지수":1.59,
            "검색코드":19540,
            "세대수":1549.0,
            "준공년월":"2007-01-24",
            "준공년차":16.0,
            "가까운역이름":"NA",
            "가까운역거리":"NA",
            "역세권여부":"NA",
            "30분이내주요거점역":"NA",
            "1시간이내주요거점역":"NA",
            "3km이내백화점수":1,
            "5km이내아울렛몰수":0,
            "1km이내대형먀트수":1,
            "500m이내은행수":0,
            "500m이내병원수":2,
            "5km이내대형병원수":5,
            "500m이내공원수":7,
            "3km이내혐오시설수":0,
            "초등학교학업성취도":84.57,
            "중학교학업성취도":84.3,
            "용적률":248,
            "건폐율":16,
            "Y":35.841221,
            "X":127.153369,
            "rank":1.0,
            "area_info":"24평(80.64), 24평(80.51), 24평(80.33), 33평(109.76), 33평(109.76), 33평(110.21), 33평(110.21), 45평(149.53), 45평(149.21), 45평(149.03), 45평(150.51), 52평(172.71), 52평(172.55), 52평(172.14)",
            "last_sales":"2021-12-23,42800.0,52평(172.14)"
        },
        {
            "index":188,
            "아파트명":"송천센트럴파크2단지",
            "투자타입":"일반",
            "전용면적(m2)":"105.86",
            "전용면적(평)":"32평",
            "법정동주소":"전라북도 전주시 덕진구 송천동1가 308-1",
            "도로명주소":"전라북도 전주시 덕진구 호반로 11",
            "세대수":50,
            "입주년차":40,
            "용적률점수":"--",
            "건폐율점수":"--",
            "세대당주차수":80,
            "난방방식":30,
            "공급면적":"--",
            "전용률":"--",
            "욕실수":100,
            "현관타입":100,
            "주거총점":60.5,
            "지역구공급총점":100.0,
            "역세권":"NA",
            "30분내 이동가능 거점":"NA",
            "1시간내 이동가능 거점":"NA",
            "교통총점":"NA",
            "백화점":100,
            "아울렛몰":0,
            "대형마트":80,
            "은행":70,
            "병원":30,
            "종합병원":100,
            "공원":100,
            "혐오시설":0,
            "인프라총점":75.0,
            "초등학군":86.97,
            "중학군":48.4,
            "학군총점":56.114,
            "인구수":35.49,
            "인구증감":-1.97,
            "인구총점":24.252,
            "일자리":6.1,
            "소득수준":56.99,
            "일자리총점":21.367,
            "가치 총점":65.2035,
            "매매실거래년":20220112.0,
            "매매실거래가":47000.0,
            "전세실거래년":20210917.0,
            "전세실거래가":26000.0,
            "전세가율":78.79,
            "장기전세가율평균":81.44,
            "전세가율거품지수":2.65,
            "검색코드":25377,
            "세대수":468.0,
            "준공년월":"2008-01-11",
            "준공년차":15.0,
            "가까운역이름":"NA",
            "가까운역거리":"NA",
            "역세권여부":"NA",
            "30분이내주요거점역":"NA",
            "1시간이내주요거점역":"NA",
            "3km이내백화점수":1,
            "5km이내아울렛몰수":0,
            "1km이내대형먀트수":1,
            "500m이내은행수":3,
            "500m이내병원수":5,
            "5km이내대형병원수":5,
            "500m이내공원수":3,
            "3km이내혐오시설수":0,
            "초등학교학업성취도":86.97,
            "중학교학업성취도":79.8,
            "용적률":229,
            "건폐율":20,
            "Y":35.854238,
            "X":127.117316,
            "rank":2.0,
            "area_info":"32평(105.86), 38평(125.68), 38평(127.36), 45평(149.36)",
            "last_sales":"2022-01-12,47000.0,38평(127.36)"
        },
        {
            "index":183,
            "아파트명":"송천센트럴파크1단지",
            "투자타입":"일반",
            "전용면적(m2)":"115.34",
            "전용면적(평)":"34평",
            "법정동주소":"전라북도 전주시 덕진구 송천동1가 292-7",
            "도로명주소":"전라북도 전주시 덕진구 송천로 1",
            "세대수":50,
            "입주년차":40,
            "용적률점수":"--",
            "건폐율점수":"--",
            "세대당주차수":80,
            "난방방식":30,
            "공급면적":"--",
            "전용률":"--",
            "욕실수":100,
            "현관타입":100,
            "주거총점":60.5,
            "지역구공급총점":100.0,
            "역세권":"NA",
            "30분내 이동가능 거점":"NA",
            "1시간내 이동가능 거점":"NA",
            "교통총점":"NA",
            "백화점":100,
            "아울렛몰":0,
            "대형마트":80,
            "은행":70,
            "병원":30,
            "종합병원":100,
            "공원":100,
            "혐오시설":0,
            "인프라총점":75.0,
            "초등학군":86.97,
            "중학군":48.4,
            "학군총점":56.114,
            "인구수":35.49,
            "인구증감":-1.97,
            "인구총점":24.252,
            "일자리":6.1,
            "소득수준":56.99,
            "일자리총점":21.367,
            "가치 총점":65.2035,
            "매매실거래년":20211231.0,
            "매매실거래가":45500.0,
            "전세실거래년":20191227.0,
            "전세실거래가":22000.0,
            "전세가율":59.78,
            "장기전세가율평균":81.44,
            "전세가율거품지수":21.66,
            "검색코드":25378,
            "세대수":520.0,
            "준공년월":"2008-04-25",
            "준공년차":15.0,
            "가까운역이름":"NA",
            "가까운역거리":"NA",
            "역세권여부":"NA",
            "30분이내주요거점역":"NA",
            "1시간이내주요거점역":"NA",
            "3km이내백화점수":1,
            "5km이내아울렛몰수":0,
            "1km이내대형먀트수":1,
            "500m이내은행수":3,
            "500m이내병원수":5,
            "5km이내대형병원수":5,
            "500m이내공원수":3,
            "3km이내혐오시설수":0,
            "초등학교학업성취도":86.97,
            "중학교학업성취도":79.8,
            "용적률":384,
            "건폐율":69,
            "Y":35.853762,
            "X":127.118727,
            "rank":2.0,
            "area_info":"34평(115.34), 39평(131.08), 43평(144.61), 55평(184.36), 71평(234.77)",
            "last_sales":"2021-12-31,45500.0,43평(144.61)"
        },
        {
            "index":492,
            "아파트명":"인후한신휴플러스",
            "투자타입":"일반",
            "전용면적(m2)":"79.46",
            "전용면적(평)":"24평",
            "법정동주소":"전라북도 전주시 덕진구 인후동1가 1029",
            "도로명주소":"전라북도 전주시 덕진구 안덕원로 251",
            "세대수":90,
            "입주년차":40,
            "용적률점수":"--",
            "건폐율점수":"--",
            "세대당주차수":30,
            "난방방식":30,
            "공급면적":"--",
            "전용률":"--",
            "욕실수":100,
            "현관타입":100,
            "주거총점":67.0,
            "지역구공급총점":100.0,
            "역세권":"NA",
            "30분내 이동가능 거점":"NA",
            "1시간내 이동가능 거점":"NA",
            "교통총점":"NA",
            "백화점":100,
            "아울렛몰":0,
            "대형마트":0,
            "은행":20,
            "병원":60,
            "종합병원":100,
            "공원":100,
            "혐오시설":0,
            "인프라총점":61.0,
            "초등학군":88.14,
            "중학군":50.82,
            "학군총점":58.284,
            "인구수":35.49,
            "인구증감":-1.97,
            "인구총점":24.252,
            "일자리":6.1,
            "소득수준":56.99,
            "일자리총점":21.367,
            "가치 총점":62.421,
            "매매실거래년":20211015.0,
            "매매실거래가":54000.0,
            "전세실거래년":20151127.0,
            "전세실거래가":17500.0,
            "전세가율":89.74,
            "장기전세가율평균":81.44,
            "전세가율거품지수":-8.3,
            "검색코드":19287,
            "세대수":1236.0,
            "준공년월":"2006-11-17",
            "준공년차":17.0,
            "가까운역이름":"NA",
            "가까운역거리":"NA",
            "역세권여부":"NA",
            "30분이내주요거점역":"NA",
            "1시간이내주요거점역":"NA",
            "3km이내백화점수":1,
            "5km이내아울렛몰수":0,
            "1km이내대형먀트수":0,
            "500m이내은행수":2,
            "500m이내병원수":18,
            "5km이내대형병원수":5,
            "500m이내공원수":7,
            "3km이내혐오시설수":0,
            "초등학교학업성취도":88.14,
            "중학교학업성취도":84.3,
            "용적률":247,
            "건폐율":18,
            "Y":35.838617,
            "X":127.154703,
            "rank":3.0,
            "area_info":"24평(79.46), 25평(83.69), 32평(108.44), 33평(111.65), 33평(112.02), 43평(143.46), 57평(191.27)",
            "last_sales":"2021-10-15,54000.0,57평(191.27)"
        },
        {
            "index":510,
            "아파트명":"건지산이지움",
            "투자타입":"일반",
            "전용면적(m2)":"83.72",
            "전용면적(평)":"25평",
            "법정동주소":"전라북도 전주시 덕진구 인후동2가 1561-1",
            "도로명주소":"전라북도 전주시 덕진구 백동2길 11",
            "세대수":30,
            "입주년차":80,
            "용적률점수":"--",
            "건폐율점수":"--",
            "세대당주차수":30,
            "난방방식":30,
            "공급면적":"--",
            "전용률":"--",
            "욕실수":100,
            "현관타입":100,
            "주거총점":54.0,
            "지역구공급총점":100.0,
            "역세권":"NA",
            "30분내 이동가능 거점":"NA",
            "1시간내 이동가능 거점":"NA",
            "교통총점":"NA",
            "백화점":100,
            "아울렛몰":0,
            "대형마트":80,
            "은행":0,
            "병원":60,
            "종합병원":100,
            "공원":100,
            "혐오시설":0,
            "인프라총점":71.0,
            "초등학군":90.44,
            "중학군":50.82,
            "학군총점":58.744,
            "인구수":35.49,
            "인구증감":-1.97,
            "인구총점":24.252,
            "일자리":6.1,
            "소득수준":56.99,
            "일자리총점":21.367,
            "가치 총점":61.986,
            "매매실거래년":20211214.0,
            "매매실거래가":28000.0,
            "전세실거래년":20200202.0,
            "전세실거래가":19000.0,
            "전세가율":65.07,
            "장기전세가율평균":81.44,
            "전세가율거품지수":16.37,
            "검색코드":108795,
            "세대수":371.0,
            "준공년월":"2016-08-30",
            "준공년차":7.0,
            "가까운역이름":"NA",
            "가까운역거리":"NA",
            "역세권여부":"NA",
            "30분이내주요거점역":"NA",
            "1시간이내주요거점역":"NA",
            "3km이내백화점수":1,
            "5km이내아울렛몰수":0,
            "1km이내대형먀트수":1,
            "500m이내은행수":1,
            "500m이내병원수":16,
            "5km이내대형병원수":5,
            "500m이내공원수":2,
            "3km이내혐오시설수":0,
            "초등학교학업성취도":90.44,
            "중학교학업성취도":84.3,
            "용적률":229,
            "건폐율":21,
            "Y":35.846099,
            "X":127.147497,
            "rank":4.0,
            "area_info":"25평(83.72), 25평(83.79), 25평(84.44), 25평(84.03), 25평(84.46)",
            "last_sales":"2021-12-14,28000.0,25평(84.03)"
        },
        {
            "index":156,
            "아파트명":"벽산e-리버파크",
            "투자타입":"일반",
            "전용면적(m2)":"110.86",
            "전용면적(평)":"33평",
            "법정동주소":"전라북도 전주시 덕진구 송천동1가 873",
            "도로명주소":"전라북도 전주시 덕진구 송천3길 55",
            "세대수":50,
            "입주년차":60,
            "용적률점수":"--",
            "건폐율점수":"--",
            "세대당주차수":30,
            "난방방식":30,
            "공급면적":"--",
            "전용률":"--",
            "욕실수":100,
            "현관타입":100,
            "주거총점":57.0,
            "지역구공급총점":100.0,
            "역세권":"NA",
            "30분내 이동가능 거점":"NA",
            "1시간내 이동가능 거점":"NA",
            "교통총점":"NA",
            "백화점":100,
            "아울렛몰":0,
            "대형마트":80,
            "은행":0,
            "병원":60,
            "종합병원":100,
            "공원":100,
            "혐오시설":0,
            "인프라총점":71.0,
            "초등학군":90.18,
            "중학군":37.44,
            "학군총점":47.988,
            "인구수":35.49,
            "인구증감":-1.97,
            "인구총점":24.252,
            "일자리":6.1,
            "소득수준":56.99,
            "일자리총점":21.367,
            "가치 총점":60.347,
            "매매실거래년":20220105.0,
            "매매실거래가":31000.0,
            "전세실거래년":20211025.0,
            "전세실거래가":24000.0,
            "전세가율":77.42,
            "장기전세가율평균":81.44,
            "전세가율거품지수":4.02,
            "검색코드":106691,
            "세대수":464.0,
            "준공년월":"2013-10-08",
            "준공년차":10.0,
            "가까운역이름":"NA",
            "가까운역거리":"NA",
            "역세권여부":"NA",
            "30분이내주요거점역":"NA",
            "1시간이내주요거점역":"NA",
            "3km이내백화점수":1,
            "5km이내아울렛몰수":0,
            "1km이내대형먀트수":1,
            "500m이내은행수":1,
            "500m이내병원수":16,
            "5km이내대형병원수":3,
            "500m이내공원수":2,
            "3km이내혐오시설수":0,
            "초등학교학업성취도":90.18,
            "중학교학업성취도":62.4,
            "용적률":228,
            "건폐율":23,
            "Y":35.859491,
            "X":127.115829,
            "rank":5.0,
            "area_info":"33평(110.86), 33평(110.09), 33평(110.49)",
            "last_sales":"2022-01-05,31000.0,33평(110.86)"
        },
        {
            "index":47,
            "아파트명":"덕진엘르디움",
            "투자타입":"일반",
            "전용면적(m2)":"98.76",
            "전용면적(평)":"29평",
            "법정동주소":"전라북도 전주시 덕진구 덕진동2가 726",
            "도로명주소":"전라북도 전주시 덕진구 호반6길 26-5",
            "세대수":0,
            "입주년차":80,
            "용적률점수":"--",
            "건폐율점수":"--",
            "세대당주차수":30,
            "난방방식":30,
            "공급면적":"--",
            "전용률":"--",
            "욕실수":100,
            "현관타입":100,
            "주거총점":43.5,
            "지역구공급총점":100.0,
            "역세권":"NA",
            "30분내 이동가능 거점":"NA",
            "1시간내 이동가능 거점":"NA",
            "교통총점":"NA",
            "백화점":100,
            "아울렛몰":0,
            "대형마트":80,
            "은행":70,
            "병원":30,
            "종합병원":100,
            "공원":100,
            "혐오시설":0,
            "인프라총점":75.0,
            "초등학군":86.97,
            "중학군":48.4,
            "학군총점":56.114,
            "인구수":35.49,
            "인구증감":-1.97,
            "인구총점":24.252,
            "일자리":6.1,
            "소득수준":56.99,
            "일자리총점":21.367,
            "가치 총점":59.2535,
            "매매실거래년":20211229.0,
            "매매실거래가":21400.0,
            "전세실거래년":20181017.0,
            "전세실거래가":17000.0,
            "전세가율":79.44,
            "장기전세가율평균":81.44,
            "전세가율거품지수":2.0,
            "검색코드":112828,
            "세대수":118.0,
            "준공년월":"2015-07-28",
            "준공년차":8.0,
            "가까운역이름":"NA",
            "가까운역거리":"NA",
            "역세권여부":"NA",
            "30분이내주요거점역":"NA",
            "1시간이내주요거점역":"NA",
            "3km이내백화점수":1,
            "5km이내아울렛몰수":0,
            "1km이내대형먀트수":1,
            "500m이내은행수":3,
            "500m이내병원수":5,
            "5km이내대형병원수":5,
            "500m이내공원수":3,
            "3km이내혐오시설수":0,
            "초등학교학업성취도":86.97,
            "중학교학업성취도":79.8,
            "용적률":221,
            "건폐율":26,
            "Y":35.85231,
            "X":127.118721,
            "rank":6.0,
            "area_info":"29평(98.76), 30평(101.05)",
            "last_sales":"2021-12-29,21400.0,30평(101.05)"
        },
        {
            "index":408,
            "아파트명":"전주우아한시티",
            "투자타입":"일반",
            "전용면적(m2)":"79.33",
            "전용면적(평)":"23평",
            "법정동주소":"전라북도 전주시 덕진구 우아동3가 747-81번지 일원",
            "도로명주소":"전라북도 전주시 덕진구 우아로 33",
            "세대수":90,
            "입주년차":100,
            "용적률점수":"--",
            "건폐율점수":"--",
            "세대당주차수":60,
            "난방방식":30,
            "공급면적":"--",
            "전용률":"--",
            "욕실수":100,
            "현관타입":100,
            "주거총점":83.5,
            "지역구공급총점":100.0,
            "역세권":"NA",
            "30분내 이동가능 거점":"NA",
            "1시간내 이동가능 거점":"NA",
            "교통총점":"NA",
            "백화점":0,
            "아울렛몰":0,
            "대형마트":80,
            "은행":0,
            "병원":30,
            "종합병원":100,
            "공원":100,
            "혐오시설":0,
            "인프라총점":38.0,
            "초등학군":88.36,
            "중학군":44.82,
            "학군총점":53.528,
            "인구수":35.49,
            "인구증감":-1.97,
            "인구총점":24.252,
            "일자리":6.1,
            "소득수준":56.99,
            "일자리총점":21.367,
            "가치 총점":57.807,
            "매매실거래년":20210809.0,
            "매매실거래가":35920.0,
            "전세실거래년":null,
            "전세실거래가":null,
            "전세가율":null,
            "장기전세가율평균":81.44,
            "전세가율거품지수":null,
            "검색코드":125767,
            "세대수":998.0,
            "준공년월":"2021-09-01",
            "준공년차":2.0,
            "가까운역이름":"NA",
            "가까운역거리":"NA",
            "역세권여부":"NA",
            "30분이내주요거점역":"NA",
            "1시간이내주요거점역":"NA",
            "3km이내백화점수":0,
            "5km이내아울렛몰수":0,
            "1km이내대형먀트수":1,
            "500m이내은행수":1,
            "500m이내병원수":8,
            "5km이내대형병원수":5,
            "500m이내공원수":8,
            "3km이내혐오시설수":0,
            "초등학교학업성취도":88.36,
            "중학교학업성취도":74.7,
            "용적률":241,
            "건폐율":18,
            "Y":35.850755,
            "X":127.15456,
            "rank":7.0,
            "area_info":"23평(79.33), 29평(98.6), 30평(99.24), 32평(107.25), 32평(108.04), 32평(108.26), 43평(143.38), 43평(143.66)",
            "last_sales":"2021-08-09,35920.0,32평(108.04)"
        },
        {
            "index":208,
            "아파트명":"송천웰가(도시형)",
            "투자타입":"일반",
            "전용면적(m2)":"51.13",
            "전용면적(평)":"15평",
            "법정동주소":"전라북도 전주시 덕진구 송천동1가 350-4",
            "도로명주소":"전라북도 전주시 덕진구 송천중앙로 85",
            "세대수":0,
            "입주년차":80,
            "용적률점수":"--",
            "건폐율점수":"--",
            "세대당주차수":0,
            "난방방식":30,
            "공급면적":"--",
            "전용률":"--",
            "욕실수":50,
            "현관타입":100,
            "주거총점":34.0,
            "지역구공급총점":100.0,
            "역세권":"NA",
            "30분내 이동가능 거점":"NA",
            "1시간내 이동가능 거점":"NA",
            "교통총점":"NA",
            "백화점":100,
            "아울렛몰":0,
            "대형마트":80,
            "은행":70,
            "병원":60,
            "종합병원":100,
            "공원":100,
            "혐오시설":0,
            "인프라총점":78.0,
            "초등학군":86.97,
            "중학군":48.4,
            "학군총점":56.114,
            "인구수":35.49,
            "인구증감":-1.97,
            "인구총점":24.252,
            "일자리":6.1,
            "소득수준":56.99,
            "일자리총점":21.367,
            "가치 총점":57.1285,
            "매매실거래년":20210913.0,
            "매매실거래가":10300.0,
            "전세실거래년":20210913.0,
            "전세실거래가":10300.0,
            "전세가율":100.0,
            "장기전세가율평균":81.44,
            "전세가율거품지수":-18.56,
            "검색코드":112427,
            "세대수":116.0,
            "준공년월":"2015-08-12",
            "준공년차":8.0,
            "가까운역이름":"NA",
            "가까운역거리":"NA",
            "역세권여부":"NA",
            "30분이내주요거점역":"NA",
            "1시간이내주요거점역":"NA",
            "3km이내백화점수":1,
            "5km이내아울렛몰수":0,
            "1km이내대형먀트수":1,
            "500m이내은행수":3,
            "500m이내병원수":10,
            "5km이내대형병원수":5,
            "500m이내공원수":3,
            "3km이내혐오시설수":0,
            "초등학교학업성취도":86.97,
            "중학교학업성취도":79.8,
            "용적률":592,
            "건폐율":69,
            "Y":35.854768,
            "X":127.119524,
            "rank":8.0,
            "area_info":"15평(51.13), 22평(73.15), 22평(73.12)",
            "last_sales":"2021-09-13,10300.0,15평(51.13)"
        },
        {
            "index":53,
            "아파트명":"영무예다음",
            "투자타입":"일반",
            "전용면적(m2)":"79.8",
            "전용면적(평)":"24평",
            "법정동주소":"전라북도 전주시 덕진구 덕진동2가 696",
            "도로명주소":"전라북도 전주시 덕진구 가련산로 24",
            "세대수":50,
            "입주년차":60,
            "용적률점수":"--",
            "건폐율점수":"--",
            "세대당주차수":30,
            "난방방식":30,
            "공급면적":"--",
            "전용률":"--",
            "욕실수":100,
            "현관타입":100,
            "주거총점":57.0,
            "지역구공급총점":100.0,
            "역세권":"NA",
            "30분내 이동가능 거점":"NA",
            "1시간내 이동가능 거점":"NA",
            "교통총점":"NA",
            "백화점":100,
            "아울렛몰":0,
            "대형마트":0,
            "은행":0,
            "병원":30,
            "종합병원":100,
            "공원":100,
            "혐오시설":0,
            "인프라총점":56.0,
            "초등학군":85.08,
            "중학군":48.98,
            "학군총점":56.2,
            "인구수":35.49,
            "인구증감":-1.97,
            "인구총점":24.252,
            "일자리":6.1,
            "소득수준":56.99,
            "일자리총점":21.367,
            "가치 총점":56.4,
            "매매실거래년":20211228.0,
            "매매실거래가":23000.0,
            "전세실거래년":20211216.0,
            "전세실거래가":20000.0,
            "전세가율":111.11,
            "장기전세가율평균":81.44,
            "전세가율거품지수":-29.67,
            "검색코드":101338,
            "세대수":601.0,
            "준공년월":"2009-12-14",
            "준공년차":14.0,
            "가까운역이름":"NA",
            "가까운역거리":"NA",
            "역세권여부":"NA",
            "30분이내주요거점역":"NA",
            "1시간이내주요거점역":"NA",
            "3km이내백화점수":1,
            "5km이내아울렛몰수":0,
            "1km이내대형먀트수":0,
            "500m이내은행수":1,
            "500m이내병원수":8,
            "5km이내대형병원수":4,
            "500m이내공원수":6,
            "3km이내혐오시설수":0,
            "초등학교학업성취도":85.08,
            "중학교학업성취도":81.1,
            "용적률":193,
            "건폐율":27,
            "Y":35.840441,
            "X":127.111414,
            "rank":9.0,
            "area_info":"24평(79.8), 24평(80.55), 24평(81.32)",
            "last_sales":"2021-12-28,23000.0,24평(80.55)"
        },
        {
            "index":520,
            "아파트명":"인후에버파크",
            "투자타입":"일반",
            "전용면적(m2)":"77.69",
            "전용면적(평)":"23평",
            "법정동주소":"전라북도 전주시 덕진구 인후동2가 1614",
            "도로명주소":"전라북도 전주시 덕진구 심방죽6길 8",
            "세대수":0,
            "입주년차":80,
            "용적률점수":"--",
            "건폐율점수":"--",
            "세대당주차수":30,
            "난방방식":30,
            "공급면적":"--",
            "전용률":"--",
            "욕실수":100,
            "현관타입":100,
            "주거총점":43.5,
            "지역구공급총점":100.0,
            "역세권":"NA",
            "30분내 이동가능 거점":"NA",
            "1시간내 이동가능 거점":"NA",
            "교통총점":"NA",
            "백화점":100,
            "아울렛몰":0,
            "대형마트":80,
            "은행":0,
            "병원":0,
            "종합병원":100,
            "공원":100,
            "혐오시설":0,
            "인프라총점":65.0,
            "초등학군":88.14,
            "중학군":50.82,
            "학군총점":58.284,
            "인구수":35.49,
            "인구증감":-1.97,
            "인구총점":24.252,
            "일자리":6.1,
            "소득수준":56.99,
            "일자리총점":21.367,
            "가치 총점":55.796,
            "매매실거래년":20220112.0,
            "매매실거래가":19000.0,
            "전세실거래년":20211202.0,
            "전세실거래가":16000.0,
            "전세가율":84.21,
            "장기전세가율평균":81.44,
            "전세가율거품지수":-2.77,
            "검색코드":108410,
            "세대수":250.0,
            "준공년월":"2016-07-08",
            "준공년차":7.0,
            "가까운역이름":"NA",
            "가까운역거리":"NA",
            "역세권여부":"NA",
            "30분이내주요거점역":"NA",
            "1시간이내주요거점역":"NA",
            "3km이내백화점수":1,
            "5km이내아울렛몰수":0,
            "1km이내대형먀트수":1,
            "500m이내은행수":0,
            "500m이내병원수":1,
            "5km이내대형병원수":5,
            "500m이내공원수":6,
            "3km이내혐오시설수":0,
            "초등학교학업성취도":88.14,
            "중학교학업성취도":84.3,
            "용적률":215,
            "건폐율":23,
            "Y":35.840846,
            "X":127.150466,
            "rank":10.0,
            "area_info":"23평(77.69), 25평(83.3), 25평(83.08), 26평(88.0), 30평(101.35)",
            "last_sales":"2022-01-12,19000.0,23평(77.69)"
        },
        {
            "index":499,
            "아파트명":"전주인후휴먼시아",
            "투자타입":"일반",
            "전용면적(m2)":"82.56",
            "전용면적(평)":"24평",
            "법정동주소":"전라북도 전주시 덕진구 인후동1가 1035",
            "도로명주소":"전라북도 전주시 덕진구 팽나무2길 7",
            "세대수":50,
            "입주년차":40,
            "용적률점수":"--",
            "건폐율점수":"--",
            "세대당주차수":0,
            "난방방식":30,
            "공급면적":"--",
            "전용률":"--",
            "욕실수":100,
            "현관타입":100,
            "주거총점":48.5,
            "지역구공급총점":100.0,
            "역세권":"NA",
            "30분내 이동가능 거점":"NA",
            "1시간내 이동가능 거점":"NA",
            "교통총점":"NA",
            "백화점":100,
            "아울렛몰":0,
            "대형마트":0,
            "은행":20,
            "병원":60,
            "종합병원":100,
            "공원":80,
            "혐오시설":0,
            "인프라총점":60.4,
            "초등학군":88.14,
            "중학군":50.82,
            "학군총점":58.284,
            "인구수":35.49,
            "인구증감":-1.97,
            "인구총점":24.252,
            "일자리":6.1,
            "소득수준":56.99,
            "일자리총점":21.367,
            "가치 총점":55.706,
            "매매실거래년":20211214.0,
            "매매실거래가":18200.0,
            "전세실거래년":20200905.0,
            "전세실거래가":16000.0,
            "전세가율":87.91,
            "장기전세가율평균":81.44,
            "전세가율거품지수":-6.47,
            "검색코드":101166,
            "세대수":423.0,
            "준공년월":"2008-02-22",
            "준공년차":15.0,
            "가까운역이름":"NA",
            "가까운역거리":"NA",
            "역세권여부":"NA",
            "30분이내주요거점역":"NA",
            "1시간이내주요거점역":"NA",
            "3km이내백화점수":1,
            "5km이내아울렛몰수":0,
            "1km이내대형먀트수":0,
            "500m이내은행수":2,
            "500m이내병원수":19,
            "5km이내대형병원수":5,
            "500m이내공원수":1,
            "3km이내혐오시설수":0,
            "초등학교학업성취도":88.14,
            "중학교학업성취도":84.3,
            "용적률":238,
            "건폐율":16,
            "Y":35.835786,
            "X":127.152043,
            "rank":11.0,
            "area_info":"24평(82.56), 29평(99.0), 33평(109.77)",
            "last_sales":"2021-12-14,18200.0,24평(82.56)"
        },
        {
            "index":574,
            "아파트명":"우성",
            "투자타입":"일반",
            "전용면적(m2)":"79.15",
            "전용면적(평)":"23평",
            "법정동주소":"전라북도 전주시 덕진구 진북동 416",
            "도로명주소":"전라북도 전주시 덕진구 태진로 101",
            "세대수":100,
            "입주년차":0,
            "용적률점수":"--",
            "건폐율점수":"--",
            "세대당주차수":30,
            "난방방식":80,
            "공급면적":"--",
            "전용률":"--",
            "욕실수":50,
            "현관타입":10,
            "주거총점":53.5,
            "지역구공급총점":100.0,
            "역세권":"NA",
            "30분내 이동가능 거점":"NA",
            "1시간내 이동가능 거점":"NA",
            "교통총점":"NA",
            "백화점":100,
            "아울렛몰":0,
            "대형마트":0,
            "은행":0,
            "병원":60,
            "종합병원":100,
            "공원":100,
            "혐오시설":0,
            "인프라총점":59.0,
            "초등학군":83.5,
            "중학군":45.08,
            "학군총점":52.764,
            "인구수":35.49,
            "인구증감":-1.97,
            "인구총점":24.252,
            "일자리":6.1,
            "소득수준":56.99,
            "일자리총점":21.367,
            "가치 총점":55.516,
            "매매실거래년":20220105.0,
            "매매실거래가":10500.0,
            "전세실거래년":20211229.0,
            "전세실거래가":9000.0,
            "전세가율":85.71,
            "장기전세가율평균":81.44,
            "전세가율거품지수":-4.27,
            "검색코드":5653,
            "세대수":2102.0,
            "준공년월":"1995-10-21",
            "준공년차":28.0,
            "가까운역이름":"NA",
            "가까운역거리":"NA",
            "역세권여부":"NA",
            "30분이내주요거점역":"NA",
            "1시간이내주요거점역":"NA",
            "3km이내백화점수":1,
            "5km이내아울렛몰수":0,
            "1km이내대형먀트수":0,
            "500m이내은행수":1,
            "500m이내병원수":10,
            "5km이내대형병원수":5,
            "500m이내공원수":6,
            "3km이내혐오시설수":0,
            "초등학교학업성취도":83.5,
            "중학교학업성취도":74.8,
            "용적률":394,
            "건폐율":17,
            "Y":35.831332,
            "X":127.134149,
            "rank":12.0,
            "area_info":"23평(79.15), 31평(104.95), 37평(122.82), 47평(157.25), 58평(192.49), 65평(216.85)",
            "last_sales":"2022-01-05,10500.0,23평(79.15)"
        },
        {
            "index":60,
            "아파트명":"전주덕진휴먼빌2차",
            "투자타입":"일반",
            "전용면적(m2)":"80.74",
            "전용면적(평)":"24평",
            "법정동주소":"전라북도 전주시 덕진구 덕진동2가 727",
            "도로명주소":"전라북도 전주시 덕진구 하가로 10",
            "세대수":30,
            "입주년차":80,
            "용적률점수":"--",
            "건폐율점수":"--",
            "세대당주차수":30,
            "난방방식":30,
            "공급면적":"--",
            "전용률":"--",
            "욕실수":100,
            "현관타입":100,
            "주거총점":54.0,
            "지역구공급총점":100.0,
            "역세권":"NA",
            "30분내 이동가능 거점":"NA",
            "1시간내 이동가능 거점":"NA",
            "교통총점":"NA",
            "백화점":100,
            "아울렛몰":0,
            "대형마트":0,
            "은행":0,
            "병원":30,
            "종합병원":100,
            "공원":100,
            "혐오시설":0,
            "인프라총점":56.0,
            "초등학군":86.94,
            "중학군":48.98,
            "학군총점":56.572,
            "인구수":35.49,
            "인구증감":-1.97,
            "인구총점":24.252,
            "일자리":6.1,
            "소득수준":56.99,
            "일자리총점":21.367,
            "가치 총점":55.443,
            "매매실거래년":20211217.0,
            "매매실거래가":27600.0,
            "전세실거래년":20220103.0,
            "전세실거래가":27000.0,
            "전세가율":97.83,
            "장기전세가율평균":81.44,
            "전세가율거품지수":-16.39,
            "검색코드":109541,
            "세대수":367.0,
            "준공년월":"2016-12-09",
            "준공년차":7.0,
            "가까운역이름":"NA",
            "가까운역거리":"NA",
            "역세권여부":"NA",
            "30분이내주요거점역":"NA",
            "1시간이내주요거점역":"NA",
            "3km이내백화점수":1,
            "5km이내아울렛몰수":0,
            "1km이내대형먀트수":0,
            "500m이내은행수":1,
            "500m이내병원수":9,
            "5km이내대형병원수":5,
            "500m이내공원수":3,
            "3km이내혐오시설수":0,
            "초등학교학업성취도":86.94,
            "중학교학업성취도":81.1,
            "용적률":187,
            "건폐율":45,
            "Y":35.843998,
            "X":127.11284,
            "rank":13.0,
            "area_info":"24평(80.74), 24평(80.71), 24평(81.28), 34평(112.61), 34평(112.93), 34평(114.09)",
            "last_sales":"2021-12-17,27600.0,24평(80.74)"
        },
        {
            "index":173,
            "아파트명":"서호2단지",
            "투자타입":"일반",
            "전용면적(m2)":"84.68",
            "전용면적(평)":"25평",
            "법정동주소":"전라북도 전주시 덕진구 송천동1가 329",
            "도로명주소":"전라북도 전주시 덕진구 송천로 43",
            "세대수":30,
            "입주년차":0,
            "용적률점수":"--",
            "건폐율점수":"--",
            "세대당주차수":0,
            "난방방식":30,
            "공급면적":"--",
            "전용률":"--",
            "욕실수":50,
            "현관타입":100,
            "주거총점":28.5,
            "지역구공급총점":100.0,
            "역세권":"NA",
            "30분내 이동가능 거점":"NA",
            "1시간내 이동가능 거점":"NA",
            "교통총점":"NA",
            "백화점":100,
            "아울렛몰":0,
            "대형마트":80,
            "은행":70,
            "병원":60,
            "종합병원":100,
            "공원":100,
            "혐오시설":0,
            "인프라총점":78.0,
            "초등학군":86.97,
            "중학군":48.4,
            "학군총점":56.114,
            "인구수":35.49,
            "인구증감":-1.97,
            "인구총점":24.252,
            "일자리":6.1,
            "소득수준":56.99,
            "일자리총점":21.367,
            "가치 총점":55.2035,
            "매매실거래년":20211204.0,
            "매매실거래가":11700.0,
            "전세실거래년":20220113.0,
            "전세실거래가":10500.0,
            "전세가율":89.74,
            "장기전세가율평균":81.44,
            "전세가율거품지수":-8.3,
            "검색코드":5484,
            "세대수":394.0,
            "준공년월":"1995-11-09",
            "준공년차":28.0,
            "가까운역이름":"NA",
            "가까운역거리":"NA",
            "역세권여부":"NA",
            "30분이내주요거점역":"NA",
            "1시간이내주요거점역":"NA",
            "3km이내백화점수":1,
            "5km이내아울렛몰수":0,
            "1km이내대형먀트수":1,
            "500m이내은행수":3,
            "500m이내병원수":17,
            "5km이내대형병원수":5,
            "500m이내공원수":2,
            "3km이내혐오시설수":0,
            "초등학교학업성취도":86.97,
            "중학교학업성취도":79.8,
            "용적률":0,
            "건폐율":0,
            "Y":35.857005,
            "X":127.117385,
            "rank":14.0,
            "area_info":"25평(84.68), 31평(105.65), 32평(107.59)",
            "last_sales":"2021-12-04,11700.0,25평(84.68)"
        },
        {
            "index":24,
            "아파트명":"휴엔하임",
            "투자타입":"일반",
            "전용면적(m2)":"78.55",
            "전용면적(평)":"23평",
            "법정동주소":"전라북도 전주시 덕진구 금암동 1639-1",
            "도로명주소":"전라북도 전주시 덕진구 태진로 125-30",
            "세대수":0,
            "입주년차":80,
            "용적률점수":"--",
            "건폐율점수":"--",
            "세대당주차수":30,
            "난방방식":30,
            "공급면적":"--",
            "전용률":"--",
            "욕실수":100,
            "현관타입":100,
            "주거총점":43.5,
            "지역구공급총점":100.0,
            "역세권":"NA",
            "30분내 이동가능 거점":"NA",
            "1시간내 이동가능 거점":"NA",
            "교통총점":"NA",
            "백화점":100,
            "아울렛몰":0,
            "대형마트":0,
            "은행":70,
            "병원":60,
            "종합병원":100,
            "공원":100,
            "혐오시설":0,
            "인프라총점":66.0,
            "초등학군":88.85,
            "중학군":45.08,
            "학군총점":53.834,
            "인구수":35.49,
            "인구증감":-1.97,
            "인구총점":24.252,
            "일자리":6.1,
            "소득수준":56.99,
            "일자리총점":21.367,
            "가치 총점":55.0835,
            "매매실거래년":20211208.0,
            "매매실거래가":24000.0,
            "전세실거래년":20210709.0,
            "전세실거래가":16500.0,
            "전세가율":79.33,
            "장기전세가율평균":81.44,
            "전세가율거품지수":2.11,
            "검색코드":108815,
            "세대수":240.0,
            "준공년월":"2016-11-28",
            "준공년차":7.0,
            "가까운역이름":"NA",
            "가까운역거리":"NA",
            "역세권여부":"NA",
            "30분이내주요거점역":"NA",
            "1시간이내주요거점역":"NA",
            "3km이내백화점수":1,
            "5km이내아울렛몰수":0,
            "1km이내대형먀트수":0,
            "500m이내은행수":3,
            "500m이내병원수":10,
            "5km이내대형병원수":5,
            "500m이내공원수":2,
            "3km이내혐오시설수":0,
            "초등학교학업성취도":88.85,
            "중학교학업성취도":74.8,
            "용적률":497,
            "건폐율":63,
            "Y":35.833886,
            "X":127.134284,
            "rank":15.0,
            "area_info":"23평(78.55), 30평(100.51)",
            "last_sales":"2021-12-08,24000.0,30평(100.51)"
        },
        {
            "index":276,
            "아파트명":"에코시티더샵(에코시티1BL)",
            "투자타입":"일반",
            "전용면적(m2)":"80.34",
            "전용면적(평)":"24평",
            "법정동주소":"전라북도 전주시 덕진구 송천동2가 1338",
            "도로명주소":"전라북도 전주시 덕진구 세병로 42",
            "세대수":80,
            "입주년차":80,
            "용적률점수":"--",
            "건폐율점수":"--",
            "세대당주차수":30,
            "난방방식":30,
            "공급면적":"--",
            "전용률":"--",
            "욕실수":100,
            "현관타입":100,
            "주거총점":71.5,
            "지역구공급총점":100.0,
            "역세권":"NA",
            "30분내 이동가능 거점":"NA",
            "1시간내 이동가능 거점":"NA",
            "교통총점":"NA",
            "백화점":0,
            "아울렛몰":0,
            "대형마트":80,
            "은행":0,
            "병원":60,
            "종합병원":100,
            "공원":0,
            "혐오시설":0,
            "인프라총점":38.0,
            "초등학군":76.88,
            "중학군":52.36,
            "학군총점":57.264,
            "인구수":35.49,
            "인구증감":-1.97,
            "인구총점":24.252,
            "일자리":6.1,
            "소득수준":56.99,
            "일자리총점":21.367,
            "가치 총점":54.541,
            "매매실거래년":20211222.0,
            "매매실거래가":39000.0,
            "전세실거래년":20211218.0,
            "전세실거래가":30000.0,
            "전세가율":76.92,
            "장기전세가율평균":81.44,
            "전세가율거품지수":4.52,
            "검색코드":113240,
            "세대수":724.0,
            "준공년월":"2018-01-23",
            "준공년차":5.0,
            "가까운역이름":"NA",
            "가까운역거리":"NA",
            "역세권여부":"NA",
            "30분이내주요거점역":"NA",
            "1시간이내주요거점역":"NA",
            "3km이내백화점수":0,
            "5km이내아울렛몰수":0,
            "1km이내대형먀트수":1,
            "500m이내은행수":1,
            "500m이내병원수":15,
            "5km이내대형병원수":3,
            "500m이내공원수":0,
            "3km이내혐오시설수":0,
            "초등학교학업성취도":76.88,
            "중학교학업성취도":86.2,
            "용적률":209,
            "건폐율":17,
            "Y":35.872445,
            "X":127.128855,
            "rank":16.0,
            "area_info":"24평(80.34), 24평(80.5), 34평(112.75), 34평(112.93), 34평(112.97), 34평(112.68), 34평(112.77), 34평(112.74), 34평(113.5)",
            "last_sales":"2021-12-22,39000.0,24평(80.34)"
        },
        {
            "index":303,
            "아파트명":"에코시티데시앙(4BL)",
            "투자타입":"일반",
            "전용면적(m2)":"80.34",
            "전용면적(평)":"24평",
            "법정동주소":"전라북도 전주시 덕진구 송천동2가 1311",
            "도로명주소":"전라북도 전주시 덕진구 세병로 41",
            "세대수":80,
            "입주년차":80,
            "용적률점수":"--",
            "건폐율점수":"--",
            "세대당주차수":30,
            "난방방식":30,
            "공급면적":"--",
            "전용률":"--",
            "욕실수":100,
            "현관타입":100,
            "주거총점":71.5,
            "지역구공급총점":100.0,
            "역세권":"NA",
            "30분내 이동가능 거점":"NA",
            "1시간내 이동가능 거점":"NA",
            "교통총점":"NA",
            "백화점":0,
            "아울렛몰":0,
            "대형마트":80,
            "은행":0,
            "병원":60,
            "종합병원":100,
            "공원":0,
            "혐오시설":0,
            "인프라총점":38.0,
            "초등학군":76.88,
            "중학군":52.36,
            "학군총점":57.264,
            "인구수":35.49,
            "인구증감":-1.97,
            "인구총점":24.252,
            "일자리":6.1,
            "소득수준":56.99,
            "일자리총점":21.367,
            "가치 총점":54.541,
            "매매실거래년":20211217.0,
            "매매실거래가":43800.0,
            "전세실거래년":20220104.0,
            "전세실거래가":30000.0,
            "전세가율":68.49,
            "장기전세가율평균":81.44,
            "전세가율거품지수":12.95,
            "검색코드":113206,
            "세대수":720.0,
            "준공년월":"2018-01-04",
            "준공년차":5.0,
            "가까운역이름":"NA",
            "가까운역거리":"NA",
            "역세권여부":"NA",
            "30분이내주요거점역":"NA",
            "1시간이내주요거점역":"NA",
            "3km이내백화점수":0,
            "5km이내아울렛몰수":0,
            "1km이내대형먀트수":1,
            "500m이내은행수":1,
            "500m이내병원수":16,
            "5km이내대형병원수":2,
            "500m이내공원수":0,
            "3km이내혐오시설수":0,
            "초등학교학업성취도":76.88,
            "중학교학업성취도":86.2,
            "용적률":209,
            "건폐율":15,
            "Y":35.873873,
            "X":127.129113,
            "rank":16.0,
            "area_info":"24평(80.34), 34평(112.86), 34평(112.63), 34평(113.13), 34평(113.18)",
            "last_sales":"2021-12-17,43800.0,24평(80.34)"
        },
        {
            "index":66,
            "아파트명":"전주하가휴먼빌",
            "투자타입":"일반",
            "전용면적(m2)":"109.54",
            "전용면적(평)":"33평",
            "법정동주소":"전라북도 전주시 덕진구 덕진동2가 697",
            "도로명주소":"전라북도 전주시 덕진구 가리내로 216",
            "세대수":30,
            "입주년차":60,
            "용적률점수":"--",
            "건폐율점수":"--",
            "세대당주차수":30,
            "난방방식":30,
            "공급면적":"--",
            "전용률":"--",
            "욕실수":100,
            "현관타입":100,
            "주거총점":50.0,
            "지역구공급총점":100.0,
            "역세권":"NA",
            "30분내 이동가능 거점":"NA",
            "1시간내 이동가능 거점":"NA",
            "교통총점":"NA",
            "백화점":100,
            "아울렛몰":0,
            "대형마트":0,
            "은행":0,
            "병원":30,
            "종합병원":100,
            "공원":100,
            "혐오시설":0,
            "인프라총점":56.0,
            "초등학군":85.08,
            "중학군":48.98,
            "학군총점":56.2,
            "인구수":35.49,
            "인구증감":-1.97,
            "인구총점":24.252,
            "일자리":6.1,
            "소득수준":56.99,
            "일자리총점":21.367,
            "가치 총점":53.95,
            "매매실거래년":20211216.0,
            "매매실거래가":36500.0,
            "전세실거래년":20211118.0,
            "전세실거래가":27000.0,
            "전세가율":73.97,
            "장기전세가율평균":81.44,
            "전세가율거품지수":7.47,
            "검색코드":101354,
            "세대수":331.0,
            "준공년월":"2010-04-22",
            "준공년차":13.0,
            "가까운역이름":"NA",
            "가까운역거리":"NA",
            "역세권여부":"NA",
            "30분이내주요거점역":"NA",
            "1시간이내주요거점역":"NA",
            "3km이내백화점수":1,
            "5km이내아울렛몰수":0,
            "1km이내대형먀트수":0,
            "500m이내은행수":1,
            "500m이내병원수":8,
            "5km이내대형병원수":5,
            "500m이내공원수":8,
            "3km이내혐오시설수":0,
            "초등학교학업성취도":85.08,
            "중학교학업성취도":81.1,
            "용적률":199,
            "건폐율":26,
            "Y":35.839389,
            "X":127.11302,
            "rank":17.0,
            "area_info":"33평(109.54), 32평(109.03), 33평(109.54)",
            "last_sales":"2021-12-16,36500.0,33평(109.54)"
        },
        {
            "index":342,
            "아파트명":"전주에코시티데시앙(14BL)",
            "투자타입":"일반",
            "전용면적(m2)":"102.06",
            "전용면적(평)":"30평",
            "법정동주소":"전라북도 전주시 덕진구 송천동2가 1296",
            "도로명주소":"전라북도 전주시 덕진구 세병로 210",
            "세대수":80,
            "입주년차":100,
            "용적률점수":"--",
            "건폐율점수":"--",
            "세대당주차수":60,
            "난방방식":30,
            "공급면적":"--",
            "전용률":"--",
            "욕실수":100,
            "현관타입":100,
            "주거총점":80.0,
            "지역구공급총점":100.0,
            "역세권":"NA",
            "30분내 이동가능 거점":"NA",
            "1시간내 이동가능 거점":"NA",
            "교통총점":"NA",
            "백화점":0,
            "아울렛몰":0,
            "대형마트":0,
            "은행":0,
            "병원":30,
            "종합병원":100,
            "공원":80,
            "혐오시설":0,
            "인프라총점":25.4,
            "초등학군":100.0,
            "중학군":52.36,
            "학군총점":61.888,
            "인구수":35.49,
            "인구증감":-1.97,
            "인구총점":24.252,
            "일자리":6.1,
            "소득수준":56.99,
            "일자리총점":21.367,
            "가치 총점":53.632,
            "매매실거래년":"18000101",
            "매매실거래가":null,
            "전세실거래년":null,
            "전세실거래가":null,
            "전세가율":null,
            "장기전세가율평균":81.44,
            "전세가율거품지수":null,
            "검색코드":125652,
            "세대수":878.0,
            "준공년월":"2021-10-01",
            "준공년차":2.0,
            "가까운역이름":"NA",
            "가까운역거리":"NA",
            "역세권여부":"NA",
            "30분이내주요거점역":"NA",
            "1시간이내주요거점역":"NA",
            "3km이내백화점수":0,
            "5km이내아울렛몰수":0,
            "1km이내대형먀트수":0,
            "500m이내은행수":0,
            "500m이내병원수":6,
            "5km이내대형병원수":2,
            "500m이내공원수":1,
            "3km이내혐오시설수":0,
            "초등학교학업성취도":100.0,
            "중학교학업성취도":86.2,
            "용적률":243,
            "건폐율":15,
            "Y":35.880398,
            "X":127.129382,
            "rank":18.0,
            "area_info":"30평(102.06), 30평(102.3), 34평(113.9), 34평(114.52), 40평(132.86), 50평(166.99)",
            "last_sales":"1800-01-01,nan,30평(102.06)"
        },
        {
            "index":213,
            "아파트명":"송천현대4차",
            "투자타입":"일반",
            "전용면적(m2)":"95.09",
            "전용면적(평)":"28평",
            "법정동주소":"전라북도 전주시 덕진구 송천동1가 138-5",
            "도로명주소":"전라북도 전주시 덕진구 솔내로 120",
            "세대수":0,
            "입주년차":0,
            "용적률점수":"--",
            "건폐율점수":"--",
            "세대당주차수":60,
            "난방방식":30,
            "공급면적":"--",
            "전용률":"--",
            "욕실수":100,
            "현관타입":100,
            "주거총점":32.0,
            "지역구공급총점":100.0,
            "역세권":"NA",
            "30분내 이동가능 거점":"NA",
            "1시간내 이동가능 거점":"NA",
            "교통총점":"NA",
            "백화점":100,
            "아울렛몰":0,
            "대형마트":80,
            "은행":0,
            "병원":60,
            "종합병원":100,
            "공원":80,
            "혐오시설":0,
            "인프라총점":70.4,
            "초등학군":72.93,
            "중학군":49.68,
            "학군총점":54.33,
            "인구수":35.49,
            "인구증감":-1.97,
            "인구총점":24.252,
            "일자리":6.1,
            "소득수준":56.99,
            "일자리총점":21.367,
            "가치 총점":52.9425,
            "매매실거래년":20210722.0,
            "매매실거래가":36700.0,
            "전세실거래년":null,
            "전세실거래가":null,
            "전세가율":null,
            "장기전세가율평균":81.44,
            "전세가율거품지수":null,
            "검색코드":5519,
            "세대수":180.0,
            "준공년월":"1998-12-26",
            "준공년차":25.0,
            "가까운역이름":"NA",
            "가까운역거리":"NA",
            "역세권여부":"NA",
            "30분이내주요거점역":"NA",
            "1시간이내주요거점역":"NA",
            "3km이내백화점수":1,
            "5km이내아울렛몰수":0,
            "1km이내대형먀트수":1,
            "500m이내은행수":0,
            "500m이내병원수":13,
            "5km이내대형병원수":3,
            "500m이내공원수":1,
            "3km이내혐오시설수":0,
            "초등학교학업성취도":72.93,
            "중학교학업성취도":82.2,
            "용적률":187,
            "건폐율":21,
            "Y":35.860505,
            "X":127.127643,
            "rank":19.0,
            "area_info":"28평(95.09), 33평(112.27), 45평(151.36), 60평(200.68)",
            "last_sales":"2021-07-22,36700.0,60평(200.68)"
        },
        {
            "index":393,
            "아파트명":"e편한세상우아",
            "투자타입":"일반",
            "전용면적(m2)":"82.33",
            "전용면적(평)":"24평",
            "법정동주소":"전라북도 전주시 덕진구 우아동3가 762",
            "도로명주소":"전라북도 전주시 덕진구 우아로 50",
            "세대수":80,
            "입주년차":80,
            "용적률점수":"--",
            "건폐율점수":"--",
            "세대당주차수":30,
            "난방방식":30,
            "공급면적":"--",
            "전용률":"--",
            "욕실수":100,
            "현관타입":100,
            "주거총점":71.5,
            "지역구공급총점":100.0,
            "역세권":"NA",
            "30분내 이동가능 거점":"NA",
            "1시간내 이동가능 거점":"NA",
            "교통총점":"NA",
            "백화점":0,
            "아울렛몰":0,
            "대형마트":80,
            "은행":0,
            "병원":30,
            "종합병원":100,
            "공원":100,
            "혐오시설":0,
            "인프라총점":38.0,
            "초등학군":88.36,
            "중학군":40.6,
            "학군총점":50.152,
            "인구수":35.49,
            "인구증감":-1.97,
            "인구총점":24.252,
            "일자리":6.1,
            "소득수준":56.99,
            "일자리총점":21.367,
            "가치 총점":52.763,
            "매매실거래년":20211228.0,
            "매매실거래가":43700.0,
            "전세실거래년":20211229.0,
            "전세실거래가":27000.0,
            "전세가율":80.6,
            "장기전세가율평균":81.44,
            "전세가율거품지수":0.84,
            "검색코드":113478,
            "세대수":750.0,
            "준공년월":"2018-12-27",
            "준공년차":5.0,
            "가까운역이름":"NA",
            "가까운역거리":"NA",
            "역세권여부":"NA",
            "30분이내주요거점역":"NA",
            "1시간이내주요거점역":"NA",
            "3km이내백화점수":0,
            "5km이내아울렛몰수":0,
            "1km이내대형먀트수":1,
            "500m이내은행수":1,
            "500m이내병원수":6,
            "5km이내대형병원수":4,
            "500m이내공원수":8,
            "3km이내혐오시설수":0,
            "초등학교학업성취도":88.36,
            "중학교학업성취도":66.0,
            "용적률":247,
            "건폐율":19,
            "Y":35.853035,
            "X":127.155659,
            "rank":20.0,
            "area_info":"24평(82.33), 29평(98.36), 33평(109.4), 33평(111.31)",
            "last_sales":"2021-12-28,43700.0,29평(98.36)"
        },
        {
            "index":221,
            "아파트명":"영창드림맨션",
            "투자타입":"일반",
            "전용면적(m2)":"79.3",
            "전용면적(평)":"23평",
            "법정동주소":"전라북도 전주시 덕진구 송천동1가 123-12",
            "도로명주소":"전라북도 전주시 덕진구 솔내6길 7",
            "세대수":0,
            "입주년차":0,
            "용적률점수":"--",
            "건폐율점수":"--",
            "세대당주차수":0,
            "난방방식":80,
            "공급면적":"--",
            "전용률":"--",
            "욕실수":100,
            "현관타입":100,
            "주거총점":28.0,
            "지역구공급총점":100.0,
            "역세권":"NA",
            "30분내 이동가능 거점":"NA",
            "1시간내 이동가능 거점":"NA",
            "교통총점":"NA",
            "백화점":100,
            "아울렛몰":0,
            "대형마트":80,
            "은행":20,
            "병원":80,
            "종합병원":100,
            "공원":0,
            "혐오시설":0,
            "인프라총점":72.0,
            "초등학군":86.97,
            "중학군":48.4,
            "학군총점":56.114,
            "인구수":35.49,
            "인구증감":-1.97,
            "인구총점":24.252,
            "일자리":6.1,
            "소득수준":56.99,
            "일자리총점":21.367,
            "가치 총점":52.6285,
            "매매실거래년":20211231.0,
            "매매실거래가":13500.0,
            "전세실거래년":20211103.0,
            "전세실거래가":13000.0,
            "전세가율":96.3,
            "장기전세가율평균":81.44,
            "전세가율거품지수":-14.86,
            "검색코드":15027,
            "세대수":242.0,
            "준공년월":"1997-12-12",
            "준공년차":26.0,
            "가까운역이름":"NA",
            "가까운역거리":"NA",
            "역세권여부":"NA",
            "30분이내주요거점역":"NA",
            "1시간이내주요거점역":"NA",
            "3km이내백화점수":1,
            "5km이내아울렛몰수":0,
            "1km이내대형먀트수":1,
            "500m이내은행수":2,
            "500m이내병원수":31,
            "5km이내대형병원수":4,
            "500m이내공원수":0,
            "3km이내혐오시설수":0,
            "초등학교학업성취도":86.97,
            "중학교학업성취도":79.8,
            "용적률":227,
            "건폐율":16,
            "Y":35.85899,
            "X":127.12249,
            "rank":21.0,
            "area_info":"23평(79.3), 24평(79.47), 32평(107.99), 35평(118.64), 41평(137.39)",
            "last_sales":"2021-12-31,13500.0,23평(79.3)"
        },
        {
            "index":12,
            "아파트명":"금암중앙하이츠",
            "투자타입":"일반",
            "전용면적(m2)":"82.42",
            "전용면적(평)":"24평",
            "법정동주소":"전라북도 전주시 덕진구 금암동 1564",
            "도로명주소":"전라북도 전주시 덕진구 거북바우3길 15",
            "세대수":50,
            "입주년차":40,
            "용적률점수":"--",
            "건폐율점수":"--",
            "세대당주차수":30,
            "난방방식":30,
            "공급면적":"--",
            "전용률":"--",
            "욕실수":100,
            "현관타입":100,
            "주거총점":53.0,
            "지역구공급총점":100.0,
            "역세권":"NA",
            "30분내 이동가능 거점":"NA",
            "1시간내 이동가능 거점":"NA",
            "교통총점":"NA",
            "백화점":100,
            "아울렛몰":0,
            "대형마트":0,
            "은행":0,
            "병원":30,
            "종합병원":100,
            "공원":100,
            "혐오시설":0,
            "인프라총점":56.0,
            "초등학군":88.85,
            "중학군":35.54,
            "학군총점":46.202,
            "인구수":35.49,
            "인구증감":-1.97,
            "인구총점":24.252,
            "일자리":6.1,
            "소득수준":56.99,
            "일자리총점":21.367,
            "가치 총점":52.5005,
            "매매실거래년":20211208.0,
            "매매실거래가":20000.0,
            "전세실거래년":20210206.0,
            "전세실거래가":16000.0,
            "전세가율":95.81,
            "장기전세가율평균":81.44,
            "전세가율거품지수":-14.37,
            "검색코드":24998,
            "세대수":602.0,
            "준공년월":"2007-07-05",
            "준공년차":16.0,
            "가까운역이름":"NA",
            "가까운역거리":"NA",
            "역세권여부":"NA",
            "30분이내주요거점역":"NA",
            "1시간이내주요거점역":"NA",
            "3km이내백화점수":1,
            "5km이내아울렛몰수":0,
            "1km이내대형먀트수":0,
            "500m이내은행수":0,
            "500m이내병원수":5,
            "5km이내대형병원수":5,
            "500m이내공원수":2,
            "3km이내혐오시설수":0,
            "초등학교학업성취도":88.85,
            "중학교학업성취도":55.9,
            "용적률":249,
            "건폐율":21,
            "Y":35.837982,
            "X":127.140209,
            "rank":22.0,
            "area_info":"24평(82.42), 33평(109.46), 33평(109.8), 33평(110.27), 45평(151.6), 45평(152.03), 52평(173.04)",
            "last_sales":"2021-12-08,20000.0,33평(109.46)"
        },
        {
            "index":312,
            "아파트명":"에코시티데시앙5블럭",
            "투자타입":"일반",
            "전용면적(m2)":"81.8",
            "전용면적(평)":"24평",
            "법정동주소":"전라북도 전주시 덕진구 송천동2가 1309",
            "도로명주소":"전라북도 전주시 덕진구 세병로 85",
            "세대수":50,
            "입주년차":80,
            "용적률점수":"--",
            "건폐율점수":"--",
            "세대당주차수":60,
            "난방방식":30,
            "공급면적":"--",
            "전용률":"--",
            "욕실수":100,
            "현관타입":100,
            "주거총점":65.5,
            "지역구공급총점":100.0,
            "역세권":"NA",
            "30분내 이동가능 거점":"NA",
            "1시간내 이동가능 거점":"NA",
            "교통총점":"NA",
            "백화점":0,
            "아울렛몰":0,
            "대형마트":80,
            "은행":0,
            "병원":60,
            "종합병원":100,
            "공원":0,
            "혐오시설":0,
            "인프라총점":38.0,
            "초등학군":76.88,
            "중학군":52.36,
            "학군총점":57.264,
            "인구수":35.49,
            "인구증감":-1.97,
            "인구총점":24.252,
            "일자리":6.1,
            "소득수준":56.99,
            "일자리총점":21.367,
            "가치 총점":52.441,
            "매매실거래년":20211224.0,
            "매매실거래가":41700.0,
            "전세실거래년":20211204.0,
            "전세실거래가":32000.0,
            "전세가율":76.74,
            "장기전세가율평균":81.44,
            "전세가율거품지수":4.7,
            "검색코드":113239,
            "세대수":662.0,
            "준공년월":"2018-01-04",
            "준공년차":5.0,
            "가까운역이름":"NA",
            "가까운역거리":"NA",
            "역세권여부":"NA",
            "30분이내주요거점역":"NA",
            "1시간이내주요거점역":"NA",
            "3km이내백화점수":0,
            "5km이내아울렛몰수":0,
            "1km이내대형먀트수":1,
            "500m이내은행수":1,
            "500m이내병원수":15,
            "5km이내대형병원수":3,
            "500m이내공원수":0,
            "3km이내혐오시설수":0,
            "초등학교학업성취도":76.88,
            "중학교학업성취도":86.2,
            "용적률":209,
            "건폐율":17,
            "Y":35.872737,
            "X":127.132715,
            "rank":23.0,
            "area_info":"24평(81.8), 34평(114.93), 34평(114.7), 34평(115.2), 34평(115.25), 40평(133.03), 43평(143.16)",
            "last_sales":"2021-12-24,41700.0,24평(81.8)"
        },
        {
            "index":336,
            "아파트명":"전주에코시티KCC스위첸",
            "투자타입":"일반",
            "전용면적(m2)":"82.3",
            "전용면적(평)":"24평",
            "법정동주소":"전라북도 전주시 덕진구 송천동2가 1298",
            "도로명주소":"전라북도 전주시 덕진구 세병로 184",
            "세대수":90,
            "입주년차":100,
            "용적률점수":"--",
            "건폐율점수":"--",
            "세대당주차수":30,
            "난방방식":30,
            "공급면적":"--",
            "전용률":"--",
            "욕실수":100,
            "현관타입":100,
            "주거총점":79.0,
            "지역구공급총점":100.0,
            "역세권":"NA",
            "30분내 이동가능 거점":"NA",
            "1시간내 이동가능 거점":"NA",
            "교통총점":"NA",
            "백화점":0,
            "아울렛몰":0,
            "대형마트":0,
            "은행":0,
            "병원":30,
            "종합병원":100,
            "공원":0,
            "혐오시설":0,
            "인프라총점":23.0,
            "초등학군":100.0,
            "중학군":52.36,
            "학군총점":61.888,
            "인구수":35.49,
            "인구증감":-1.97,
            "인구총점":24.252,
            "일자리":6.1,
            "소득수준":56.99,
            "일자리총점":21.367,
            "가치 총점":52.322,
            "매매실거래년":20211218.0,
            "매매실거래가":38500.0,
            "전세실거래년":20211117.0,
            "전세실거래가":35000.0,
            "전세가율":90.91,
            "장기전세가율평균":81.44,
            "전세가율거품지수":-9.47,
            "검색코드":115438,
            "세대수":948.0,
            "준공년월":"2019-02-22",
            "준공년차":4.0,
            "가까운역이름":"NA",
            "가까운역거리":"NA",
            "역세권여부":"NA",
            "30분이내주요거점역":"NA",
            "1시간이내주요거점역":"NA",
            "3km이내백화점수":0,
            "5km이내아울렛몰수":0,
            "1km이내대형먀트수":0,
            "500m이내은행수":0,
            "500m이내병원수":6,
            "5km이내대형병원수":2,
            "500m이내공원수":0,
            "3km이내혐오시설수":0,
            "초등학교학업성취도":100.0,
            "중학교학업성취도":86.2,
            "용적률":219,
            "건폐율":19,
            "Y":35.880579,
            "X":127.132931,
            "rank":24.0,
            "area_info":"24평(82.3), 34평(114.77), 34평(114.78), 34평(114.54), 34평(114.77), 34평(115.36)",
            "last_sales":"2021-12-18,38500.0,24평(82.3)"
        },
        {
            "index":169,
            "아파트명":"서호1단지",
            "투자타입":"재건축",
            "전용면적(m2)":"101.97",
            "전용면적(평)":"30평",
            "법정동주소":"전라북도 전주시 덕진구 송천동1가 337",
            "도로명주소":"전라북도 전주시 덕진구 송천로 31",
            "세대수":50,
            "입주년차":"--",
            "용적률점수":0,
            "건폐율점수":0,
            "세대당주차수":"--",
            "난방방식":"--",
            "공급면적":90,
            "전용률":80,
            "욕실수":"--",
            "현관타입":"--",
            "주거총점":23.5,
            "지역구공급총점":100.0,
            "역세권":"NA",
            "30분내 이동가능 거점":"NA",
            "1시간내 이동가능 거점":"NA",
            "교통총점":"NA",
            "백화점":100,
            "아울렛몰":0,
            "대형마트":80,
            "은행":70,
            "병원":30,
            "종합병원":100,
            "공원":100,
            "혐오시설":0,
            "인프라총점":75.0,
            "초등학군":86.97,
            "중학군":48.4,
            "학군총점":56.114,
            "인구수":35.49,
            "인구증감":-1.97,
            "인구총점":24.252,
            "일자리":6.1,
            "소득수준":56.99,
            "일자리총점":21.367,
            "가치 총점":52.2535,
            "매매실거래년":20220103.0,
            "매매실거래가":18500.0,
            "전세실거래년":20211130.0,
            "전세실거래가":14000.0,
            "전세가율":71.79,
            "장기전세가율평균":81.44,
            "전세가율거품지수":9.65,
            "검색코드":5479,
            "세대수":480.0,
            "준공년월":"1992-11-14",
            "준공년차":31.0,
            "가까운역이름":"NA",
            "가까운역거리":"NA",
            "역세권여부":"NA",
            "30분이내주요거점역":"NA",
            "1시간이내주요거점역":"NA",
            "3km이내백화점수":1,
            "5km이내아울렛몰수":0,
            "1km이내대형먀트수":1,
            "500m이내은행수":3,
            "500m이내병원수":9,
            "5km이내대형병원수":5,
            "500m이내공원수":3,
            "3km이내혐오시설수":0,
            "초등학교학업성취도":86.97,
            "중학교학업성취도":79.8,
            "용적률":0,
            "건폐율":0,
            "Y":35.855702,
            "X":127.117842,
            "rank":25.0,
            "area_info":"30평(101.97), 30평(102.42), 46평(152.81), 58평(193.95)",
            "last_sales":"2022-01-03,18500.0,30평(102.42)"
        },
        {
            "index":74,
            "아파트명":"하가더루벤스",
            "투자타입":"일반",
            "전용면적(m2)":"109.66",
            "전용면적(평)":"33평",
            "법정동주소":"전라북도 전주시 덕진구 덕진동2가 683",
            "도로명주소":"전라북도 전주시 덕진구 추탄로 61",
            "세대수":50,
            "입주년차":60,
            "용적률점수":"--",
            "건폐율점수":"--",
            "세대당주차수":30,
            "난방방식":30,
            "공급면적":"--",
            "전용률":"--",
            "욕실수":100,
            "현관타입":100,
            "주거총점":57.0,
            "지역구공급총점":100.0,
            "역세권":"NA",
            "30분내 이동가능 거점":"NA",
            "1시간내 이동가능 거점":"NA",
            "교통총점":"NA",
            "백화점":100,
            "아울렛몰":0,
            "대형마트":0,
            "은행":0,
            "병원":10,
            "종합병원":100,
            "공원":100,
            "혐오시설":0,
            "인프라총점":54.0,
            "초등학군":87.66,
            "중학군":31.2,
            "학군총점":42.492,
            "인구수":35.49,
            "인구증감":-1.97,
            "인구총점":24.252,
            "일자리":6.1,
            "소득수준":56.99,
            "일자리총점":21.367,
            "가치 총점":52.173,
            "매매실거래년":20211210.0,
            "매매실거래가":34500.0,
            "전세실거래년":20210930.0,
            "전세실거래가":31500.0,
            "전세가율":91.3,
            "장기전세가율평균":81.44,
            "전세가율거품지수":-9.86,
            "검색코드":102517,
            "세대수":413.0,
            "준공년월":"2012-06-22",
            "준공년차":11.0,
            "가까운역이름":"NA",
            "가까운역거리":"NA",
            "역세권여부":"NA",
            "30분이내주요거점역":"NA",
            "1시간이내주요거점역":"NA",
            "3km이내백화점수":1,
            "5km이내아울렛몰수":0,
            "1km이내대형먀트수":0,
            "500m이내은행수":0,
            "500m이내병원수":2,
            "5km이내대형병원수":4,
            "500m이내공원수":5,
            "3km이내혐오시설수":0,
            "초등학교학업성취도":87.66,
            "중학교학업성취도":52.0,
            "용적률":199,
            "건폐율":26,
            "Y":35.845906,
            "X":127.108198,
            "rank":26.0,
            "area_info":"33평(109.66), 33평(109.81), 33평(109.91), 33평(109.93), 33평(110.06)",
            "last_sales":"2021-12-10,34500.0,33평(109.66)"
        },
        {
            "index":326,
            "아파트명":"전주3차에코시티휴먼빌",
            "투자타입":"일반",
            "전용면적(m2)":"82.62",
            "전용면적(평)":"24평",
            "법정동주소":"전라북도 전주시 덕진구 송천동2가 1341",
            "도로명주소":"전라북도 전주시 덕진구 세병로 74",
            "세대수":50,
            "입주년차":100,
            "용적률점수":"--",
            "건폐율점수":"--",
            "세대당주차수":60,
            "난방방식":30,
            "공급면적":"--",
            "전용률":"--",
            "욕실수":100,
            "현관타입":100,
            "주거총점":69.5,
            "지역구공급총점":100.0,
            "역세권":"NA",
            "30분내 이동가능 거점":"NA",
            "1시간내 이동가능 거점":"NA",
            "교통총점":"NA",
            "백화점":0,
            "아울렛몰":0,
            "대형마트":80,
            "은행":0,
            "병원":0,
            "종합병원":100,
            "공원":0,
            "혐오시설":0,
            "인프라총점":32.0,
            "초등학군":76.88,
            "중학군":52.36,
            "학군총점":57.264,
            "인구수":35.49,
            "인구증감":-1.97,
            "인구총점":24.252,
            "일자리":6.1,
            "소득수준":56.99,
            "일자리총점":21.367,
            "가치 총점":51.441,
            "매매실거래년":20191224.0,
            "매매실거래가":22200.0,
            "전세실거래년":20220113.0,
            "전세실거래가":33000.0,
            "전세가율":148.65,
            "장기전세가율평균":81.44,
            "전세가율거품지수":-67.21,
            "검색코드":113280,
            "세대수":402.0,
            "준공년월":"2019-02-22",
            "준공년차":4.0,
            "가까운역이름":"NA",
            "가까운역거리":"NA",
            "역세권여부":"NA",
            "30분이내주요거점역":"NA",
            "1시간이내주요거점역":"NA",
            "3km이내백화점수":0,
            "5km이내아울렛몰수":0,
            "1km이내대형먀트수":1,
            "500m이내은행수":1,
            "500m이내병원수":1,
            "5km이내대형병원수":3,
            "500m이내공원수":0,
            "3km이내혐오시설수":0,
            "초등학교학업성취도":76.88,
            "중학교학업성취도":86.2,
            "용적률":209,
            "건폐율":15,
            "Y":35.871121,
            "X":127.133005,
            "rank":27.0,
            "area_info":"24평(82.62), 24평(82.39), 33평(111.92), 33평(111.86), 33평(111.98), 43평(145.43)",
            "last_sales":"2019-12-24,22200.0,24평(82.62)"
        },
        {
            "index":228,
            "아파트명":"용소마을제일",
            "투자타입":"일반",
            "전용면적(m2)":"105.85",
            "전용면적(평)":"32평",
            "법정동주소":"전라북도 전주시 덕진구 송천동1가 626-3",
            "도로명주소":"전라북도 전주시 덕진구 송천3길 50",
            "세대수":0,
            "입주년차":20,
            "용적률점수":"--",
            "건폐율점수":"--",
            "세대당주차수":60,
            "난방방식":30,
            "공급면적":"--",
            "전용률":"--",
            "욕실수":100,
            "현관타입":100,
            "주거총점":36.0,
            "지역구공급총점":100.0,
            "역세권":"NA",
            "30분내 이동가능 거점":"NA",
            "1시간내 이동가능 거점":"NA",
            "교통총점":"NA",
            "백화점":100,
            "아울렛몰":0,
            "대형마트":80,
            "은행":0,
            "병원":30,
            "종합병원":100,
            "공원":100,
            "혐오시설":-50,
            "인프라총점":67.0,
            "초등학군":90.18,
            "중학군":37.44,
            "학군총점":47.988,
            "인구수":35.49,
            "인구증감":-1.97,
            "인구총점":24.252,
            "일자리":6.1,
            "소득수준":56.99,
            "일자리총점":21.367,
            "가치 총점":51.397,
            "매매실거래년":20211113.0,
            "매매실거래가":22500.0,
            "전세실거래년":20160809.0,
            "전세실거래가":14000.0,
            "전세가율":70.71,
            "장기전세가율평균":81.44,
            "전세가율거품지수":10.73,
            "검색코드":5505,
            "세대수":272.0,
            "준공년월":"1999-10-23",
            "준공년차":24.0,
            "가까운역이름":"NA",
            "가까운역거리":"NA",
            "역세권여부":"NA",
            "30분이내주요거점역":"NA",
            "1시간이내주요거점역":"NA",
            "3km이내백화점수":1,
            "5km이내아울렛몰수":0,
            "1km이내대형먀트수":1,
            "500m이내은행수":0,
            "500m이내병원수":5,
            "5km이내대형병원수":2,
            "500m이내공원수":2,
            "3km이내혐오시설수":1,
            "초등학교학업성취도":90.18,
            "중학교학업성취도":62.4,
            "용적률":216,
            "건폐율":32,
            "Y":35.860595,
            "X":127.115252,
            "rank":28.0,
            "area_info":"32평(105.85), 37평(123.86), 49평(162.34)",
            "last_sales":"2021-11-13,22500.0,37평(123.86)"
        },
        {
            "index":231,
            "아파트명":"진흥더블파크",
            "투자타입":"일반",
            "전용면적(m2)":"114.73",
            "전용면적(평)":"34평",
            "법정동주소":"전라북도 전주시 덕진구 송천동1가 12-10",
            "도로명주소":"전라북도 전주시 덕진구 천마산로 100",
            "세대수":90,
            "입주년차":40,
            "용적률점수":"--",
            "건폐율점수":"--",
            "세대당주차수":60,
            "난방방식":30,
            "공급면적":"--",
            "전용률":"--",
            "욕실수":100,
            "현관타입":100,
            "주거총점":71.5,
            "지역구공급총점":100.0,
            "역세권":"NA",
            "30분내 이동가능 거점":"NA",
            "1시간내 이동가능 거점":"NA",
            "교통총점":"NA",
            "백화점":0,
            "아울렛몰":0,
            "대형마트":0,
            "은행":0,
            "병원":60,
            "종합병원":100,
            "공원":80,
            "혐오시설":0,
            "인프라총점":28.4,
            "초등학군":90.24,
            "중학군":52.36,
            "학군총점":59.936,
            "인구수":35.49,
            "인구증감":-1.97,
            "인구총점":24.252,
            "일자리":6.1,
            "소득수준":56.99,
            "일자리총점":21.367,
            "가치 총점":51.369,
            "매매실거래년":20211229.0,
            "매매실거래가":33700.0,
            "전세실거래년":20211230.0,
            "전세실거래가":36000.0,
            "전세가율":106.82,
            "장기전세가율평균":81.44,
            "전세가율거품지수":-25.38,
            "검색코드":26323,
            "세대수":900.0,
            "준공년월":"2008-04-25",
            "준공년차":15.0,
            "가까운역이름":"NA",
            "가까운역거리":"NA",
            "역세권여부":"NA",
            "30분이내주요거점역":"NA",
            "1시간이내주요거점역":"NA",
            "3km이내백화점수":0,
            "5km이내아울렛몰수":0,
            "1km이내대형먀트수":0,
            "500m이내은행수":0,
            "500m이내병원수":11,
            "5km이내대형병원수":3,
            "500m이내공원수":1,
            "3km이내혐오시설수":0,
            "초등학교학업성취도":90.24,
            "중학교학업성취도":86.2,
            "용적률":217,
            "건폐율":23,
            "Y":35.863748,
            "X":127.13238,
            "rank":29.0,
            "area_info":"34평(114.73), 45평(151.78), 56평(187.85)",
            "last_sales":"2021-12-29,33700.0,34평(114.73)"
        },
        {
            "index":285,
            "아파트명":"에코시티더샵2차",
            "투자타입":"일반",
            "전용면적(m2)":"110.06",
            "전용면적(평)":"33평",
            "법정동주소":"전라북도 전주시 덕진구 송천동2가 1306",
            "도로명주소":"전라북도 전주시 덕진구 세병로 175",
            "세대수":80,
            "입주년차":80,
            "용적률점수":"--",
            "건폐율점수":"--",
            "세대당주차수":60,
            "난방방식":30,
            "공급면적":"--",
            "전용률":"--",
            "욕실수":100,
            "현관타입":100,
            "주거총점":76.0,
            "지역구공급총점":100.0,
            "역세권":"NA",
            "30분내 이동가능 거점":"NA",
            "1시간내 이동가능 거점":"NA",
            "교통총점":"NA",
            "백화점":0,
            "아울렛몰":0,
            "대형마트":0,
            "은행":0,
            "병원":30,
            "종합병원":100,
            "공원":0,
            "혐오시설":0,
            "인프라총점":23.0,
            "초등학군":100.0,
            "중학군":52.36,
            "학군총점":61.888,
            "인구수":35.49,
            "인구증감":-1.97,
            "인구총점":24.252,
            "일자리":6.1,
            "소득수준":56.99,
            "일자리총점":21.367,
            "가치 총점":51.272,
            "매매실거래년":20220108.0,
            "매매실거래가":60000.0,
            "전세실거래년":20211110.0,
            "전세실거래가":29400.0,
            "전세가율":43.43,
            "장기전세가율평균":81.44,
            "전세가율거품지수":38.01,
            "검색코드":115356,
            "세대수":702.0,
            "준공년월":"2018-01-26",
            "준공년차":5.0,
            "가까운역이름":"NA",
            "가까운역거리":"NA",
            "역세권여부":"NA",
            "30분이내주요거점역":"NA",
            "1시간이내주요거점역":"NA",
            "3km이내백화점수":0,
            "5km이내아울렛몰수":0,
            "1km이내대형먀트수":0,
            "500m이내은행수":1,
            "500m이내병원수":6,
            "5km이내대형병원수":2,
            "500m이내공원수":0,
            "3km이내혐오시설수":0,
            "초등학교학업성취도":100.0,
            "중학교학업성취도":86.2,
            "용적률":212,
            "건폐율":13,
            "Y":35.877508,
            "X":127.133115,
            "rank":30.0,
            "area_info":"33평(110.06), 33평(110.2), 33평(111.27), 39평(130.38), 39평(131.08), 45평(151.74), 45평(151.97), 45평(151.82), 45평(151.92)",
            "last_sales":"2022-01-08,60000.0,33평(111.27)"
        },
        {
            "index":319,
            "아파트명":"에코시티자이",
            "투자타입":"일반",
            "전용면적(m2)":"82.3",
            "전용면적(평)":"24평",
            "법정동주소":"전라북도 전주시 덕진구 송천동2가 1308",
            "도로명주소":"전라북도 전주시 덕진구 세병로 111",
            "세대수":50,
            "입주년차":80,
            "용적률점수":"--",
            "건폐율점수":"--",
            "세대당주차수":60,
            "난방방식":30,
            "공급면적":"--",
            "전용률":"--",
            "욕실수":100,
            "현관타입":100,
            "주거총점":65.5,
            "지역구공급총점":100.0,
            "역세권":"NA",
            "30분내 이동가능 거점":"NA",
            "1시간내 이동가능 거점":"NA",
            "교통총점":"NA",
            "백화점":0,
            "아울렛몰":0,
            "대형마트":80,
            "은행":0,
            "병원":30,
            "종합병원":100,
            "공원":0,
            "혐오시설":0,
            "인프라총점":35.0,
            "초등학군":76.88,
            "중학군":52.36,
            "학군총점":57.264,
            "인구수":35.49,
            "인구증감":-1.97,
            "인구총점":24.252,
            "일자리":6.1,
            "소득수준":56.99,
            "일자리총점":21.367,
            "가치 총점":51.241,
            "매매실거래년":20211125.0,
            "매매실거래가":54900.0,
            "전세실거래년":20211218.0,
            "전세실거래가":32000.0,
            "전세가율":78.05,
            "장기전세가율평균":81.44,
            "전세가율거품지수":3.39,
            "검색코드":113205,
            "세대수":640.0,
            "준공년월":"2017-12-05",
            "준공년차":6.0,
            "가까운역이름":"NA",
            "가까운역거리":"NA",
            "역세권여부":"NA",
            "30분이내주요거점역":"NA",
            "1시간이내주요거점역":"NA",
            "3km이내백화점수":0,
            "5km이내아울렛몰수":0,
            "1km이내대형먀트수":1,
            "500m이내은행수":1,
            "500m이내병원수":7,
            "5km이내대형병원수":3,
            "500m이내공원수":0,
            "3km이내혐오시설수":0,
            "초등학교학업성취도":76.88,
            "중학교학업성취도":86.2,
            "용적률":209,
            "건폐율":16,
            "Y":35.874808,
            "X":127.134256,
            "rank":31.0,
            "area_info":"24평(82.3), 34평(115.17), 47평(156.41)",
            "last_sales":"2021-11-25,54900.0,34평(115.17)"
        },
        {
            "index":348,
            "아파트명":"전주에코시티데시앙2차(12BL)",
            "투자타입":"일반",
            "전용면적(m2)":"83.45",
            "전용면적(평)":"25평",
            "법정동주소":"전라북도 전주시 덕진구 송천동2가 1300",
            "도로명주소":"전라북도 전주시 덕진구 백석로 145",
            "세대수":80,
            "입주년차":100,
            "용적률점수":"--",
            "건폐율점수":"--",
            "세대당주차수":30,
            "난방방식":30,
            "공급면적":"--",
            "전용률":"--",
            "욕실수":100,
            "현관타입":100,
            "주거총점":75.5,
            "지역구공급총점":100.0,
            "역세권":"NA",
            "30분내 이동가능 거점":"NA",
            "1시간내 이동가능 거점":"NA",
            "교통총점":"NA",
            "백화점":0,
            "아울렛몰":0,
            "대형마트":0,
            "은행":0,
            "병원":30,
            "종합병원":100,
            "공원":0,
            "혐오시설":0,
            "인프라총점":23.0,
            "초등학군":100.0,
            "중학군":52.36,
            "학군총점":61.888,
            "인구수":35.49,
            "인구증감":-1.97,
            "인구총점":24.252,
            "일자리":6.1,
            "소득수준":56.99,
            "일자리총점":21.367,
            "가치 총점":51.097,
            "매매실거래년":20211224.0,
            "매매실거래가":58000.0,
            "전세실거래년":20211002.0,
            "전세실거래가":31000.0,
            "전세가율":74.16,
            "장기전세가율평균":81.44,
            "전세가율거품지수":7.28,
            "검색코드":113342,
            "세대수":708.0,
            "준공년월":"2019-01-31",
            "준공년차":4.0,
            "가까운역이름":"NA",
            "가까운역거리":"NA",
            "역세권여부":"NA",
            "30분이내주요거점역":"NA",
            "1시간이내주요거점역":"NA",
            "3km이내백화점수":0,
            "5km이내아울렛몰수":0,
            "1km이내대형먀트수":0,
            "500m이내은행수":0,
            "500m이내병원수":6,
            "5km이내대형병원수":2,
            "500m이내공원수":0,
            "3km이내혐오시설수":0,
            "초등학교학업성취도":100.0,
            "중학교학업성취도":86.2,
            "용적률":219,
            "건폐율":16,
            "Y":35.879675,
            "X":127.135094,
            "rank":32.0,
            "area_info":"25평(83.45), 35평(117.42), 35평(117.09)",
            "last_sales":"2021-12-24,58000.0,35평(117.42)"
        },
        {
            "index":69,
            "아파트명":"제일오투그란데",
            "투자타입":"일반",
            "전용면적(m2)":"106.43",
            "전용면적(평)":"32평",
            "법정동주소":"전라북도 전주시 덕진구 덕진동2가 684",
            "도로명주소":"전라북도 전주시 덕진구 경동로 19",
            "세대수":30,
            "입주년차":60,
            "용적률점수":"--",
            "건폐율점수":"--",
            "세대당주차수":30,
            "난방방식":30,
            "공급면적":"--",
            "전용률":"--",
            "욕실수":100,
            "현관타입":100,
            "주거총점":50.0,
            "지역구공급총점":100.0,
            "역세권":"NA",
            "30분내 이동가능 거점":"NA",
            "1시간내 이동가능 거점":"NA",
            "교통총점":"NA",
            "백화점":100,
            "아울렛몰":0,
            "대형마트":0,
            "은행":0,
            "병원":30,
            "종합병원":100,
            "공원":100,
            "혐오시설":0,
            "인프라총점":56.0,
            "초등학군":87.66,
            "중학군":31.2,
            "학군총점":42.492,
            "인구수":35.49,
            "인구증감":-1.97,
            "인구총점":24.252,
            "일자리":6.1,
            "소득수준":56.99,
            "일자리총점":21.367,
            "가치 총점":50.523,
            "매매실거래년":20211201.0,
            "매매실거래가":39000.0,
            "전세실거래년":20210729.0,
            "전세실거래가":31000.0,
            "전세가율":94.22,
            "장기전세가율평균":81.44,
            "전세가율거품지수":-12.78,
            "검색코드":103591,
            "세대수":319.0,
            "준공년월":"2013-01-30",
            "준공년차":10.0,
            "가까운역이름":"NA",
            "가까운역거리":"NA",
            "역세권여부":"NA",
            "30분이내주요거점역":"NA",
            "1시간이내주요거점역":"NA",
            "3km이내백화점수":1,
            "5km이내아울렛몰수":0,
            "1km이내대형먀트수":0,
            "500m이내은행수":1,
            "500m이내병원수":9,
            "5km이내대형병원수":4,
            "500m이내공원수":5,
            "3km이내혐오시설수":0,
            "초등학교학업성취도":87.66,
            "중학교학업성취도":52.0,
            "용적률":199,
            "건폐율":28,
            "Y":35.844131,
            "X":127.108295,
            "rank":33.0,
            "area_info":"32평(106.43), 34평(115.69), 34평(115.17), 35평(117.46), 35평(117.56)",
            "last_sales":"2021-12-01,39000.0,35평(117.46)"
        },
        {
            "index":178,
            "아파트명":"송천KCC스위첸",
            "투자타입":"일반",
            "전용면적(m2)":"109.88",
            "전용면적(평)":"33평",
            "법정동주소":"전라북도 전주시 덕진구 송천동1가 879",
            "도로명주소":"전라북도 전주시 덕진구 오송1길 37-17",
            "세대수":50,
            "입주년차":80,
            "용적률점수":"--",
            "건폐율점수":"--",
            "세대당주차수":30,
            "난방방식":100,
            "공급면적":"--",
            "전용률":"--",
            "욕실수":100,
            "현관타입":100,
            "주거총점":68.0,
            "지역구공급총점":100.0,
            "역세권":"NA",
            "30분내 이동가능 거점":"NA",
            "1시간내 이동가능 거점":"NA",
            "교통총점":"NA",
            "백화점":0,
            "아울렛몰":0,
            "대형마트":0,
            "은행":0,
            "병원":60,
            "종합병원":100,
            "공원":100,
            "혐오시설":0,
            "인프라총점":29.0,
            "초등학군":90.24,
            "중학군":52.36,
            "학군총점":59.936,
            "인구수":35.49,
            "인구증감":-1.97,
            "인구총점":24.252,
            "일자리":6.1,
            "소득수준":56.99,
            "일자리총점":21.367,
            "가치 총점":50.384,
            "매매실거래년":20220106.0,
            "매매실거래가":41500.0,
            "전세실거래년":null,
            "전세실거래가":null,
            "전세가율":null,
            "장기전세가율평균":81.44,
            "전세가율거품지수":null,
            "검색코드":109024,
            "세대수":480.0,
            "준공년월":"2016-11-04",
            "준공년차":7.0,
            "가까운역이름":"NA",
            "가까운역거리":"NA",
            "역세권여부":"NA",
            "30분이내주요거점역":"NA",
            "1시간이내주요거점역":"NA",
            "3km이내백화점수":0,
            "5km이내아울렛몰수":0,
            "1km이내대형먀트수":0,
            "500m이내은행수":0,
            "500m이내병원수":25,
            "5km이내대형병원수":3,
            "500m이내공원수":3,
            "3km이내혐오시설수":0,
            "초등학교학업성취도":90.24,
            "중학교학업성취도":86.2,
            "용적률":228,
            "건폐율":29,
            "Y":35.864362,
            "X":127.129724,
            "rank":34.0,
            "area_info":"33평(109.88), 33평(109.92), 33평(110.3)",
            "last_sales":"2022-01-06,41500.0,33평(110.3)"
        },
        {
            "index":83,
            "아파트명":"만성법조타운골드클래스",
            "투자타입":"일반",
            "전용면적(m2)":"99.54",
            "전용면적(평)":"30평",
            "법정동주소":"전라북도 전주시 덕진구 만성동 1367-1",
            "도로명주소":"전라북도 전주시 덕진구 만성로 181",
            "세대수":90,
            "입주년차":80,
            "용적률점수":"--",
            "건폐율점수":"--",
            "세대당주차수":60,
            "난방방식":30,
            "공급면적":"--",
            "전용률":"--",
            "욕실수":100,
            "현관타입":100,
            "주거총점":79.5,
            "지역구공급총점":100.0,
            "역세권":"NA",
            "30분내 이동가능 거점":"NA",
            "1시간내 이동가능 거점":"NA",
            "교통총점":"NA",
            "백화점":0,
            "아울렛몰":0,
            "대형마트":80,
            "은행":0,
            "병원":30,
            "종합병원":0,
            "공원":100,
            "혐오시설":0,
            "인프라총점":18.0,
            "초등학군":100.0,
            "중학군":51.42,
            "학군총점":61.136,
            "인구수":35.49,
            "인구증감":-1.97,
            "인구총점":24.252,
            "일자리":6.1,
            "소득수준":56.99,
            "일자리총점":21.367,
            "가치 총점":50.309,
            "매매실거래년":20220108.0,
            "매매실거래가":47900.0,
            "전세실거래년":20211231.0,
            "전세실거래가":35500.0,
            "전세가율":74.11,
            "장기전세가율평균":81.44,
            "전세가율거품지수":7.33,
            "검색코드":112814,
            "세대수":1070.0,
            "준공년월":"2018-02-26",
            "준공년차":5.0,
            "가까운역이름":"NA",
            "가까운역거리":"NA",
            "역세권여부":"NA",
            "30분이내주요거점역":"NA",
            "1시간이내주요거점역":"NA",
            "3km이내백화점수":0,
            "5km이내아울렛몰수":0,
            "1km이내대형먀트수":1,
            "500m이내은행수":0,
            "500m이내병원수":5,
            "5km이내대형병원수":0,
            "500m이내공원수":7,
            "3km이내혐오시설수":0,
            "초등학교학업성취도":100.0,
            "중학교학업성취도":85.7,
            "용적률":174,
            "건폐율":16,
            "Y":35.847249,
            "X":127.077996,
            "rank":35.0,
            "area_info":"30평(99.54), 33평(111.34)",
            "last_sales":"2022-01-08,47900.0,30평(99.54)"
        },
        {
            "index":181,
            "아파트명":"송천광신프로그레스",
            "투자타입":"일반",
            "전용면적(m2)":"109.85",
            "전용면적(평)":"33평",
            "법정동주소":"전라북도 전주시 덕진구 송천동1가 880",
            "도로명주소":"전라북도 전주시 덕진구 용소로 112",
            "세대수":30,
            "입주년차":100,
            "용적률점수":"--",
            "건폐율점수":"--",
            "세대당주차수":30,
            "난방방식":30,
            "공급면적":"--",
            "전용률":"--",
            "욕실수":100,
            "현관타입":100,
            "주거총점":58.0,
            "지역구공급총점":100.0,
            "역세권":"NA",
            "30분내 이동가능 거점":"NA",
            "1시간내 이동가능 거점":"NA",
            "교통총점":"NA",
            "백화점":0,
            "아울렛몰":0,
            "대형마트":80,
            "은행":20,
            "병원":80,
            "종합병원":100,
            "공원":100,
            "혐오시설":-50,
            "인프라총점":44.0,
            "초등학군":90.18,
            "중학군":37.44,
            "학군총점":47.988,
            "인구수":35.49,
            "인구증감":-1.97,
            "인구총점":24.252,
            "일자리":6.1,
            "소득수준":56.99,
            "일자리총점":21.367,
            "가치 총점":49.897,
            "매매실거래년":20191129.0,
            "매매실거래가":29500.0,
            "전세실거래년":null,
            "전세실거래가":null,
            "전세가율":null,
            "장기전세가율평균":81.44,
            "전세가율거품지수":null,
            "검색코드":124457,
            "세대수":396.0,
            "준공년월":"2019-11-07",
            "준공년차":4.0,
            "가까운역이름":"NA",
            "가까운역거리":"NA",
            "역세권여부":"NA",
            "30분이내주요거점역":"NA",
            "1시간이내주요거점역":"NA",
            "3km이내백화점수":0,
            "5km이내아울렛몰수":0,
            "1km이내대형먀트수":1,
            "500m이내은행수":2,
            "500m이내병원수":33,
            "5km이내대형병원수":3,
            "500m이내공원수":4,
            "3km이내혐오시설수":1,
            "초등학교학업성취도":90.18,
            "중학교학업성취도":62.4,
            "용적률":181,
            "건폐율":18,
            "Y":35.862755,
            "X":127.120101,
            "rank":36.0,
            "area_info":"33평(109.85), 33평(110.83)",
            "last_sales":"2019-11-29,29500.0,33평(109.85)"
        },
        {
            "index":482,
            "아파트명":"인후선변",
            "투자타입":"일반",
            "전용면적(m2)":"112.72",
            "전용면적(평)":"34평",
            "법정동주소":"전라북도 전주시 덕진구 인후동1가 574",
            "도로명주소":"전라북도 전주시 덕진구 심방죽로 16",
            "세대수":0,
            "입주년차":40,
            "용적률점수":"--",
            "건폐율점수":"--",
            "세대당주차수":0,
            "난방방식":30,
            "공급면적":"--",
            "전용률":"--",
            "욕실수":100,
            "현관타입":100,
            "주거총점":31.0,
            "지역구공급총점":100.0,
            "역세권":"NA",
            "30분내 이동가능 거점":"NA",
            "1시간내 이동가능 거점":"NA",
            "교통총점":"NA",
            "백화점":100,
            "아울렛몰":0,
            "대형마트":0,
            "은행":20,
            "병원":60,
            "종합병원":100,
            "공원":100,
            "혐오시설":0,
            "인프라총점":61.0,
            "초등학군":88.14,
            "중학군":50.82,
            "학군총점":58.284,
            "인구수":35.49,
            "인구증감":-1.97,
            "인구총점":24.252,
            "일자리":6.1,
            "소득수준":56.99,
            "일자리총점":21.367,
            "가치 총점":49.821,
            "매매실거래년":20200218.0,
            "매매실거래가":17500.0,
            "전세실거래년":20211207.0,
            "전세실거래가":13000.0,
            "전세가율":74.29,
            "장기전세가율평균":81.44,
            "전세가율거품지수":7.15,
            "검색코드":17748,
            "세대수":221.0,
            "준공년월":"2004-10-01",
            "준공년차":19.0,
            "가까운역이름":"NA",
            "가까운역거리":"NA",
            "역세권여부":"NA",
            "30분이내주요거점역":"NA",
            "1시간이내주요거점역":"NA",
            "3km이내백화점수":1,
            "5km이내아울렛몰수":0,
            "1km이내대형먀트수":0,
            "500m이내은행수":2,
            "500m이내병원수":19,
            "5km이내대형병원수":5,
            "500m이내공원수":2,
            "3km이내혐오시설수":0,
            "초등학교학업성취도":88.14,
            "중학교학업성취도":84.3,
            "용적률":230,
            "건폐율":23,
            "Y":35.837496,
            "X":127.151649,
            "rank":37.0,
            "area_info":"34평(112.72), 34평(115.55)",
            "last_sales":"2020-02-18,17500.0,34평(112.72)"
        },
        {
            "index":261,
            "아파트명":"송천주공2차",
            "투자타입":"일반",
            "전용면적(m2)":"67.51",
            "전용면적(평)":"20평",
            "법정동주소":"전라북도 전주시 덕진구 송천동2가 1280",
            "도로명주소":"전라북도 전주시 덕진구 천마산로 33",
            "세대수":80,
            "입주년차":40,
            "용적률점수":"--",
            "건폐율점수":"--",
            "세대당주차수":0,
            "난방방식":30,
            "공급면적":"--",
            "전용률":"--",
            "욕실수":50,
            "현관타입":100,
            "주거총점":54.0,
            "지역구공급총점":100.0,
            "역세권":"NA",
            "30분내 이동가능 거점":"NA",
            "1시간내 이동가능 거점":"NA",
            "교통총점":"NA",
            "백화점":0,
            "아울렛몰":0,
            "대형마트":80,
            "은행":0,
            "병원":80,
            "종합병원":100,
            "공원":100,
            "혐오시설":-50,
            "인프라총점":42.0,
            "초등학군":72.93,
            "중학군":52.36,
            "학군총점":56.474,
            "인구수":35.49,
            "인구증감":-1.97,
            "인구총점":24.252,
            "일자리":6.1,
            "소득수준":56.99,
            "일자리총점":21.367,
            "가치 총점":49.8185,
            "매매실거래년":20211225.0,
            "매매실거래가":19500.0,
            "전세실거래년":20211223.0,
            "전세실거래가":15700.0,
            "전세가율":89.71,
            "장기전세가율평균":81.44,
            "전세가율거품지수":-8.27,
            "검색코드":101784,
            "세대수":710.0,
            "준공년월":"2004-07-30",
            "준공년차":19.0,
            "가까운역이름":"NA",
            "가까운역거리":"NA",
            "역세권여부":"NA",
            "30분이내주요거점역":"NA",
            "1시간이내주요거점역":"NA",
            "3km이내백화점수":0,
            "5km이내아울렛몰수":0,
            "1km이내대형먀트수":1,
            "500m이내은행수":0,
            "500m이내병원수":32,
            "5km이내대형병원수":3,
            "500m이내공원수":7,
            "3km이내혐오시설수":1,
            "초등학교학업성취도":72.93,
            "중학교학업성취도":86.2,
            "용적률":146,
            "건폐율":14,
            "Y":35.864706,
            "X":127.126501,
            "rank":38.0,
            "area_info":"20평(67.51), 23평(77.52)",
            "last_sales":"2021-12-25,19500.0,23평(77.52)"
        },
        {
            "index":263,
            "아파트명":"송천현대3차",
            "투자타입":"일반",
            "전용면적(m2)":"77.88",
            "전용면적(평)":"23평",
            "법정동주소":"전라북도 전주시 덕진구 송천동2가 175-44",
            "도로명주소":"전라북도 전주시 덕진구 사근1길 11",
            "세대수":90,
            "입주년차":0,
            "용적률점수":"--",
            "건폐율점수":"--",
            "세대당주차수":30,
            "난방방식":30,
            "공급면적":"--",
            "전용률":"--",
            "욕실수":50,
            "현관타입":100,
            "주거총점":54.0,
            "지역구공급총점":100.0,
            "역세권":"NA",
            "30분내 이동가능 거점":"NA",
            "1시간내 이동가능 거점":"NA",
            "교통총점":"NA",
            "백화점":0,
            "아울렛몰":0,
            "대형마트":80,
            "은행":0,
            "병원":60,
            "종합병원":100,
            "공원":100,
            "혐오시설":-50,
            "인프라총점":40.0,
            "초등학군":87.73,
            "중학군":52.36,
            "학군총점":59.434,
            "인구수":35.49,
            "인구증감":-1.97,
            "인구총점":24.252,
            "일자리":6.1,
            "소득수준":56.99,
            "일자리총점":21.367,
            "가치 총점":49.7585,
            "매매실거래년":20211203.0,
            "매매실거래가":29500.0,
            "전세실거래년":20211209.0,
            "전세실거래가":13000.0,
            "전세가율":65.0,
            "장기전세가율평균":81.44,
            "전세가율거품지수":16.44,
            "검색코드":5515,
            "세대수":915.0,
            "준공년월":"1998-10-26",
            "준공년차":25.0,
            "가까운역이름":"NA",
            "가까운역거리":"NA",
            "역세권여부":"NA",
            "30분이내주요거점역":"NA",
            "1시간이내주요거점역":"NA",
            "3km이내백화점수":0,
            "5km이내아울렛몰수":0,
            "1km이내대형먀트수":1,
            "500m이내은행수":0,
            "500m이내병원수":22,
            "5km이내대형병원수":3,
            "500m이내공원수":6,
            "3km이내혐오시설수":1,
            "초등학교학업성취도":87.73,
            "중학교학업성취도":86.2,
            "용적률":222,
            "건폐율":20,
            "Y":35.867993,
            "X":127.128535,
            "rank":39.0,
            "area_info":"23평(77.88), 32평(106.5), 47평(157.68)",
            "last_sales":"2021-12-03,29500.0,32평(106.5)"
        },
        {
            "index":440,
            "아파트명":"쌍용",
            "투자타입":"재건축",
            "전용면적(m2)":"94.27",
            "전용면적(평)":"28평",
            "법정동주소":"전라북도 전주시 덕진구 인후동1가 산4-9",
            "도로명주소":"전라북도 전주시 덕진구 안덕원로 285",
            "세대수":0,
            "입주년차":"--",
            "용적률점수":100,
            "건폐율점수":80,
            "세대당주차수":"--",
            "난방방식":"--",
            "공급면적":70,
            "전용률":100,
            "욕실수":"--",
            "현관타입":"--",
            "주거총점":64.5,
            "지역구공급총점":100.0,
            "역세권":"NA",
            "30분내 이동가능 거점":"NA",
            "1시간내 이동가능 거점":"NA",
            "교통총점":"NA",
            "백화점":0,
            "아울렛몰":0,
            "대형마트":0,
            "은행":20,
            "병원":60,
            "종합병원":100,
            "공원":100,
            "혐오시설":0,
            "인프라총점":31.0,
            "초등학군":87.76,
            "중학군":50.82,
            "학군총점":58.208,
            "인구수":35.49,
            "인구증감":-1.97,
            "인구총점":24.252,
            "일자리":6.1,
            "소득수준":56.99,
            "일자리총점":21.367,
            "가치 총점":49.527,
            "매매실거래년":20211227.0,
            "매매실거래가":8500.0,
            "전세실거래년":20220111.0,
            "전세실거래가":8500.0,
            "전세가율":100.0,
            "장기전세가율평균":81.44,
            "전세가율거품지수":-18.56,
            "검색코드":5560,
            "세대수":140.0,
            "준공년월":"1983-12-28",
            "준공년차":40.0,
            "가까운역이름":"NA",
            "가까운역거리":"NA",
            "역세권여부":"NA",
            "30분이내주요거점역":"NA",
            "1시간이내주요거점역":"NA",
            "3km이내백화점수":0,
            "5km이내아울렛몰수":0,
            "1km이내대형먀트수":0,
            "500m이내은행수":2,
            "500m이내병원수":19,
            "5km이내대형병원수":5,
            "500m이내공원수":7,
            "3km이내혐오시설수":0,
            "초등학교학업성취도":87.76,
            "중학교학업성취도":84.3,
            "용적률":145,
            "건폐율":29,
            "Y":35.837693,
            "X":127.157956,
            "rank":40.0,
            "area_info":"28평(94.27), 37평(123.12)",
            "last_sales":"2021-12-27,8500.0,28평(94.27)"
        },
        {
            "index":256,
            "아파트명":"송천주공",
            "투자타입":"일반",
            "전용면적(m2)":"62.92",
            "전용면적(평)":"19평",
            "법정동주소":"전라북도 전주시 덕진구 송천동2가 1268",
            "도로명주소":"전라북도 전주시 덕진구 붓내3길 29",
            "세대수":100,
            "입주년차":0,
            "용적률점수":"--",
            "건폐율점수":"--",
            "세대당주차수":0,
            "난방방식":30,
            "공급면적":"--",
            "전용률":"--",
            "욕실수":50,
            "현관타입":100,
            "주거총점":53.0,
            "지역구공급총점":100.0,
            "역세권":"NA",
            "30분내 이동가능 거점":"NA",
            "1시간내 이동가능 거점":"NA",
            "교통총점":"NA",
            "백화점":0,
            "아울렛몰":0,
            "대형마트":80,
            "은행":0,
            "병원":60,
            "종합병원":100,
            "공원":100,
            "혐오시설":-50,
            "인프라총점":40.0,
            "초등학군":87.73,
            "중학군":52.36,
            "학군총점":59.434,
            "인구수":35.49,
            "인구증감":-1.97,
            "인구총점":24.252,
            "일자리":6.1,
            "소득수준":56.99,
            "일자리총점":21.367,
            "가치 총점":49.4085,
            "매매실거래년":20220109.0,
            "매매실거래가":14000.0,
            "전세실거래년":20211116.0,
            "전세실거래가":11750.0,
            "전세가율":83.93,
            "장기전세가율평균":81.44,
            "전세가율거품지수":-2.49,
            "검색코드":15032,
            "세대수":1992.0,
            "준공년월":"1998-12-28",
            "준공년차":25.0,
            "가까운역이름":"NA",
            "가까운역거리":"NA",
            "역세권여부":"NA",
            "30분이내주요거점역":"NA",
            "1시간이내주요거점역":"NA",
            "3km이내백화점수":0,
            "5km이내아울렛몰수":0,
            "1km이내대형먀트수":1,
            "500m이내은행수":0,
            "500m이내병원수":22,
            "5km이내대형병원수":3,
            "500m이내공원수":8,
            "3km이내혐오시설수":1,
            "초등학교학업성취도":87.73,
            "중학교학업성취도":86.2,
            "용적률":179,
            "건폐율":16,
            "Y":35.86803,
            "X":127.124947,
            "rank":41.0,
            "area_info":"19평(62.92), 23평(76.88), 23평(77.08), 32평(108.7), 32평(109.08)",
            "last_sales":"2022-01-09,14000.0,19평(62.92)"
        },
        {
            "index":21,
            "아파트명":"천년이지움",
            "투자타입":"일반",
            "전용면적(m2)":"81.56",
            "전용면적(평)":"24평",
            "법정동주소":"전라북도 전주시 덕진구 금암동 1640",
            "도로명주소":"전라북도 전주시 덕진구 거북바우1길 16-6",
            "세대수":0,
            "입주년차":80,
            "용적률점수":"--",
            "건폐율점수":"--",
            "세대당주차수":30,
            "난방방식":30,
            "공급면적":"--",
            "전용률":"--",
            "욕실수":100,
            "현관타입":100,
            "주거총점":43.5,
            "지역구공급총점":100.0,
            "역세권":"NA",
            "30분내 이동가능 거점":"NA",
            "1시간내 이동가능 거점":"NA",
            "교통총점":"NA",
            "백화점":100,
            "아울렛몰":0,
            "대형마트":0,
            "은행":0,
            "병원":30,
            "종합병원":100,
            "공원":100,
            "혐오시설":0,
            "인프라총점":56.0,
            "초등학군":88.85,
            "중학군":35.54,
            "학군총점":46.202,
            "인구수":35.49,
            "인구증감":-1.97,
            "인구총점":24.252,
            "일자리":6.1,
            "소득수준":56.99,
            "일자리총점":21.367,
            "가치 총점":49.1755,
            "매매실거래년":20211205.0,
            "매매실거래가":22000.0,
            "전세실거래년":20210515.0,
            "전세실거래가":16000.0,
            "전세가율":72.73,
            "장기전세가율평균":81.44,
            "전세가율거품지수":8.71,
            "검색코드":111285,
            "세대수":218.0,
            "준공년월":"2018-01-23",
            "준공년차":5.0,
            "가까운역이름":"NA",
            "가까운역거리":"NA",
            "역세권여부":"NA",
            "30분이내주요거점역":"NA",
            "1시간이내주요거점역":"NA",
            "3km이내백화점수":1,
            "5km이내아울렛몰수":0,
            "1km이내대형먀트수":0,
            "500m이내은행수":1,
            "500m이내병원수":6,
            "5km이내대형병원수":5,
            "500m이내공원수":2,
            "3km이내혐오시설수":0,
            "초등학교학업성취도":88.85,
            "중학교학업성취도":55.9,
            "용적률":223,
            "건폐율":18,
            "Y":35.835702,
            "X":127.137697,
            "rank":42.0,
            "area_info":"24평(81.56), 34평(114.26), 34평(114.24)",
            "last_sales":"2021-12-05,22000.0,24평(81.56)"
        },
        {
            "index":294,
            "아파트명":"에코시티더샵3차",
            "투자타입":"일반",
            "전용면적(m2)":"80.57",
            "전용면적(평)":"24평",
            "법정동주소":"전라북도 전주시 덕진구 송천동2가 1304",
            "도로명주소":"전라북도 전주시 덕진구 세병로 136",
            "세대수":50,
            "입주년차":100,
            "용적률점수":"--",
            "건폐율점수":"--",
            "세대당주차수":60,
            "난방방식":30,
            "공급면적":"--",
            "전용률":"--",
            "욕실수":100,
            "현관타입":100,
            "주거총점":69.5,
            "지역구공급총점":100.0,
            "역세권":"NA",
            "30분내 이동가능 거점":"NA",
            "1시간내 이동가능 거점":"NA",
            "교통총점":"NA",
            "백화점":0,
            "아울렛몰":0,
            "대형마트":0,
            "은행":0,
            "병원":30,
            "종합병원":100,
            "공원":0,
            "혐오시설":0,
            "인프라총점":23.0,
            "초등학군":100.0,
            "중학군":52.36,
            "학군총점":61.888,
            "인구수":35.49,
            "인구증감":-1.97,
            "인구총점":24.252,
            "일자리":6.1,
            "소득수준":56.99,
            "일자리총점":21.367,
            "가치 총점":48.997,
            "매매실거래년":20211120.0,
            "매매실거래가":65800.0,
            "전세실거래년":20211220.0,
            "전세실거래가":30000.0,
            "전세가율":70.26,
            "장기전세가율평균":81.44,
            "전세가율거품지수":11.18,
            "검색코드":115525,
            "세대수":644.0,
            "준공년월":"2019-03-15",
            "준공년차":4.0,
            "가까운역이름":"NA",
            "가까운역거리":"NA",
            "역세권여부":"NA",
            "30분이내주요거점역":"NA",
            "1시간이내주요거점역":"NA",
            "3km이내백화점수":0,
            "5km이내아울렛몰수":0,
            "1km이내대형먀트수":0,
            "500m이내은행수":0,
            "500m이내병원수":6,
            "5km이내대형병원수":2,
            "500m이내공원수":0,
            "3km이내혐오시설수":0,
            "초등학교학업성취도":100.0,
            "중학교학업성취도":86.2,
            "용적률":209,
            "건폐율":13,
            "Y":35.877867,
            "X":127.136894,
            "rank":43.0,
            "area_info":"24평(80.57), 24평(80.97), 34평(112.69), 34평(113.94), 34평(113.1), 34평(113.94), 39평(132.15), 46평(155.2), 46평(155.2)",
            "last_sales":"2021-11-20,65800.0,34평(112.69)"
        },
        {
            "index":196,
            "아파트명":"송천아이파크5단지",
            "투자타입":"일반",
            "전용면적(m2)":"135.45",
            "전용면적(평)":"40평",
            "법정동주소":"전라북도 전주시 덕진구 송천동1가 870",
            "도로명주소":"전라북도 전주시 덕진구 오송로 45",
            "세대수":50,
            "입주년차":60,
            "용적률점수":"--",
            "건폐율점수":"--",
            "세대당주차수":80,
            "난방방식":30,
            "공급면적":"--",
            "전용률":"--",
            "욕실수":100,
            "현관타입":100,
            "주거총점":64.5,
            "지역구공급총점":100.0,
            "역세권":"NA",
            "30분내 이동가능 거점":"NA",
            "1시간내 이동가능 거점":"NA",
            "교통총점":"NA",
            "백화점":0,
            "아울렛몰":0,
            "대형마트":0,
            "은행":0,
            "병원":60,
            "종합병원":100,
            "공원":80,
            "혐오시설":0,
            "인프라총점":28.4,
            "초등학군":90.24,
            "중학군":52.36,
            "학군총점":59.936,
            "인구수":35.49,
            "인구증감":-1.97,
            "인구총점":24.252,
            "일자리":6.1,
            "소득수준":56.99,
            "일자리총점":21.367,
            "가치 총점":48.919,
            "매매실거래년":20211009.0,
            "매매실거래가":61000.0,
            "전세실거래년":20211014.0,
            "전세실거래가":40000.0,
            "전세가율":82.47,
            "장기전세가율평균":81.44,
            "전세가율거품지수":-1.03,
            "검색코드":27176,
            "세대수":478.0,
            "준공년월":"2009-05-29",
            "준공년차":14.0,
            "가까운역이름":"NA",
            "가까운역거리":"NA",
            "역세권여부":"NA",
            "30분이내주요거점역":"NA",
            "1시간이내주요거점역":"NA",
            "3km이내백화점수":0,
            "5km이내아울렛몰수":0,
            "1km이내대형먀트수":0,
            "500m이내은행수":0,
            "500m이내병원수":14,
            "5km이내대형병원수":3,
            "500m이내공원수":1,
            "3km이내혐오시설수":0,
            "초등학교학업성취도":90.24,
            "중학교학업성취도":86.2,
            "용적률":207,
            "건폐율":23,
            "Y":35.861911,
            "X":127.130052,
            "rank":44.0,
            "area_info":"40평(135.45), 49평(164.52), 57평(191.61), 65평(216.95)",
            "last_sales":"2021-10-09,61000.0,65평(216.95)"
        },
        {
            "index":388,
            "아파트명":"KTX전주역클래시아더스카이",
            "투자타입":"일반",
            "전용면적(m2)":"80.78",
            "전용면적(평)":"24평",
            "법정동주소":"전라북도 전주시 덕진구 우아동3가 766",
            "도로명주소":"전라북도 전주시 덕진구 동부대로 670",
            "세대수":30,
            "입주년차":100,
            "용적률점수":"--",
            "건폐율점수":"--",
            "세대당주차수":60,
            "난방방식":30,
            "공급면적":"--",
            "전용률":"--",
            "욕실수":100,
            "현관타입":100,
            "주거총점":62.5,
            "지역구공급총점":100.0,
            "역세권":"NA",
            "30분내 이동가능 거점":"NA",
            "1시간내 이동가능 거점":"NA",
            "교통총점":"NA",
            "백화점":0,
            "아울렛몰":0,
            "대형마트":80,
            "은행":0,
            "병원":10,
            "종합병원":100,
            "공원":100,
            "혐오시설":0,
            "인프라총점":36.0,
            "초등학군":88.36,
            "중학군":40.6,
            "학군총점":50.152,
            "인구수":35.49,
            "인구증감":-1.97,
            "인구총점":24.252,
            "일자리":6.1,
            "소득수준":56.99,
            "일자리총점":21.367,
            "가치 총점":48.813,
            "매매실거래년":20210507.0,
            "매매실거래가":29726.0,
            "전세실거래년":null,
            "전세실거래가":null,
            "전세가율":null,
            "장기전세가율평균":81.44,
            "전세가율거품지수":null,
            "검색코드":122036,
            "세대수":323.0,
            "준공년월":"2021-02-01",
            "준공년차":2.0,
            "가까운역이름":"NA",
            "가까운역거리":"NA",
            "역세권여부":"NA",
            "30분이내주요거점역":"NA",
            "1시간이내주요거점역":"NA",
            "3km이내백화점수":0,
            "5km이내아울렛몰수":0,
            "1km이내대형먀트수":1,
            "500m이내은행수":0,
            "500m이내병원수":2,
            "5km이내대형병원수":5,
            "500m이내공원수":4,
            "3km이내혐오시설수":0,
            "초등학교학업성취도":88.36,
            "중학교학업성취도":66.0,
            "용적률":0,
            "건폐율":0,
            "Y":35.848611,
            "X":127.161908,
            "rank":45.0,
            "area_info":"24평(80.78), 24평(81.65), 28평(95.79), 33평(111.97), 33평(111.47)",
            "last_sales":"2021-05-07,29726.0,33평(111.47)"
        },
        {
            "index":322,
            "아파트명":"에코시티자이2차",
            "투자타입":"일반",
            "전용면적(m2)":"110.92",
            "전용면적(평)":"33평",
            "법정동주소":"전라북도 전주시 덕진구 송천동2가 1307",
            "도로명주소":"전라북도 전주시 덕진구 세병로 131",
            "세대수":50,
            "입주년차":80,
            "용적률점수":"--",
            "건폐율점수":"--",
            "세대당주차수":60,
            "난방방식":30,
            "공급면적":"--",
            "전용률":"--",
            "욕실수":100,
            "현관타입":100,
            "주거총점":65.5,
            "지역구공급총점":100.0,
            "역세권":"NA",
            "30분내 이동가능 거점":"NA",
            "1시간내 이동가능 거점":"NA",
            "교통총점":"NA",
            "백화점":0,
            "아울렛몰":0,
            "대형마트":0,
            "은행":0,
            "병원":30,
            "종합병원":100,
            "공원":80,
            "혐오시설":0,
            "인프라총점":25.4,
            "초등학군":100.0,
            "중학군":52.36,
            "학군총점":61.888,
            "인구수":35.49,
            "인구증감":-1.97,
            "인구총점":24.252,
            "일자리":6.1,
            "소득수준":56.99,
            "일자리총점":21.367,
            "가치 총점":48.557,
            "매매실거래년":20211204.0,
            "매매실거래가":60000.0,
            "전세실거래년":20210918.0,
            "전세실거래가":40000.0,
            "전세가율":66.67,
            "장기전세가율평균":81.44,
            "전세가율거품지수":14.77,
            "검색코드":115524,
            "세대수":490.0,
            "준공년월":"2018-10-29",
            "준공년차":5.0,
            "가까운역이름":"NA",
            "가까운역거리":"NA",
            "역세권여부":"NA",
            "30분이내주요거점역":"NA",
            "1시간이내주요거점역":"NA",
            "3km이내백화점수":0,
            "5km이내아울렛몰수":0,
            "1km이내대형먀트수":0,
            "500m이내은행수":1,
            "500m이내병원수":7,
            "5km이내대형병원수":3,
            "500m이내공원수":1,
            "3km이내혐오시설수":0,
            "초등학교학업성취도":100.0,
            "중학교학업성취도":86.2,
            "용적률":213,
            "건폐율":20,
            "Y":35.876063,
            "X":127.135396,
            "rank":46.0,
            "area_info":"33평(110.92), 33평(110.92), 33평(111.67), 46평(154.98)",
            "last_sales":"2021-12-04,60000.0,33평(110.92)"
        },
        {
            "index":159,
            "아파트명":"비사벌(468-2)",
            "투자타입":"재건축",
            "전용면적(m2)":"48.46",
            "전용면적(평)":"14평",
            "법정동주소":"전라북도 전주시 덕진구 송천동1가 468-2",
            "도로명주소":"전라북도 전주시 덕진구 송천2길 10",
            "세대수":50,
            "입주년차":"--",
            "용적률점수":0,
            "건폐율점수":0,
            "세대당주차수":"--",
            "난방방식":"--",
            "공급면적":50,
            "전용률":80,
            "욕실수":"--",
            "현관타입":"--",
            "주거총점":21.5,
            "지역구공급총점":100.0,
            "역세권":"NA",
            "30분내 이동가능 거점":"NA",
            "1시간내 이동가능 거점":"NA",
            "교통총점":"NA",
            "백화점":100,
            "아울렛몰":0,
            "대형마트":80,
            "은행":20,
            "병원":60,
            "종합병원":100,
            "공원":100,
            "혐오시설":-50,
            "인프라총점":72.0,
            "초등학군":90.18,
            "중학군":37.44,
            "학군총점":47.988,
            "인구수":35.49,
            "인구증감":-1.97,
            "인구총점":24.252,
            "일자리":6.1,
            "소득수준":56.99,
            "일자리총점":21.367,
            "가치 총점":48.322,
            "매매실거래년":20211218.0,
            "매매실거래가":8900.0,
            "전세실거래년":20220108.0,
            "전세실거래가":4725.0,
            "전세가율":53.09,
            "장기전세가율평균":81.44,
            "전세가율거품지수":28.35,
            "검색코드":5476,
            "세대수":533.0,
            "준공년월":"1984-02-04",
            "준공년차":39.0,
            "가까운역이름":"NA",
            "가까운역거리":"NA",
            "역세권여부":"NA",
            "30분이내주요거점역":"NA",
            "1시간이내주요거점역":"NA",
            "3km이내백화점수":1,
            "5km이내아울렛몰수":0,
            "1km이내대형먀트수":1,
            "500m이내은행수":2,
            "500m이내병원수":29,
            "5km이내대형병원수":3,
            "500m이내공원수":3,
            "3km이내혐오시설수":1,
            "초등학교학업성취도":90.18,
            "중학교학업성취도":62.4,
            "용적률":0,
            "건폐율":0,
            "Y":35.860481,
            "X":127.119395,
            "rank":47.0,
            "area_info":"14평(48.46), 18평(59.76), 19평(64.52), 19평(65.22), 20평(66.15), 21평(69.64), 21평(69.66), 21평(70.2)",
            "last_sales":"2021-12-18,8900.0,14평(48.46)"
        },
        {
            "index":118,
            "아파트명":"제일풍경채",
            "투자타입":"일반",
            "전용면적(m2)":"111.48",
            "전용면적(평)":"33평",
            "법정동주소":"전라북도 전주시 덕진구 만성동 1290-1",
            "도로명주소":"전라북도 전주시 덕진구 만성동로 48",
            "세대수":50,
            "입주년차":80,
            "용적률점수":"--",
            "건폐율점수":"--",
            "세대당주차수":60,
            "난방방식":30,
            "공급면적":"--",
            "전용률":"--",
            "욕실수":100,
            "현관타입":100,
            "주거총점":65.5,
            "지역구공급총점":100.0,
            "역세권":"NA",
            "30분내 이동가능 거점":"NA",
            "1시간내 이동가능 거점":"NA",
            "교통총점":"NA",
            "백화점":0,
            "아울렛몰":0,
            "대형마트":0,
            "은행":0,
            "병원":60,
            "종합병원":80,
            "공원":100,
            "혐오시설":0,
            "인프라총점":25.0,
            "초등학군":100.0,
            "중학군":51.42,
            "학군총점":61.136,
            "인구수":35.49,
            "인구증감":-1.97,
            "인구총점":24.252,
            "일자리":6.1,
            "소득수준":56.99,
            "일자리총점":21.367,
            "가치 총점":48.209,
            "매매실거래년":20211104.0,
            "매매실거래가":52000.0,
            "전세실거래년":20211020.0,
            "전세실거래가":24500.0,
            "전세가율":47.12,
            "장기전세가율평균":81.44,
            "전세가율거품지수":34.32,
            "검색코드":113510,
            "세대수":553.0,
            "준공년월":"2018-02-02",
            "준공년차":5.0,
            "가까운역이름":"NA",
            "가까운역거리":"NA",
            "역세권여부":"NA",
            "30분이내주요거점역":"NA",
            "1시간이내주요거점역":"NA",
            "3km이내백화점수":0,
            "5km이내아울렛몰수":0,
            "1km이내대형먀트수":0,
            "500m이내은행수":1,
            "500m이내병원수":10,
            "5km이내대형병원수":1,
            "500m이내공원수":6,
            "3km이내혐오시설수":0,
            "초등학교학업성취도":100.0,
            "중학교학업성취도":85.7,
            "용적률":179,
            "건폐율":15,
            "Y":35.839252,
            "X":127.078109,
            "rank":48.0,
            "area_info":"33평(111.48), 33평(111.92), 40평(133.7)",
            "last_sales":"2021-11-04,52000.0,33평(111.48)"
        },
        {
            "index":154,
            "아파트명":"라이프",
            "투자타입":"재건축",
            "전용면적(m2)":"101.97",
            "전용면적(평)":"30평",
            "법정동주소":"전라북도 전주시 덕진구 송천동1가 417",
            "도로명주소":"전라북도 전주시 덕진구 송천2길 25",
            "세대수":0,
            "입주년차":"--",
            "용적률점수":0,
            "건폐율점수":0,
            "세대당주차수":"--",
            "난방방식":"--",
            "공급면적":90,
            "전용률":80,
            "욕실수":"--",
            "현관타입":"--",
            "주거총점":8.5,
            "지역구공급총점":100.0,
            "역세권":"NA",
            "30분내 이동가능 거점":"NA",
            "1시간내 이동가능 거점":"NA",
            "교통총점":"NA",
            "백화점":100,
            "아울렛몰":0,
            "대형마트":80,
            "은행":70,
            "병원":60,
            "종합병원":100,
            "공원":100,
            "혐오시설":0,
            "인프라총점":78.0,
            "초등학군":86.97,
            "중학군":48.4,
            "학군총점":56.114,
            "인구수":35.49,
            "인구증감":-1.97,
            "인구총점":24.252,
            "일자리":6.1,
            "소득수준":56.99,
            "일자리총점":21.367,
            "가치 총점":48.2035,
            "매매실거래년":20211208.0,
            "매매실거래가":12500.0,
            "전세실거래년":20210807.0,
            "전세실거래가":11500.0,
            "전세가율":92.0,
            "장기전세가율평균":81.44,
            "전세가율거품지수":-10.56,
            "검색코드":5469,
            "세대수":174.0,
            "준공년월":"1991-03-11",
            "준공년차":32.0,
            "가까운역이름":"NA",
            "가까운역거리":"NA",
            "역세권여부":"NA",
            "30분이내주요거점역":"NA",
            "1시간이내주요거점역":"NA",
            "3km이내백화점수":1,
            "5km이내아울렛몰수":0,
            "1km이내대형먀트수":1,
            "500m이내은행수":3,
            "500m이내병원수":29,
            "5km이내대형병원수":4,
            "500m이내공원수":2,
            "3km이내혐오시설수":0,
            "초등학교학업성취도":86.97,
            "중학교학업성취도":79.8,
            "용적률":0,
            "건폐율":0,
            "Y":35.859261,
            "X":127.118998,
            "rank":49.0,
            "area_info":"30평(101.97), 30평(101.15)",
            "last_sales":"2021-12-08,12500.0,30평(101.97)"
        },
        {
            "index":427,
            "아파트명":"더샵인후센트럴",
            "투자타입":"일반",
            "전용면적(m2)":"83.0",
            "전용면적(평)":"25평",
            "법정동주소":"전라북도 전주시 덕진구 인후동1가 1043",
            "도로명주소":"전라북도 전주시 덕진구 진버들5길 21",
            "세대수":50,
            "입주년차":100,
            "용적률점수":"--",
            "건폐율점수":"--",
            "세대당주차수":30,
            "난방방식":30,
            "공급면적":"--",
            "전용률":"--",
            "욕실수":100,
            "현관타입":100,
            "주거총점":65.0,
            "지역구공급총점":100.0,
            "역세권":"NA",
            "30분내 이동가능 거점":"NA",
            "1시간내 이동가능 거점":"NA",
            "교통총점":"NA",
            "백화점":0,
            "아울렛몰":0,
            "대형마트":0,
            "은행":0,
            "병원":60,
            "종합병원":100,
            "공원":100,
            "혐오시설":0,
            "인프라총점":29.0,
            "초등학군":87.76,
            "중학군":46.96,
            "학군총점":55.12,
            "인구수":35.49,
            "인구증감":-1.97,
            "인구총점":24.252,
            "일자리":6.1,
            "소득수준":56.99,
            "일자리총점":21.367,
            "가치 총점":48.13,
            "매매실거래년":20201116.0,
            "매매실거래가":23940.0,
            "전세실거래년":null,
            "전세실거래가":null,
            "전세가율":null,
            "장기전세가율평균":81.44,
            "전세가율거품지수":null,
            "검색코드":122137,
            "세대수":478.0,
            "준공년월":"2020-08-14",
            "준공년차":3.0,
            "가까운역이름":"NA",
            "가까운역거리":"NA",
            "역세권여부":"NA",
            "30분이내주요거점역":"NA",
            "1시간이내주요거점역":"NA",
            "3km이내백화점수":0,
            "5km이내아울렛몰수":0,
            "1km이내대형먀트수":0,
            "500m이내은행수":1,
            "500m이내병원수":21,
            "5km이내대형병원수":5,
            "500m이내공원수":5,
            "3km이내혐오시설수":0,
            "초등학교학업성취도":87.76,
            "중학교학업성취도":77.0,
            "용적률":249,
            "건폐율":16,
            "Y":35.836778,
            "X":127.163432,
            "rank":50.0,
            "area_info":"25평(83.0), 31평(105.21), 31평(105.63)",
            "last_sales":"2020-11-16,23940.0,25평(83.0)"
        },
        {
            "index":308,
            "아파트명":"에코시티데시앙2차(7BL)",
            "투자타입":"일반",
            "전용면적(m2)":"82.36",
            "전용면적(평)":"24평",
            "법정동주소":"전라북도 전주시 덕진구 송천동2가 1343",
            "도로명주소":"전라북도 전주시 덕진구 세병로 112",
            "세대수":50,
            "입주년차":100,
            "용적률점수":"--",
            "건폐율점수":"--",
            "세대당주차수":60,
            "난방방식":30,
            "공급면적":"--",
            "전용률":"--",
            "욕실수":100,
            "현관타입":100,
            "주거총점":69.5,
            "지역구공급총점":100.0,
            "역세권":"NA",
            "30분내 이동가능 거점":"NA",
            "1시간내 이동가능 거점":"NA",
            "교통총점":"NA",
            "백화점":0,
            "아울렛몰":0,
            "대형마트":0,
            "은행":0,
            "병원":0,
            "종합병원":100,
            "공원":100,
            "혐오시설":0,
            "인프라총점":23.0,
            "초등학군":76.88,
            "중학군":52.36,
            "학군총점":57.264,
            "인구수":35.49,
            "인구증감":-1.97,
            "인구총점":24.252,
            "일자리":6.1,
            "소득수준":56.99,
            "일자리총점":21.367,
            "가치 총점":47.841,
            "매매실거래년":20211204.0,
            "매매실거래가":40900.0,
            "전세실거래년":20211030.0,
            "전세실거래가":31000.0,
            "전세가율":75.79,
            "장기전세가율평균":81.44,
            "전세가율거품지수":5.65,
            "검색코드":113343,
            "세대수":643.0,
            "준공년월":"2019-01-31",
            "준공년차":4.0,
            "가까운역이름":"NA",
            "가까운역거리":"NA",
            "역세권여부":"NA",
            "30분이내주요거점역":"NA",
            "1시간이내주요거점역":"NA",
            "3km이내백화점수":0,
            "5km이내아울렛몰수":0,
            "1km이내대형먀트수":0,
            "500m이내은행수":1,
            "500m이내병원수":1,
            "5km이내대형병원수":3,
            "500m이내공원수":2,
            "3km이내혐오시설수":0,
            "초등학교학업성취도":76.88,
            "중학교학업성취도":86.2,
            "용적률":209,
            "건폐율":17,
            "Y":35.873349,
            "X":127.135662,
            "rank":51.0,
            "area_info":"24평(82.36), 24평(82.26), 35평(115.88), 40평(133.49)",
            "last_sales":"2021-12-04,40900.0,24평(82.36)"
        },
        {
            "index":217,
            "아파트명":"송학",
            "투자타입":"일반",
            "전용면적(m2)":"84.65",
            "전용면적(평)":"25평",
            "법정동주소":"전라북도 전주시 덕진구 송천동1가 395-16",
            "도로명주소":"전라북도 전주시 덕진구 솔내5길 5",
            "세대수":0,
            "입주년차":20,
            "용적률점수":"--",
            "건폐율점수":"--",
            "세대당주차수":0,
            "난방방식":30,
            "공급면적":"--",
            "전용률":"--",
            "욕실수":50,
            "현관타입":10,
            "주거총점":13.0,
            "지역구공급총점":100.0,
            "역세권":"NA",
            "30분내 이동가능 거점":"NA",
            "1시간내 이동가능 거점":"NA",
            "교통총점":"NA",
            "백화점":100,
            "아울렛몰":0,
            "대형마트":80,
            "은행":20,
            "병원":60,
            "종합병원":100,
            "공원":100,
            "혐오시설":0,
            "인프라총점":73.0,
            "초등학군":86.97,
            "중학군":48.4,
            "학군총점":56.114,
            "인구수":35.49,
            "인구증감":-1.97,
            "인구총점":24.252,
            "일자리":6.1,
            "소득수준":56.99,
            "일자리총점":21.367,
            "가치 총점":47.7785,
            "매매실거래년":20211201.0,
            "매매실거래가":9500.0,
            "전세실거래년":20211006.0,
            "전세실거래가":11000.0,
            "전세가율":115.79,
            "장기전세가율평균":81.44,
            "전세가율거품지수":-34.35,
            "검색코드":25368,
            "세대수":183.0,
            "준공년월":"2002-06-24",
            "준공년차":21.0,
            "가까운역이름":"NA",
            "가까운역거리":"NA",
            "역세권여부":"NA",
            "30분이내주요거점역":"NA",
            "1시간이내주요거점역":"NA",
            "3km이내백화점수":1,
            "5km이내아울렛몰수":0,
            "1km이내대형먀트수":1,
            "500m이내은행수":2,
            "500m이내병원수":28,
            "5km이내대형병원수":5,
            "500m이내공원수":2,
            "3km이내혐오시설수":0,
            "초등학교학업성취도":86.97,
            "중학교학업성취도":79.8,
            "용적률":392,
            "건폐율":32,
            "Y":35.858262,
            "X":127.121545,
            "rank":52.0,
            "area_info":"25평(84.65), 30평(100.1), 36평(121.01)",
            "last_sales":"2021-12-01,9500.0,25평(84.65)"
        },
        {
            "index":35,
            "아파트명":"명성강변",
            "투자타입":"일반",
            "전용면적(m2)":"66.53",
            "전용면적(평)":"20평",
            "법정동주소":"전라북도 전주시 덕진구 덕진동1가 1548-49",
            "도로명주소":"전라북도 전주시 덕진구 가리내로 204",
            "세대수":0,
            "입주년차":0,
            "용적률점수":"--",
            "건폐율점수":"--",
            "세대당주차수":0,
            "난방방식":30,
            "공급면적":"--",
            "전용률":"--",
            "욕실수":50,
            "현관타입":100,
            "주거총점":18.0,
            "지역구공급총점":100.0,
            "역세권":"NA",
            "30분내 이동가능 거점":"NA",
            "1시간내 이동가능 거점":"NA",
            "교통총점":"NA",
            "백화점":100,
            "아울렛몰":0,
            "대형마트":80,
            "은행":0,
            "병원":30,
            "종합병원":100,
            "공원":100,
            "혐오시설":0,
            "인프라총점":68.0,
            "초등학군":84.77,
            "중학군":48.98,
            "학군총점":56.138,
            "인구수":35.49,
            "인구증감":-1.97,
            "인구총점":24.252,
            "일자리":6.1,
            "소득수준":56.99,
            "일자리총점":21.367,
            "가치 총점":47.5345,
            "매매실거래년":"18000101",
            "매매실거래가":null,
            "전세실거래년":null,
            "전세실거래가":null,
            "전세가율":null,
            "장기전세가율평균":81.44,
            "전세가율거품지수":null,
            "검색코드":128100,
            "세대수":276.0,
            "준공년월":"1997-01-04",
            "준공년차":26.0,
            "가까운역이름":"NA",
            "가까운역거리":"NA",
            "역세권여부":"NA",
            "30분이내주요거점역":"NA",
            "1시간이내주요거점역":"NA",
            "3km이내백화점수":1,
            "5km이내아울렛몰수":0,
            "1km이내대형먀트수":1,
            "500m이내은행수":0,
            "500m이내병원수":7,
            "5km이내대형병원수":5,
            "500m이내공원수":3,
            "3km이내혐오시설수":0,
            "초등학교학업성취도":84.77,
            "중학교학업성취도":81.1,
            "용적률":293,
            "건폐율":22,
            "Y":35.839143,
            "X":127.115578,
            "rank":53.0,
            "area_info":"20평(66.53), 21평(72.58), 23평(79.3), 24평(80.71)",
            "last_sales":"1800-01-01,nan,20평(66.53)"
        },
        {
            "index":619,
            "아파트명":"진흥더블유파크3단지",
            "투자타입":"일반",
            "전용면적(m2)":"112.51",
            "전용면적(평)":"34평",
            "법정동주소":"전라북도 전주시 덕진구 호성동2가 634",
            "도로명주소":"전라북도 전주시 덕진구 호성로 170",
            "세대수":80,
            "입주년차":40,
            "용적률점수":"--",
            "건폐율점수":"--",
            "세대당주차수":60,
            "난방방식":30,
            "공급면적":"--",
            "전용률":"--",
            "욕실수":100,
            "현관타입":100,
            "주거총점":68.0,
            "지역구공급총점":100.0,
            "역세권":"NA",
            "30분내 이동가능 거점":"NA",
            "1시간내 이동가능 거점":"NA",
            "교통총점":"NA",
            "백화점":0,
            "아울렛몰":0,
            "대형마트":0,
            "은행":0,
            "병원":0,
            "종합병원":100,
            "공원":0,
            "혐오시설":0,
            "인프라총점":20.0,
            "초등학군":91.54,
            "중학군":55.52,
            "학군총점":62.724,
            "인구수":35.49,
            "인구증감":-1.97,
            "인구총점":24.252,
            "일자리":6.1,
            "소득수준":56.99,
            "일자리총점":21.367,
            "가치 총점":47.481,
            "매매실거래년":20211125.0,
            "매매실거래가":39500.0,
            "전세실거래년":20200713.0,
            "전세실거래가":21000.0,
            "전세가율":61.76,
            "장기전세가율평균":81.44,
            "전세가율거품지수":19.68,
            "검색코드":25705,
            "세대수":791.0,
            "준공년월":"2008-09-26",
            "준공년차":15.0,
            "가까운역이름":"NA",
            "가까운역거리":"NA",
            "역세권여부":"NA",
            "30분이내주요거점역":"NA",
            "1시간이내주요거점역":"NA",
            "3km이내백화점수":0,
            "5km이내아울렛몰수":0,
            "1km이내대형먀트수":0,
            "500m이내은행수":0,
            "500m이내병원수":1,
            "5km이내대형병원수":3,
            "500m이내공원수":0,
            "3km이내혐오시설수":0,
            "초등학교학업성취도":91.54,
            "중학교학업성취도":91.8,
            "용적률":221,
            "건폐율":23,
            "Y":35.866296,
            "X":127.145772,
            "rank":54.0,
            "area_info":"34평(112.51), 39평(129.98), 39평(132.17), 49평(162.9), 58평(192.83)",
            "last_sales":"2021-11-25,39500.0,49평(162.9)"
        },
        {
            "index":457,
            "아파트명":"아중현대",
            "투자타입":"일반",
            "전용면적(m2)":"102.37",
            "전용면적(평)":"30평",
            "법정동주소":"전라북도 전주시 덕진구 인후동1가 858-2",
            "도로명주소":"전라북도 전주시 덕진구 석소로 55",
            "세대수":90,
            "입주년차":0,
            "용적률점수":"--",
            "건폐율점수":"--",
            "세대당주차수":30,
            "난방방식":30,
            "공급면적":"--",
            "전용률":"--",
            "욕실수":100,
            "현관타입":100,
            "주거총점":59.0,
            "지역구공급총점":100.0,
            "역세권":"NA",
            "30분내 이동가능 거점":"NA",
            "1시간내 이동가능 거점":"NA",
            "교통총점":"NA",
            "백화점":0,
            "아울렛몰":0,
            "대형마트":0,
            "은행":20,
            "병원":60,
            "종합병원":100,
            "공원":100,
            "혐오시설":0,
            "인프라총점":31.0,
            "초등학군":86.38,
            "중학군":46.96,
            "학군총점":54.844,
            "인구수":35.49,
            "인구증감":-1.97,
            "인구총점":24.252,
            "일자리":6.1,
            "소득수준":56.99,
            "일자리총점":21.367,
            "가치 총점":46.761,
            "매매실거래년":20220113.0,
            "매매실거래가":22000.0,
            "전세실거래년":20211204.0,
            "전세실거래가":20000.0,
            "전세가율":90.91,
            "장기전세가율평균":81.44,
            "전세가율거품지수":-9.47,
            "검색코드":5575,
            "세대수":1153.0,
            "준공년월":"1998-01-13",
            "준공년차":25.0,
            "가까운역이름":"NA",
            "가까운역거리":"NA",
            "역세권여부":"NA",
            "30분이내주요거점역":"NA",
            "1시간이내주요거점역":"NA",
            "3km이내백화점수":0,
            "5km이내아울렛몰수":0,
            "1km이내대형먀트수":0,
            "500m이내은행수":2,
            "500m이내병원수":29,
            "5km이내대형병원수":5,
            "500m이내공원수":20,
            "3km이내혐오시설수":0,
            "초등학교학업성취도":86.38,
            "중학교학업성취도":77.0,
            "용적률":179,
            "건폐율":16,
            "Y":35.83228,
            "X":127.166303,
            "rank":55.0,
            "area_info":"30평(102.37), 36평(120.42), 36평(120.39), 41평(138.5), 49평(162.18)",
            "last_sales":"2022-01-13,22000.0,30평(102.37)"
        },
        {
            "index":518,
            "아파트명":"성락콤비타운",
            "투자타입":"재건축",
            "전용면적(m2)":"117.05",
            "전용면적(평)":"35평",
            "법정동주소":"전라북도 전주시 덕진구 인후동2가 1575-1",
            "도로명주소":"전라북도 전주시 덕진구 명주5길 11",
            "세대수":0,
            "입주년차":"--",
            "용적률점수":0,
            "건폐율점수":0,
            "세대당주차수":"--",
            "난방방식":"--",
            "공급면적":100,
            "전용률":60,
            "욕실수":"--",
            "현관타입":"--",
            "주거총점":8.0,
            "지역구공급총점":100.0,
            "역세권":"NA",
            "30분내 이동가능 거점":"NA",
            "1시간내 이동가능 거점":"NA",
            "교통총점":"NA",
            "백화점":100,
            "아울렛몰":0,
            "대형마트":80,
            "은행":20,
            "병원":60,
            "종합병원":100,
            "공원":100,
            "혐오시설":0,
            "인프라총점":73.0,
            "초등학군":90.44,
            "중학군":50.82,
            "학군총점":58.744,
            "인구수":35.49,
            "인구증감":-1.97,
            "인구총점":24.252,
            "일자리":6.1,
            "소득수준":56.99,
            "일자리총점":21.367,
            "가치 총점":46.686,
            "매매실거래년":20211117.0,
            "매매실거래가":14500.0,
            "전세실거래년":20210927.0,
            "전세실거래가":9000.0,
            "전세가율":62.07,
            "장기전세가율평균":81.44,
            "전세가율거품지수":19.37,
            "검색코드":15040,
            "세대수":132.0,
            "준공년월":"1992-01-04",
            "준공년차":31.0,
            "가까운역이름":"NA",
            "가까운역거리":"NA",
            "역세권여부":"NA",
            "30분이내주요거점역":"NA",
            "1시간이내주요거점역":"NA",
            "3km이내백화점수":1,
            "5km이내아울렛몰수":0,
            "1km이내대형먀트수":1,
            "500m이내은행수":2,
            "500m이내병원수":10,
            "5km이내대형병원수":5,
            "500m이내공원수":6,
            "3km이내혐오시설수":0,
            "초등학교학업성취도":90.44,
            "중학교학업성취도":84.3,
            "용적률":0,
            "건폐율":0,
            "Y":35.845154,
            "X":127.151279,
            "rank":56.0,
            "area_info":"35평(117.05), 42평(138.92)",
            "last_sales":"2021-11-17,14500.0,35평(117.05)"
        },
        {
            "index":226,
            "아파트명":"오성비둘기",
            "투자타입":"재건축",
            "전용면적(m2)":"94.15",
            "전용면적(평)":"28평",
            "법정동주소":"전라북도 전주시 덕진구 송천동1가 213",
            "도로명주소":"전라북도 전주시 덕진구 솔내4길 15",
            "세대수":0,
            "입주년차":"--",
            "용적률점수":0,
            "건폐율점수":0,
            "세대당주차수":"--",
            "난방방식":"--",
            "공급면적":70,
            "전용률":80,
            "욕실수":"--",
            "현관타입":"--",
            "주거총점":7.5,
            "지역구공급총점":100.0,
            "역세권":"NA",
            "30분내 이동가능 거점":"NA",
            "1시간내 이동가능 거점":"NA",
            "교통총점":"NA",
            "백화점":100,
            "아울렛몰":0,
            "대형마트":80,
            "은행":70,
            "병원":60,
            "종합병원":100,
            "공원":0,
            "혐오시설":0,
            "인프라총점":75.0,
            "초등학군":86.97,
            "중학군":48.4,
            "학군총점":56.114,
            "인구수":35.49,
            "인구증감":-1.97,
            "인구총점":24.252,
            "일자리":6.1,
            "소득수준":56.99,
            "일자리총점":21.367,
            "가치 총점":46.6535,
            "매매실거래년":20220108.0,
            "매매실거래가":12200.0,
            "전세실거래년":20171207.0,
            "전세실거래가":12000.0,
            "전세가율":106.19,
            "장기전세가율평균":81.44,
            "전세가율거품지수":-24.75,
            "검색코드":101017,
            "세대수":117.0,
            "준공년월":"1991-02-28",
            "준공년차":32.0,
            "가까운역이름":"NA",
            "가까운역거리":"NA",
            "역세권여부":"NA",
            "30분이내주요거점역":"NA",
            "1시간이내주요거점역":"NA",
            "3km이내백화점수":1,
            "5km이내아울렛몰수":0,
            "1km이내대형먀트수":1,
            "500m이내은행수":4,
            "500m이내병원수":20,
            "5km이내대형병원수":5,
            "500m이내공원수":0,
            "3km이내혐오시설수":0,
            "초등학교학업성취도":86.97,
            "중학교학업성취도":79.8,
            "용적률":0,
            "건폐율":0,
            "Y":35.856564,
            "X":127.122394,
            "rank":57.0,
            "area_info":"28평(94.15), 30평(101.81)",
            "last_sales":"2022-01-08,12200.0,30평(101.81)"
        },
        {
            "index":211,
            "아파트명":"송천자이",
            "투자타입":"일반",
            "전용면적(m2)":"113.19",
            "전용면적(평)":"34평",
            "법정동주소":"전라북도 전주시 덕진구 송천동1가 806",
            "도로명주소":"전라북도 전주시 덕진구 두간6길 10",
            "세대수":50,
            "입주년차":40,
            "용적률점수":"--",
            "건폐율점수":"--",
            "세대당주차수":30,
            "난방방식":30,
            "공급면적":"--",
            "전용률":"--",
            "욕실수":100,
            "현관타입":100,
            "주거총점":53.0,
            "지역구공급총점":100.0,
            "역세권":"NA",
            "30분내 이동가능 거점":"NA",
            "1시간내 이동가능 거점":"NA",
            "교통총점":"NA",
            "백화점":0,
            "아울렛몰":0,
            "대형마트":80,
            "은행":0,
            "병원":60,
            "종합병원":100,
            "공원":100,
            "혐오시설":-50,
            "인프라총점":40.0,
            "초등학군":90.18,
            "중학군":37.44,
            "학군총점":47.988,
            "인구수":35.49,
            "인구증감":-1.97,
            "인구총점":24.252,
            "일자리":6.1,
            "소득수준":56.99,
            "일자리총점":21.367,
            "가치 총점":46.547,
            "매매실거래년":20211215.0,
            "매매실거래가":46500.0,
            "전세실거래년":20211023.0,
            "전세실거래가":30000.0,
            "전세가율":86.46,
            "장기전세가율평균":81.44,
            "전세가율거품지수":-5.02,
            "검색코드":19032,
            "세대수":428.0,
            "준공년월":"2006-06-09",
            "준공년차":17.0,
            "가까운역이름":"NA",
            "가까운역거리":"NA",
            "역세권여부":"NA",
            "30분이내주요거점역":"NA",
            "1시간이내주요거점역":"NA",
            "3km이내백화점수":0,
            "5km이내아울렛몰수":0,
            "1km이내대형먀트수":1,
            "500m이내은행수":1,
            "500m이내병원수":13,
            "5km이내대형병원수":2,
            "500m이내공원수":6,
            "3km이내혐오시설수":1,
            "초등학교학업성취도":90.18,
            "중학교학업성취도":62.4,
            "용적률":248,
            "건폐율":20,
            "Y":35.866149,
            "X":127.119199,
            "rank":58.0,
            "area_info":"34평(113.19), 47평(157.76)",
            "last_sales":"2021-12-15,46500.0,47평(157.76)"
        },
        {
            "index":332,
            "아파트명":"전주송천한라비발디1단지",
            "투자타입":"일반",
            "전용면적(m2)":"109.42",
            "전용면적(평)":"33평",
            "법정동주소":"전라북도 전주시 덕진구 송천동2가 1287",
            "도로명주소":"전라북도 전주시 덕진구 천마산로 113",
            "세대수":50,
            "입주년차":60,
            "용적률점수":"--",
            "건폐율점수":"--",
            "세대당주차수":30,
            "난방방식":30,
            "공급면적":"--",
            "전용률":"--",
            "욕실수":100,
            "현관타입":100,
            "주거총점":57.0,
            "지역구공급총점":100.0,
            "역세권":"NA",
            "30분내 이동가능 거점":"NA",
            "1시간내 이동가능 거점":"NA",
            "교통총점":"NA",
            "백화점":0,
            "아울렛몰":0,
            "대형마트":0,
            "은행":0,
            "병원":60,
            "종합병원":100,
            "공원":100,
            "혐오시설":0,
            "인프라총점":29.0,
            "초등학군":90.24,
            "중학군":52.36,
            "학군총점":59.936,
            "인구수":35.49,
            "인구증감":-1.97,
            "인구총점":24.252,
            "일자리":6.1,
            "소득수준":56.99,
            "일자리총점":21.367,
            "가치 총점":46.534,
            "매매실거래년":20211219.0,
            "매매실거래가":43500.0,
            "전세실거래년":20220114.0,
            "전세실거래가":36000.0,
            "전세가율":82.76,
            "장기전세가율평균":81.44,
            "전세가율거품지수":-1.32,
            "검색코드":103671,
            "세대수":585.0,
            "준공년월":"2013-10-25",
            "준공년차":10.0,
            "가까운역이름":"NA",
            "가까운역거리":"NA",
            "역세권여부":"NA",
            "30분이내주요거점역":"NA",
            "1시간이내주요거점역":"NA",
            "3km이내백화점수":0,
            "5km이내아울렛몰수":0,
            "1km이내대형먀트수":0,
            "500m이내은행수":0,
            "500m이내병원수":16,
            "5km이내대형병원수":3,
            "500m이내공원수":3,
            "3km이내혐오시설수":0,
            "초등학교학업성취도":90.24,
            "중학교학업성취도":86.2,
            "용적률":214,
            "건폐율":23,
            "Y":35.86563,
            "X":127.132149,
            "rank":59.0,
            "area_info":"33평(109.42), 36평(122.07)",
            "last_sales":"2021-12-19,43500.0,33평(109.42)"
        },
        {
            "index":121,
            "아파트명":"중흥에스클래스더퍼스트",
            "투자타입":"일반",
            "전용면적(m2)":"127.62",
            "전용면적(평)":"38평",
            "법정동주소":"전라북도 전주시 덕진구 만성동 1371-3",
            "도로명주소":"전라북도 전주시 덕진구 만성로 150",
            "세대수":50,
            "입주년차":80,
            "용적률점수":"--",
            "건폐율점수":"--",
            "세대당주차수":80,
            "난방방식":30,
            "공급면적":"--",
            "전용률":"--",
            "욕실수":100,
            "현관타입":100,
            "주거총점":68.5,
            "지역구공급총점":100.0,
            "역세권":"NA",
            "30분내 이동가능 거점":"NA",
            "1시간내 이동가능 거점":"NA",
            "교통총점":"NA",
            "백화점":0,
            "아울렛몰":0,
            "대형마트":80,
            "은행":0,
            "병원":30,
            "종합병원":0,
            "공원":100,
            "혐오시설":0,
            "인프라총점":18.0,
            "초등학군":100.0,
            "중학군":51.42,
            "학군총점":61.136,
            "인구수":35.49,
            "인구증감":-1.97,
            "인구총점":24.252,
            "일자리":6.1,
            "소득수준":56.99,
            "일자리총점":21.367,
            "가치 총점":46.459,
            "매매실거래년":20211007.0,
            "매매실거래가":79500.0,
            "전세실거래년":20211207.0,
            "전세실거래가":50000.0,
            "전세가율":62.89,
            "장기전세가율평균":81.44,
            "전세가율거품지수":18.55,
            "검색코드":115353,
            "세대수":615.0,
            "준공년월":"2018-07-31",
            "준공년차":5.0,
            "가까운역이름":"NA",
            "가까운역거리":"NA",
            "역세권여부":"NA",
            "30분이내주요거점역":"NA",
            "1시간이내주요거점역":"NA",
            "3km이내백화점수":0,
            "5km이내아울렛몰수":0,
            "1km이내대형먀트수":1,
            "500m이내은행수":1,
            "500m이내병원수":9,
            "5km이내대형병원수":0,
            "500m이내공원수":6,
            "3km이내혐오시설수":0,
            "초등학교학업성취도":100.0,
            "중학교학업성취도":85.7,
            "용적률":179,
            "건폐율":16,
            "Y":35.844486,
            "X":127.079403,
            "rank":60.0,
            "area_info":"38평(127.62), 42평(142.13), 46평(152.22)",
            "last_sales":"2021-10-07,79500.0,38평(127.62)"
        },
        {
            "index":607,
            "아파트명":"진흥더블파크2단지",
            "투자타입":"일반",
            "전용면적(m2)":"110.35",
            "전용면적(평)":"33평",
            "법정동주소":"전라북도 전주시 덕진구 호성동1가 851",
            "도로명주소":"전라북도 전주시 덕진구 호성로 136",
            "세대수":80,
            "입주년차":40,
            "용적률점수":"--",
            "건폐율점수":"--",
            "세대당주차수":30,
            "난방방식":30,
            "공급면적":"--",
            "전용률":"--",
            "욕실수":100,
            "현관타입":100,
            "주거총점":63.5,
            "지역구공급총점":100.0,
            "역세권":"NA",
            "30분내 이동가능 거점":"NA",
            "1시간내 이동가능 거점":"NA",
            "교통총점":"NA",
            "백화점":0,
            "아울렛몰":0,
            "대형마트":0,
            "은행":0,
            "병원":10,
            "종합병원":100,
            "공원":0,
            "혐오시설":0,
            "인프라총점":21.0,
            "초등학군":91.54,
            "중학군":55.52,
            "학군총점":62.724,
            "인구수":35.49,
            "인구증감":-1.97,
            "인구총점":24.252,
            "일자리":6.1,
            "소득수준":56.99,
            "일자리총점":21.367,
            "가치 총점":46.306,
            "매매실거래년":20211222.0,
            "매매실거래가":38500.0,
            "전세실거래년":20211105.0,
            "전세실거래가":25000.0,
            "전세가율":80.65,
            "장기전세가율평균":81.44,
            "전세가율거품지수":0.79,
            "검색코드":17291,
            "세대수":720.0,
            "준공년월":"2005-11-04",
            "준공년차":18.0,
            "가까운역이름":"NA",
            "가까운역거리":"NA",
            "역세권여부":"NA",
            "30분이내주요거점역":"NA",
            "1시간이내주요거점역":"NA",
            "3km이내백화점수":0,
            "5km이내아울렛몰수":0,
            "1km이내대형먀트수":0,
            "500m이내은행수":1,
            "500m이내병원수":3,
            "5km이내대형병원수":3,
            "500m이내공원수":0,
            "3km이내혐오시설수":0,
            "초등학교학업성취도":91.54,
            "중학교학업성취도":91.8,
            "용적률":219,
            "건폐율":24,
            "Y":35.86443,
            "X":127.147055,
            "rank":61.0,
            "area_info":"33평(110.35), 33평(111.67), 47평(157.66)",
            "last_sales":"2021-12-22,38500.0,47평(157.66)"
        },
        {
            "index":151,
            "아파트명":"KJ라미안",
            "투자타입":"일반",
            "전용면적(m2)":"135.18",
            "전용면적(평)":"40평",
            "법정동주소":"전라북도 전주시 덕진구 송천동1가 805",
            "도로명주소":"전라북도 전주시 덕진구 두간6길 9",
            "세대수":30,
            "입주년차":40,
            "용적률점수":"--",
            "건폐율점수":"--",
            "세대당주차수":60,
            "난방방식":30,
            "공급면적":"--",
            "전용률":"--",
            "욕실수":100,
            "현관타입":100,
            "주거총점":50.5,
            "지역구공급총점":100.0,
            "역세권":"NA",
            "30분내 이동가능 거점":"NA",
            "1시간내 이동가능 거점":"NA",
            "교통총점":"NA",
            "백화점":0,
            "아울렛몰":0,
            "대형마트":80,
            "은행":0,
            "병원":60,
            "종합병원":100,
            "공원":100,
            "혐오시설":-50,
            "인프라총점":40.0,
            "초등학군":90.18,
            "중학군":37.44,
            "학군총점":47.988,
            "인구수":35.49,
            "인구증감":-1.97,
            "인구총점":24.252,
            "일자리":6.1,
            "소득수준":56.99,
            "일자리총점":21.367,
            "가치 총점":45.672,
            "매매실거래년":20211231.0,
            "매매실거래가":34500.0,
            "전세실거래년":20211020.0,
            "전세실거래가":30000.0,
            "전세가율":86.96,
            "장기전세가율평균":81.44,
            "전세가율거품지수":-5.52,
            "검색코드":19308,
            "세대수":360.0,
            "준공년월":"2006-06-12",
            "준공년차":17.0,
            "가까운역이름":"NA",
            "가까운역거리":"NA",
            "역세권여부":"NA",
            "30분이내주요거점역":"NA",
            "1시간이내주요거점역":"NA",
            "3km이내백화점수":0,
            "5km이내아울렛몰수":0,
            "1km이내대형먀트수":1,
            "500m이내은행수":0,
            "500m이내병원수":10,
            "5km이내대형병원수":2,
            "500m이내공원수":2,
            "3km이내혐오시설수":1,
            "초등학교학업성취도":90.18,
            "중학교학업성취도":62.4,
            "용적률":249,
            "건폐율":20,
            "Y":35.866148,
            "X":127.116641,
            "rank":62.0,
            "area_info":"40평(135.18)",
            "last_sales":"2021-12-31,34500.0,40평(135.18)"
        },
        {
            "index":583,
            "아파트명":"LG동아",
            "투자타입":"일반",
            "전용면적(m2)":"79.15",
            "전용면적(평)":"23평",
            "법정동주소":"전라북도 전주시 덕진구 호성동1가 718",
            "도로명주소":"전라북도 전주시 덕진구 호성로 40",
            "세대수":80,
            "입주년차":0,
            "용적률점수":"--",
            "건폐율점수":"--",
            "세대당주차수":0,
            "난방방식":30,
            "공급면적":"--",
            "전용률":"--",
            "욕실수":50,
            "현관타입":100,
            "주거총점":46.0,
            "지역구공급총점":100.0,
            "역세권":"NA",
            "30분내 이동가능 거점":"NA",
            "1시간내 이동가능 거점":"NA",
            "교통총점":"NA",
            "백화점":0,
            "아울렛몰":0,
            "대형마트":80,
            "은행":0,
            "병원":60,
            "종합병원":100,
            "공원":80,
            "혐오시설":0,
            "인프라총점":40.4,
            "초등학군":87.3,
            "중학군":44.82,
            "학군총점":53.316,
            "인구수":35.49,
            "인구증감":-1.97,
            "인구총점":24.252,
            "일자리":6.1,
            "소득수준":56.99,
            "일자리총점":21.367,
            "가치 총점":45.589,
            "매매실거래년":20211221.0,
            "매매실거래가":17500.0,
            "전세실거래년":20211223.0,
            "전세실거래가":10000.0,
            "전세가율":74.07,
            "장기전세가율평균":81.44,
            "전세가율거품지수":7.37,
            "검색코드":5789,
            "세대수":796.0,
            "준공년월":"1995-04-19",
            "준공년차":28.0,
            "가까운역이름":"NA",
            "가까운역거리":"NA",
            "역세권여부":"NA",
            "30분이내주요거점역":"NA",
            "1시간이내주요거점역":"NA",
            "3km이내백화점수":0,
            "5km이내아울렛몰수":0,
            "1km이내대형먀트수":1,
            "500m이내은행수":1,
            "500m이내병원수":10,
            "5km이내대형병원수":4,
            "500m이내공원수":1,
            "3km이내혐오시설수":0,
            "초등학교학업성취도":87.3,
            "중학교학업성취도":74.7,
            "용적률":238,
            "건폐율":23,
            "Y":35.855632,
            "X":127.151898,
            "rank":63.0,
            "area_info":"23평(79.15), 32평(106.12), 45평(150.63)",
            "last_sales":"2021-12-21,17500.0,32평(106.12)"
        },
        {
            "index":200,
            "아파트명":"송천아이파크6단지",
            "투자타입":"일반",
            "전용면적(m2)":"135.8",
            "전용면적(평)":"41평",
            "법정동주소":"전라북도 전주시 덕진구 송천동1가 871",
            "도로명주소":"전라북도 전주시 덕진구 오송로 47",
            "세대수":30,
            "입주년차":60,
            "용적률점수":"--",
            "건폐율점수":"--",
            "세대당주차수":60,
            "난방방식":30,
            "공급면적":"--",
            "전용률":"--",
            "욕실수":100,
            "현관타입":100,
            "주거총점":54.5,
            "지역구공급총점":100.0,
            "역세권":"NA",
            "30분내 이동가능 거점":"NA",
            "1시간내 이동가능 거점":"NA",
            "교통총점":"NA",
            "백화점":0,
            "아울렛몰":0,
            "대형마트":0,
            "은행":0,
            "병원":60,
            "종합병원":100,
            "공원":80,
            "혐오시설":0,
            "인프라총점":28.4,
            "초등학군":90.24,
            "중학군":52.36,
            "학군총점":59.936,
            "인구수":35.49,
            "인구증감":-1.97,
            "인구총점":24.252,
            "일자리":6.1,
            "소득수준":56.99,
            "일자리총점":21.367,
            "가치 총점":45.419,
            "매매실거래년":20211031.0,
            "매매실거래가":50000.0,
            "전세실거래년":20211113.0,
            "전세실거래가":45500.0,
            "전세가율":91.0,
            "장기전세가율평균":81.44,
            "전세가율거품지수":-9.56,
            "검색코드":27177,
            "세대수":304.0,
            "준공년월":"2009-05-29",
            "준공년차":14.0,
            "가까운역이름":"NA",
            "가까운역거리":"NA",
            "역세권여부":"NA",
            "30분이내주요거점역":"NA",
            "1시간이내주요거점역":"NA",
            "3km이내백화점수":0,
            "5km이내아울렛몰수":0,
            "1km이내대형먀트수":0,
            "500m이내은행수":0,
            "500m이내병원수":15,
            "5km이내대형병원수":3,
            "500m이내공원수":1,
            "3km이내혐오시설수":0,
            "초등학교학업성취도":90.24,
            "중학교학업성취도":86.2,
            "용적률":202,
            "건폐율":23,
            "Y":35.862409,
            "X":127.13163,
            "rank":64.0,
            "area_info":"41평(135.8), 50평(165.56)",
            "last_sales":"2021-10-31,50000.0,41평(135.8)"
        },
        {
            "index":202,
            "아파트명":"송천우림",
            "투자타입":"일반",
            "전용면적(m2)":"76.64",
            "전용면적(평)":"23평",
            "법정동주소":"전라북도 전주시 덕진구 송천동1가 117",
            "도로명주소":"전라북도 전주시 덕진구 솔내9길 7",
            "세대수":50,
            "입주년차":0,
            "용적률점수":"--",
            "건폐율점수":"--",
            "세대당주차수":30,
            "난방방식":30,
            "공급면적":"--",
            "전용률":"--",
            "욕실수":50,
            "현관타입":100,
            "주거총점":40.0,
            "지역구공급총점":100.0,
            "역세권":"NA",
            "30분내 이동가능 거점":"NA",
            "1시간내 이동가능 거점":"NA",
            "교통총점":"NA",
            "백화점":0,
            "아울렛몰":0,
            "대형마트":80,
            "은행":20,
            "병원":80,
            "종합병원":100,
            "공원":80,
            "혐오시설":0,
            "인프라총점":44.4,
            "초등학군":72.93,
            "중학군":49.68,
            "학군총점":54.33,
            "인구수":35.49,
            "인구증감":-1.97,
            "인구총점":24.252,
            "일자리":6.1,
            "소득수준":56.99,
            "일자리총점":21.367,
            "가치 총점":45.3425,
            "매매실거래년":20220106.0,
            "매매실거래가":19600.0,
            "전세실거래년":20220111.0,
            "전세실거래가":13500.0,
            "전세가율":100.0,
            "장기전세가율평균":81.44,
            "전세가율거품지수":-18.56,
            "검색코드":15031,
            "세대수":417.0,
            "준공년월":"1996-10-26",
            "준공년차":27.0,
            "가까운역이름":"NA",
            "가까운역거리":"NA",
            "역세권여부":"NA",
            "30분이내주요거점역":"NA",
            "1시간이내주요거점역":"NA",
            "3km이내백화점수":0,
            "5km이내아울렛몰수":0,
            "1km이내대형먀트수":1,
            "500m이내은행수":2,
            "500m이내병원수":36,
            "5km이내대형병원수":3,
            "500m이내공원수":1,
            "3km이내혐오시설수":0,
            "초등학교학업성취도":72.93,
            "중학교학업성취도":82.2,
            "용적률":281,
            "건폐율":17,
            "Y":35.861898,
            "X":127.125812,
            "rank":65.0,
            "area_info":"23평(76.64), 28평(94.23), 32평(108.68), 32평(108.41), 32평(108.7), 38평(126.8)",
            "last_sales":"2022-01-06,19600.0,32평(108.68)"
        },
        {
            "index":480,
            "아파트명":"인후꿈마을부영2차",
            "투자타입":"일반",
            "전용면적(m2)":"68.52",
            "전용면적(평)":"20평",
            "법정동주소":"전라북도 전주시 덕진구 인후동1가 890-1",
            "도로명주소":"전라북도 전주시 덕진구 무삼지로 40",
            "세대수":90,
            "입주년차":20,
            "용적률점수":"--",
            "건폐율점수":"--",
            "세대당주차수":0,
            "난방방식":30,
            "공급면적":"--",
            "전용률":"--",
            "욕실수":50,
            "현관타입":100,
            "주거총점":53.5,
            "지역구공급총점":100.0,
            "역세권":"NA",
            "30분내 이동가능 거점":"NA",
            "1시간내 이동가능 거점":"NA",
            "교통총점":"NA",
            "백화점":0,
            "아울렛몰":0,
            "대형마트":0,
            "은행":20,
            "병원":80,
            "종합병원":100,
            "공원":100,
            "혐오시설":0,
            "인프라총점":33.0,
            "초등학군":86.38,
            "중학군":45.46,
            "학군총점":53.644,
            "인구수":35.49,
            "인구증감":-1.97,
            "인구총점":24.252,
            "일자리":6.1,
            "소득수준":56.99,
            "일자리총점":21.367,
            "가치 총점":45.336,
            "매매실거래년":20220114.0,
            "매매실거래가":13000.0,
            "전세실거래년":20211022.0,
            "전세실거래가":8500.0,
            "전세가율":74.56,
            "장기전세가율평균":81.44,
            "전세가율거품지수":6.88,
            "검색코드":25566,
            "세대수":1335.0,
            "준공년월":"1999-09-06",
            "준공년차":24.0,
            "가까운역이름":"NA",
            "가까운역거리":"NA",
            "역세권여부":"NA",
            "30분이내주요거점역":"NA",
            "1시간이내주요거점역":"NA",
            "3km이내백화점수":0,
            "5km이내아울렛몰수":0,
            "1km이내대형먀트수":0,
            "500m이내은행수":2,
            "500m이내병원수":33,
            "5km이내대형병원수":5,
            "500m이내공원수":11,
            "3km이내혐오시설수":0,
            "초등학교학업성취도":86.38,
            "중학교학업성취도":74.9,
            "용적률":219,
            "건폐율":18,
            "Y":35.830181,
            "X":127.165108,
            "rank":66.0,
            "area_info":"20평(68.52), 24평(82.41)",
            "last_sales":"2022-01-14,13000.0,24평(82.41)"
        },
        {
            "index":568,
            "아파트명":"동국해성",
            "투자타입":"일반",
            "전용면적(m2)":"80.12",
            "전용면적(평)":"24평",
            "법정동주소":"전라북도 전주시 덕진구 진북동 1034-1",
            "도로명주소":"전라북도 전주시 덕진구 진북로 15",
            "세대수":50,
            "입주년차":0,
            "용적률점수":"--",
            "건폐율점수":"--",
            "세대당주차수":0,
            "난방방식":30,
            "공급면적":"--",
            "전용률":"--",
            "욕실수":50,
            "현관타입":10,
            "주거총점":26.5,
            "지역구공급총점":100.0,
            "역세권":"NA",
            "30분내 이동가능 거점":"NA",
            "1시간내 이동가능 거점":"NA",
            "교통총점":"NA",
            "백화점":100,
            "아울렛몰":0,
            "대형마트":0,
            "은행":0,
            "병원":30,
            "종합병원":100,
            "공원":100,
            "혐오시설":0,
            "인프라총점":56.0,
            "초등학군":92.53,
            "중학군":45.08,
            "학군총점":54.57,
            "인구수":35.49,
            "인구증감":-1.97,
            "인구총점":24.252,
            "일자리":6.1,
            "소득수준":56.99,
            "일자리총점":21.367,
            "가치 총점":45.3175,
            "매매실거래년":20211228.0,
            "매매실거래가":12300.0,
            "전세실거래년":20200229.0,
            "전세실거래가":7500.0,
            "전세가율":60.98,
            "장기전세가율평균":81.44,
            "전세가율거품지수":20.46,
            "검색코드":5644,
            "세대수":643.0,
            "준공년월":"1995-10-14",
            "준공년차":28.0,
            "가까운역이름":"NA",
            "가까운역거리":"NA",
            "역세권여부":"NA",
            "30분이내주요거점역":"NA",
            "1시간이내주요거점역":"NA",
            "3km이내백화점수":1,
            "5km이내아울렛몰수":0,
            "1km이내대형먀트수":0,
            "500m이내은행수":1,
            "500m이내병원수":8,
            "5km이내대형병원수":5,
            "500m이내공원수":5,
            "3km이내혐오시설수":0,
            "초등학교학업성취도":92.53,
            "중학교학업성취도":74.8,
            "용적률":0,
            "건폐율":0,
            "Y":35.826721,
            "X":127.133392,
            "rank":67.0,
            "area_info":"24평(80.12), 24평(80.27), 26평(86.18), 31평(104.35), 37평(123.76), 48평(158.78)",
            "last_sales":"2021-12-28,12300.0,24평(80.12)"
        },
        {
            "index":32,
            "아파트명":"거성경기장",
            "투자타입":"재건축",
            "전용면적(m2)":"89.1",
            "전용면적(평)":"26평",
            "법정동주소":"전라북도 전주시 덕진구 덕진동1가 1437-1",
            "도로명주소":"전라북도 전주시 덕진구 들사평로 6",
            "세대수":0,
            "입주년차":"--",
            "용적률점수":0,
            "건폐율점수":0,
            "세대당주차수":"--",
            "난방방식":"--",
            "공급면적":70,
            "전용률":80,
            "욕실수":"--",
            "현관타입":"--",
            "주거총점":7.5,
            "지역구공급총점":100.0,
            "역세권":"NA",
            "30분내 이동가능 거점":"NA",
            "1시간내 이동가능 거점":"NA",
            "교통총점":"NA",
            "백화점":100,
            "아울렛몰":0,
            "대형마트":80,
            "은행":70,
            "병원":60,
            "종합병원":100,
            "공원":100,
            "혐오시설":0,
            "인프라총점":78.0,
            "초등학군":94.0,
            "중학군":33.52,
            "학군총점":45.616,
            "인구수":35.49,
            "인구증감":-1.97,
            "인구총점":24.252,
            "일자리":6.1,
            "소득수준":56.99,
            "일자리총점":21.367,
            "가치 총점":45.229,
            "매매실거래년":20210422.0,
            "매매실거래가":16200.0,
            "전세실거래년":20211120.0,
            "전세실거래가":12000.0,
            "전세가율":80.0,
            "장기전세가율평균":81.44,
            "전세가율거품지수":1.44,
            "검색코드":5287,
            "세대수":102.0,
            "준공년월":"1986-01-06",
            "준공년차":37.0,
            "가까운역이름":"NA",
            "가까운역거리":"NA",
            "역세권여부":"NA",
            "30분이내주요거점역":"NA",
            "1시간이내주요거점역":"NA",
            "3km이내백화점수":1,
            "5km이내아울렛몰수":0,
            "1km이내대형먀트수":1,
            "500m이내은행수":4,
            "500m이내병원수":25,
            "5km이내대형병원수":5,
            "500m이내공원수":2,
            "3km이내혐오시설수":0,
            "초등학교학업성취도":94.0,
            "중학교학업성취도":55.0,
            "용적률":0,
            "건폐율":0,
            "Y":35.837363,
            "X":127.121842,
            "rank":68.0,
            "area_info":"26평(89.1), 29평(96.12), 29평(97.32)",
            "last_sales":"2021-04-22,16200.0,29평(96.12)"
        },
        {
            "index":39,
            "아파트명":"세원",
            "투자타입":"재건축",
            "전용면적(m2)":"63.05",
            "전용면적(평)":"19평",
            "법정동주소":"전라북도 전주시 덕진구 덕진동1가 1314-133",
            "도로명주소":"전라북도 전주시 덕진구 덕진연못1길 11",
            "세대수":0,
            "입주년차":"--",
            "용적률점수":0,
            "건폐율점수":0,
            "세대당주차수":"--",
            "난방방식":"--",
            "공급면적":50,
            "전용률":80,
            "욕실수":"--",
            "현관타입":"--",
            "주거총점":6.5,
            "지역구공급총점":100.0,
            "역세권":"NA",
            "30분내 이동가능 거점":"NA",
            "1시간내 이동가능 거점":"NA",
            "교통총점":"NA",
            "백화점":100,
            "아울렛몰":0,
            "대형마트":80,
            "은행":0,
            "병원":60,
            "종합병원":100,
            "공원":100,
            "혐오시설":0,
            "인프라총점":71.0,
            "초등학군":94.0,
            "중학군":48.98,
            "학군총점":57.984,
            "인구수":35.49,
            "인구증감":-1.97,
            "인구총점":24.252,
            "일자리":6.1,
            "소득수준":56.99,
            "일자리총점":21.367,
            "가치 총점":45.171,
            "매매실거래년":20210918.0,
            "매매실거래가":10000.0,
            "전세실거래년":20120211.0,
            "전세실거래가":5700.0,
            "전세가율":95.0,
            "장기전세가율평균":81.44,
            "전세가율거품지수":-13.56,
            "검색코드":5289,
            "세대수":110.0,
            "준공년월":"1983-01-26",
            "준공년차":40.0,
            "가까운역이름":"NA",
            "가까운역거리":"NA",
            "역세권여부":"NA",
            "30분이내주요거점역":"NA",
            "1시간이내주요거점역":"NA",
            "3km이내백화점수":1,
            "5km이내아울렛몰수":0,
            "1km이내대형먀트수":1,
            "500m이내은행수":0,
            "500m이내병원수":18,
            "5km이내대형병원수":5,
            "500m이내공원수":4,
            "3km이내혐오시설수":0,
            "초등학교학업성취도":94.0,
            "중학교학업성취도":81.1,
            "용적률":0,
            "건폐율":0,
            "Y":35.845664,
            "X":127.12309,
            "rank":69.0,
            "area_info":"19평(63.05), 19평(66.02), 22평(75.44), 23평(77.21), 23평(78.0), 24평(82.07), 25평(82.94), 26평(87.39)",
            "last_sales":"2021-09-18,10000.0,24평(82.07)"
        },
        {
            "index":603,
            "아파트명":"진흥더블파크1단지",
            "투자타입":"일반",
            "전용면적(m2)":"149.01",
            "전용면적(평)":"45평",
            "법정동주소":"전라북도 전주시 덕진구 호성동1가 829-4",
            "도로명주소":"전라북도 전주시 덕진구 호성로 132",
            "세대수":50,
            "입주년차":40,
            "용적률점수":"--",
            "건폐율점수":"--",
            "세대당주차수":60,
            "난방방식":30,
            "공급면적":"--",
            "전용률":"--",
            "욕실수":100,
            "현관타입":100,
            "주거총점":57.5,
            "지역구공급총점":100.0,
            "역세권":"NA",
            "30분내 이동가능 거점":"NA",
            "1시간내 이동가능 거점":"NA",
            "교통총점":"NA",
            "백화점":0,
            "아울렛몰":0,
            "대형마트":0,
            "은행":0,
            "병원":30,
            "종합병원":100,
            "공원":0,
            "혐오시설":0,
            "인프라총점":23.0,
            "초등학군":91.54,
            "중학군":55.52,
            "학군총점":62.724,
            "인구수":35.49,
            "인구증감":-1.97,
            "인구총점":24.252,
            "일자리":6.1,
            "소득수준":56.99,
            "일자리총점":21.367,
            "가치 총점":45.006,
            "매매실거래년":20211016.0,
            "매매실거래가":49800.0,
            "전세실거래년":20210731.0,
            "전세실거래가":35000.0,
            "전세가율":84.75,
            "장기전세가율평균":81.44,
            "전세가율거품지수":-3.31,
            "검색코드":17290,
            "세대수":644.0,
            "준공년월":"2005-11-04",
            "준공년차":18.0,
            "가까운역이름":"NA",
            "가까운역거리":"NA",
            "역세권여부":"NA",
            "30분이내주요거점역":"NA",
            "1시간이내주요거점역":"NA",
            "3km이내백화점수":0,
            "5km이내아울렛몰수":0,
            "1km이내대형먀트수":0,
            "500m이내은행수":1,
            "500m이내병원수":9,
            "5km이내대형병원수":3,
            "500m이내공원수":0,
            "3km이내혐오시설수":0,
            "초등학교학업성취도":91.54,
            "중학교학업성취도":91.8,
            "용적률":206,
            "건폐율":21,
            "Y":35.861931,
            "X":127.149229,
            "rank":70.0,
            "area_info":"45평(149.01), 47평(157.57), 53평(175.26), 53평(176.66)",
            "last_sales":"2021-10-16,49800.0,53평(176.66)"
        },
        {
            "index":49,
            "아파트명":"명성강변",
            "투자타입":"일반",
            "전용면적(m2)":"66.98",
            "전용면적(평)":"20평",
            "법정동주소":"전라북도 전주시 덕진구 덕진동2가 450-2",
            "도로명주소":"전라북도 전주시 덕진구 가리내로 204",
            "세대수":0,
            "입주년차":0,
            "용적률점수":"--",
            "건폐율점수":"--",
            "세대당주차수":0,
            "난방방식":30,
            "공급면적":"--",
            "전용률":"--",
            "욕실수":50,
            "현관타입":10,
            "주거총점":9.0,
            "지역구공급총점":100.0,
            "역세권":"NA",
            "30분내 이동가능 거점":"NA",
            "1시간내 이동가능 거점":"NA",
            "교통총점":"NA",
            "백화점":100,
            "아울렛몰":0,
            "대형마트":80,
            "은행":0,
            "병원":30,
            "종합병원":100,
            "공원":100,
            "혐오시설":0,
            "인프라총점":68.0,
            "초등학군":84.77,
            "중학군":48.98,
            "학군총점":56.138,
            "인구수":35.49,
            "인구증감":-1.97,
            "인구총점":24.252,
            "일자리":6.1,
            "소득수준":56.99,
            "일자리총점":21.367,
            "가치 총점":44.3845,
            "매매실거래년":20210911.0,
            "매매실거래가":9500.0,
            "전세실거래년":20201022.0,
            "전세실거래가":6500.0,
            "전세가율":76.47,
            "장기전세가율평균":81.44,
            "전세가율거품지수":4.97,
            "검색코드":15014,
            "세대수":276.0,
            "준공년월":"1997-01-04",
            "준공년차":26.0,
            "가까운역이름":"NA",
            "가까운역거리":"NA",
            "역세권여부":"NA",
            "30분이내주요거점역":"NA",
            "1시간이내주요거점역":"NA",
            "3km이내백화점수":1,
            "5km이내아울렛몰수":0,
            "1km이내대형먀트수":1,
            "500m이내은행수":0,
            "500m이내병원수":7,
            "5km이내대형병원수":5,
            "500m이내공원수":3,
            "3km이내혐오시설수":0,
            "초등학교학업성취도":84.77,
            "중학교학업성취도":81.1,
            "용적률":293,
            "건폐율":22,
            "Y":35.839182,
            "X":127.11559,
            "rank":71.0,
            "area_info":"20평(66.98), 22평(73.06), 23평(79.3), 24평(80.71)",
            "last_sales":"2021-09-11,9500.0,24평(80.71)"
        },
        {
            "index":536,
            "아파트명":"전북혁신도시호반베르디움더클래스",
            "투자타입":"일반",
            "전용면적(m2)":"129.59",
            "전용면적(평)":"39평",
            "법정동주소":"전라북도 전주시 덕진구 장동 1086",
            "도로명주소":"전라북도 전주시 덕진구 출판로 87",
            "세대수":80,
            "입주년차":80,
            "용적률점수":"--",
            "건폐율점수":"--",
            "세대당주차수":60,
            "난방방식":30,
            "공급면적":"--",
            "전용률":"--",
            "욕실수":100,
            "현관타입":100,
            "주거총점":76.0,
            "지역구공급총점":100.0,
            "역세권":"NA",
            "30분내 이동가능 거점":"NA",
            "1시간내 이동가능 거점":"NA",
            "교통총점":"NA",
            "백화점":0,
            "아울렛몰":0,
            "대형마트":0,
            "은행":0,
            "병원":30,
            "종합병원":0,
            "공원":100,
            "혐오시설":0,
            "인프라총점":6.0,
            "초등학군":98.4,
            "중학군":51.42,
            "학군총점":60.816,
            "인구수":35.49,
            "인구증감":-1.97,
            "인구총점":24.252,
            "일자리":6.1,
            "소득수준":56.99,
            "일자리총점":21.367,
            "가치 총점":44.204,
            "매매실거래년":20211230.0,
            "매매실거래가":68000.0,
            "전세실거래년":20211227.0,
            "전세실거래가":33600.0,
            "전세가율":49.41,
            "장기전세가율평균":81.44,
            "전세가율거품지수":32.03,
            "검색코드":104983,
            "세대수":731.0,
            "준공년월":"2014-06-26",
            "준공년차":9.0,
            "가까운역이름":"NA",
            "가까운역거리":"NA",
            "역세권여부":"NA",
            "30분이내주요거점역":"NA",
            "1시간이내주요거점역":"NA",
            "3km이내백화점수":0,
            "5km이내아울렛몰수":0,
            "1km이내대형먀트수":0,
            "500m이내은행수":0,
            "500m이내병원수":7,
            "5km이내대형병원수":0,
            "500m이내공원수":5,
            "3km이내혐오시설수":0,
            "초등학교학업성취도":98.4,
            "중학교학업성취도":85.7,
            "용적률":179,
            "건폐율":16,
            "Y":35.841153,
            "X":127.062878,
            "rank":72.0,
            "area_info":"39평(129.59), 39평(131.54), 43평(143.83)",
            "last_sales":"2021-12-30,68000.0,39평(129.59)"
        },
        {
            "index":449,
            "아파트명":"아중마을부영6차",
            "투자타입":"일반",
            "전용면적(m2)":"77.25",
            "전용면적(평)":"23평",
            "법정동주소":"전라북도 전주시 덕진구 인후동1가 918-1",
            "도로명주소":"전라북도 전주시 덕진구 무삼지로 10",
            "세대수":80,
            "입주년차":20,
            "용적률점수":"--",
            "건폐율점수":"--",
            "세대당주차수":0,
            "난방방식":30,
            "공급면적":"--",
            "전용률":"--",
            "욕실수":100,
            "현관타입":100,
            "주거총점":55.0,
            "지역구공급총점":100.0,
            "역세권":"NA",
            "30분내 이동가능 거점":"NA",
            "1시간내 이동가능 거점":"NA",
            "교통총점":"NA",
            "백화점":0,
            "아울렛몰":0,
            "대형마트":0,
            "은행":0,
            "병원":60,
            "종합병원":100,
            "공원":100,
            "혐오시설":0,
            "인프라총점":29.0,
            "초등학군":84.4,
            "중학군":45.46,
            "학군총점":53.248,
            "인구수":35.49,
            "인구증감":-1.97,
            "인구총점":24.252,
            "일자리":6.1,
            "소득수준":56.99,
            "일자리총점":21.367,
            "가치 총점":44.162,
            "매매실거래년":20220105.0,
            "매매실거래가":22400.0,
            "전세실거래년":20210909.0,
            "전세실거래가":14000.0,
            "전세가율":77.78,
            "장기전세가율평균":81.44,
            "전세가율거품지수":3.66,
            "검색코드":25561,
            "세대수":800.0,
            "준공년월":"2003-09-27",
            "준공년차":20.0,
            "가까운역이름":"NA",
            "가까운역거리":"NA",
            "역세권여부":"NA",
            "30분이내주요거점역":"NA",
            "1시간이내주요거점역":"NA",
            "3km이내백화점수":0,
            "5km이내아울렛몰수":0,
            "1km이내대형먀트수":0,
            "500m이내은행수":1,
            "500m이내병원수":19,
            "5km이내대형병원수":5,
            "500m이내공원수":19,
            "3km이내혐오시설수":0,
            "초등학교학업성취도":84.4,
            "중학교학업성취도":74.9,
            "용적률":219,
            "건폐율":19,
            "Y":35.827843,
            "X":127.167157,
            "rank":73.0,
            "area_info":"23평(77.25), 31평(104.01)",
            "last_sales":"2022-01-05,22400.0,31평(104.01)"
        },
        {
            "index":116,
            "아파트명":"전주만성시티프라디움",
            "투자타입":"일반",
            "전용면적(m2)":"109.23",
            "전용면적(평)":"33평",
            "법정동주소":"전라북도 전주시 덕진구 만성동 1289-4",
            "도로명주소":"전라북도 전주시 덕진구 만성동로 47",
            "세대수":50,
            "입주년차":100,
            "용적률점수":"--",
            "건폐율점수":"--",
            "세대당주차수":60,
            "난방방식":30,
            "공급면적":"--",
            "전용률":"--",
            "욕실수":100,
            "현관타입":100,
            "주거총점":69.5,
            "지역구공급총점":100.0,
            "역세권":"NA",
            "30분내 이동가능 거점":"NA",
            "1시간내 이동가능 거점":"NA",
            "교통총점":"NA",
            "백화점":0,
            "아울렛몰":0,
            "대형마트":0,
            "은행":20,
            "병원":60,
            "종합병원":0,
            "공원":100,
            "혐오시설":0,
            "인프라총점":11.0,
            "초등학군":100.0,
            "중학군":51.42,
            "학군총점":61.136,
            "인구수":35.49,
            "인구증감":-1.97,
            "인구총점":24.252,
            "일자리":6.1,
            "소득수준":56.99,
            "일자리총점":21.367,
            "가치 총점":44.009,
            "매매실거래년":20211218.0,
            "매매실거래가":47500.0,
            "전세실거래년":20220110.0,
            "전세실거래가":37000.0,
            "전세가율":77.89,
            "장기전세가율평균":81.44,
            "전세가율거품지수":3.55,
            "검색코드":115894,
            "세대수":625.0,
            "준공년월":"2019-01-17",
            "준공년차":4.0,
            "가까운역이름":"NA",
            "가까운역거리":"NA",
            "역세권여부":"NA",
            "30분이내주요거점역":"NA",
            "1시간이내주요거점역":"NA",
            "3km이내백화점수":0,
            "5km이내아울렛몰수":0,
            "1km이내대형먀트수":0,
            "500m이내은행수":2,
            "500m이내병원수":10,
            "5km이내대형병원수":0,
            "500m이내공원수":9,
            "3km이내혐오시설수":0,
            "초등학교학업성취도":100.0,
            "중학교학업성취도":85.7,
            "용적률":176,
            "건폐율":15,
            "Y":35.839549,
            "X":127.075975,
            "rank":74.0,
            "area_info":"33평(109.23), 33평(109.14)",
            "last_sales":"2021-12-18,47500.0,33평(109.23)"
        },
        {
            "index":549,
            "아파트명":"전북혁신도시호반베르디움(B-11BL)",
            "투자타입":"일반",
            "전용면적(m2)":"110.33",
            "전용면적(평)":"33평",
            "법정동주소":"전라북도 전주시 덕진구 중동 789",
            "도로명주소":"전라북도 전주시 덕진구 오공로 71",
            "세대수":80,
            "입주년차":60,
            "용적률점수":"--",
            "건폐율점수":"--",
            "세대당주차수":60,
            "난방방식":30,
            "공급면적":"--",
            "전용률":"--",
            "욕실수":100,
            "현관타입":100,
            "주거총점":72.0,
            "지역구공급총점":100.0,
            "역세권":"NA",
            "30분내 이동가능 거점":"NA",
            "1시간내 이동가능 거점":"NA",
            "교통총점":"NA",
            "백화점":0,
            "아울렛몰":0,
            "대형마트":0,
            "은행":0,
            "병원":60,
            "종합병원":0,
            "공원":100,
            "혐오시설":0,
            "인프라총점":9.0,
            "초등학군":98.4,
            "중학군":51.42,
            "학군총점":60.816,
            "인구수":35.49,
            "인구증감":-1.97,
            "인구총점":24.252,
            "일자리":6.1,
            "소득수준":56.99,
            "일자리총점":21.367,
            "가치 총점":44.004,
            "매매실거래년":20211218.0,
            "매매실거래가":48900.0,
            "전세실거래년":20220110.0,
            "전세실거래가":40500.0,
            "전세가율":82.82,
            "장기전세가율평균":81.44,
            "전세가율거품지수":-1.38,
            "검색코드":104250,
            "세대수":808.0,
            "준공년월":"2013-12-23",
            "준공년차":10.0,
            "가까운역이름":"NA",
            "가까운역거리":"NA",
            "역세권여부":"NA",
            "30분이내주요거점역":"NA",
            "1시간이내주요거점역":"NA",
            "3km이내백화점수":0,
            "5km이내아울렛몰수":0,
            "1km이내대형먀트수":0,
            "500m이내은행수":0,
            "500m이내병원수":11,
            "5km이내대형병원수":0,
            "500m이내공원수":9,
            "3km이내혐오시설수":0,
            "초등학교학업성취도":98.4,
            "중학교학업성취도":85.7,
            "용적률":164,
            "건폐율":14,
            "Y":35.837332,
            "X":127.062879,
            "rank":75.0,
            "area_info":"33평(110.33), 33평(111.58), 33평(112.25)",
            "last_sales":"2021-12-18,48900.0,33평(110.33)"
        },
        {
            "index":442,
            "아파트명":"아중1차대우",
            "투자타입":"일반",
            "전용면적(m2)":"104.33",
            "전용면적(평)":"31평",
            "법정동주소":"전라북도 전주시 덕진구 인후동1가 858-1",
            "도로명주소":"전라북도 전주시 덕진구 석소로 77",
            "세대수":80,
            "입주년차":0,
            "용적률점수":"--",
            "건폐율점수":"--",
            "세대당주차수":0,
            "난방방식":30,
            "공급면적":"--",
            "전용률":"--",
            "욕실수":100,
            "현관타입":100,
            "주거총점":51.0,
            "지역구공급총점":100.0,
            "역세권":"NA",
            "30분내 이동가능 거점":"NA",
            "1시간내 이동가능 거점":"NA",
            "교통총점":"NA",
            "백화점":0,
            "아울렛몰":0,
            "대형마트":0,
            "은행":20,
            "병원":60,
            "종합병원":100,
            "공원":100,
            "혐오시설":0,
            "인프라총점":31.0,
            "초등학군":86.38,
            "중학군":46.96,
            "학군총점":54.844,
            "인구수":35.49,
            "인구증감":-1.97,
            "인구총점":24.252,
            "일자리":6.1,
            "소득수준":56.99,
            "일자리총점":21.367,
            "가치 총점":43.961,
            "매매실거래년":20220105.0,
            "매매실거래가":19000.0,
            "전세실거래년":20220103.0,
            "전세실거래가":20000.0,
            "전세가율":105.26,
            "장기전세가율평균":81.44,
            "전세가율거품지수":-23.82,
            "검색코드":5566,
            "세대수":870.0,
            "준공년월":"1998-03-27",
            "준공년차":25.0,
            "가까운역이름":"NA",
            "가까운역거리":"NA",
            "역세권여부":"NA",
            "30분이내주요거점역":"NA",
            "1시간이내주요거점역":"NA",
            "3km이내백화점수":0,
            "5km이내아울렛몰수":0,
            "1km이내대형먀트수":0,
            "500m이내은행수":2,
            "500m이내병원수":29,
            "5km이내대형병원수":5,
            "500m이내공원수":16,
            "3km이내혐오시설수":0,
            "초등학교학업성취도":86.38,
            "중학교학업성취도":77.0,
            "용적률":212,
            "건폐율":21,
            "Y":35.833724,
            "X":127.166565,
            "rank":76.0,
            "area_info":"31평(104.33), 31평(105.16), 32평(106.97)",
            "last_sales":"2022-01-05,19000.0,31평(104.33)"
        },
        {
            "index":515,
            "아파트명":"대우초원1단지",
            "투자타입":"재건축",
            "전용면적(m2)":"99.11",
            "전용면적(평)":"29평",
            "법정동주소":"전라북도 전주시 덕진구 인후동2가 1564",
            "도로명주소":"전라북도 전주시 덕진구 백동1길 38",
            "세대수":0,
            "입주년차":"--",
            "용적률점수":0,
            "건폐율점수":0,
            "세대당주차수":"--",
            "난방방식":"--",
            "공급면적":90,
            "전용률":80,
            "욕실수":"--",
            "현관타입":"--",
            "주거총점":8.5,
            "지역구공급총점":100.0,
            "역세권":"NA",
            "30분내 이동가능 거점":"NA",
            "1시간내 이동가능 거점":"NA",
            "교통총점":"NA",
            "백화점":100,
            "아울렛몰":0,
            "대형마트":80,
            "은행":0,
            "병원":30,
            "종합병원":100,
            "공원":100,
            "혐오시설":0,
            "인프라총점":68.0,
            "초등학군":90.44,
            "중학군":44.82,
            "학군총점":53.944,
            "인구수":35.49,
            "인구증감":-1.97,
            "인구총점":24.252,
            "일자리":6.1,
            "소득수준":56.99,
            "일자리총점":21.367,
            "가치 총점":43.661,
            "매매실거래년":20211203.0,
            "매매실거래가":13400.0,
            "전세실거래년":20181023.0,
            "전세실거래가":8000.0,
            "전세가율":66.67,
            "장기전세가율평균":81.44,
            "전세가율거품지수":14.77,
            "검색코드":100874,
            "세대수":130.0,
            "준공년월":"1988-05-16",
            "준공년차":35.0,
            "가까운역이름":"NA",
            "가까운역거리":"NA",
            "역세권여부":"NA",
            "30분이내주요거점역":"NA",
            "1시간이내주요거점역":"NA",
            "3km이내백화점수":1,
            "5km이내아울렛몰수":0,
            "1km이내대형먀트수":1,
            "500m이내은행수":1,
            "500m이내병원수":9,
            "5km이내대형병원수":5,
            "500m이내공원수":2,
            "3km이내혐오시설수":0,
            "초등학교학업성취도":90.44,
            "중학교학업성취도":74.7,
            "용적률":0,
            "건폐율":0,
            "Y":35.848363,
            "X":127.147027,
            "rank":77.0,
            "area_info":"29평(99.11), 32평(106.33), 32평(107.26)",
            "last_sales":"2021-12-03,13400.0,32평(107.26)"
        },
        {
            "index":445,
            "아파트명":"아중마을부영3차",
            "투자타입":"일반",
            "전용면적(m2)":"68.02",
            "전용면적(평)":"20평",
            "법정동주소":"전라북도 전주시 덕진구 인후동1가 951-3",
            "도로명주소":"전라북도 전주시 덕진구 아중로 180",
            "세대수":90,
            "입주년차":20,
            "용적률점수":"--",
            "건폐율점수":"--",
            "세대당주차수":0,
            "난방방식":30,
            "공급면적":"--",
            "전용률":"--",
            "욕실수":50,
            "현관타입":100,
            "주거총점":53.5,
            "지역구공급총점":100.0,
            "역세권":"NA",
            "30분내 이동가능 거점":"NA",
            "1시간내 이동가능 거점":"NA",
            "교통총점":"NA",
            "백화점":0,
            "아울렛몰":0,
            "대형마트":0,
            "은행":0,
            "병원":60,
            "종합병원":100,
            "공원":100,
            "혐오시설":0,
            "인프라총점":29.0,
            "초등학군":84.4,
            "중학군":45.46,
            "학군총점":53.248,
            "인구수":35.49,
            "인구증감":-1.97,
            "인구총점":24.252,
            "일자리":6.1,
            "소득수준":56.99,
            "일자리총점":21.367,
            "가치 총점":43.637,
            "매매실거래년":20211228.0,
            "매매실거래가":9000.0,
            "전세실거래년":20211217.0,
            "전세실거래가":10000.0,
            "전세가율":111.11,
            "장기전세가율평균":81.44,
            "전세가율거품지수":-29.67,
            "검색코드":25564,
            "세대수":960.0,
            "준공년월":"1999-10-29",
            "준공년차":24.0,
            "가까운역이름":"NA",
            "가까운역거리":"NA",
            "역세권여부":"NA",
            "30분이내주요거점역":"NA",
            "1시간이내주요거점역":"NA",
            "3km이내백화점수":0,
            "5km이내아울렛몰수":0,
            "1km이내대형먀트수":0,
            "500m이내은행수":1,
            "500m이내병원수":13,
            "5km이내대형병원수":5,
            "500m이내공원수":15,
            "3km이내혐오시설수":0,
            "초등학교학업성취도":84.4,
            "중학교학업성취도":74.9,
            "용적률":219,
            "건폐율":17,
            "Y":35.826516,
            "X":127.169484,
            "rank":78.0,
            "area_info":"20평(68.02), 24평(80.98)",
            "last_sales":"2021-12-28,9000.0,20평(68.02)"
        },
        {
            "index":220,
            "아파트명":"영창",
            "투자타입":"일반",
            "전용면적(m2)":"80.18",
            "전용면적(평)":"24평",
            "법정동주소":"전라북도 전주시 덕진구 송천동1가 179-28",
            "도로명주소":"전라북도 전주시 덕진구 솔내1길 76",
            "세대수":0,
            "입주년차":0,
            "용적률점수":"--",
            "건폐율점수":"--",
            "세대당주차수":0,
            "난방방식":30,
            "공급면적":"--",
            "전용률":"--",
            "욕실수":50,
            "현관타입":10,
            "주거총점":9.0,
            "지역구공급총점":100.0,
            "역세권":"NA",
            "30분내 이동가능 거점":"NA",
            "1시간내 이동가능 거점":"NA",
            "교통총점":"NA",
            "백화점":100,
            "아울렛몰":0,
            "대형마트":80,
            "은행":0,
            "병원":30,
            "종합병원":100,
            "공원":0,
            "혐오시설":0,
            "인프라총점":65.0,
            "초등학군":86.97,
            "중학군":48.4,
            "학군총점":56.114,
            "인구수":35.49,
            "인구증감":-1.97,
            "인구총점":24.252,
            "일자리":6.1,
            "소득수준":56.99,
            "일자리총점":21.367,
            "가치 총점":43.1785,
            "매매실거래년":20211201.0,
            "매매실거래가":6500.0,
            "전세실거래년":20211109.0,
            "전세실거래가":7000.0,
            "전세가율":107.69,
            "장기전세가율평균":81.44,
            "전세가율거품지수":-26.25,
            "검색코드":15026,
            "세대수":205.0,
            "준공년월":"1993-12-03",
            "준공년차":30.0,
            "가까운역이름":"NA",
            "가까운역거리":"NA",
            "역세권여부":"NA",
            "30분이내주요거점역":"NA",
            "1시간이내주요거점역":"NA",
            "3km이내백화점수":1,
            "5km이내아울렛몰수":0,
            "1km이내대형먀트수":1,
            "500m이내은행수":0,
            "500m이내병원수":9,
            "5km이내대형병원수":5,
            "500m이내공원수":0,
            "3km이내혐오시설수":0,
            "초등학교학업성취도":86.97,
            "중학교학업성취도":79.8,
            "용적률":0,
            "건폐율":0,
            "Y":35.856974,
            "X":127.125401,
            "rank":79.0,
            "area_info":"24평(80.18)",
            "last_sales":"2021-12-01,6500.0,24평(80.18)"
        },
        {
            "index":615,
            "아파트명":"호성주공",
            "투자타입":"일반",
            "전용면적(m2)":"55.18",
            "전용면적(평)":"16평",
            "법정동주소":"전라북도 전주시 덕진구 호성동1가 900",
            "도로명주소":"전라북도 전주시 덕진구 소리로 179",
            "세대수":100,
            "입주년차":0,
            "용적률점수":"--",
            "건폐율점수":"--",
            "세대당주차수":0,
            "난방방식":30,
            "공급면적":"--",
            "전용률":"--",
            "욕실수":50,
            "현관타입":100,
            "주거총점":53.0,
            "지역구공급총점":100.0,
            "역세권":"NA",
            "30분내 이동가능 거점":"NA",
            "1시간내 이동가능 거점":"NA",
            "교통총점":"NA",
            "백화점":0,
            "아울렛몰":0,
            "대형마트":0,
            "은행":20,
            "병원":60,
            "종합병원":100,
            "공원":0,
            "혐오시설":0,
            "인프라총점":28.0,
            "초등학군":87.3,
            "중학군":44.82,
            "학군총점":53.316,
            "인구수":35.49,
            "인구증감":-1.97,
            "인구총점":24.252,
            "일자리":6.1,
            "소득수준":56.99,
            "일자리총점":21.367,
            "가치 총점":43.079,
            "매매실거래년":20220108.0,
            "매매실거래가":14230.0,
            "전세실거래년":20220108.0,
            "전세실거래가":7000.0,
            "전세가율":94.59,
            "장기전세가율평균":81.44,
            "전세가율거품지수":-13.15,
            "검색코드":5788,
            "세대수":1911.0,
            "준공년월":"1997-06-30",
            "준공년차":26.0,
            "가까운역이름":"NA",
            "가까운역거리":"NA",
            "역세권여부":"NA",
            "30분이내주요거점역":"NA",
            "1시간이내주요거점역":"NA",
            "3km이내백화점수":0,
            "5km이내아울렛몰수":0,
            "1km이내대형먀트수":0,
            "500m이내은행수":2,
            "500m이내병원수":14,
            "5km이내대형병원수":3,
            "500m이내공원수":0,
            "3km이내혐오시설수":0,
            "초등학교학업성취도":87.3,
            "중학교학업성취도":74.7,
            "용적률":0,
            "건폐율":0,
            "Y":35.858859,
            "X":127.150668,
            "rank":80.0,
            "area_info":"16평(55.18), 20평(68.29), 23평(77.07), 24평(79.91)",
            "last_sales":"2022-01-08,14230.0,24평(79.91)"
        },
        {
            "index":528,
            "아파트명":"대방디엠시티",
            "투자타입":"일반",
            "전용면적(m2)":"129.62",
            "전용면적(평)":"39평",
            "법정동주소":"전라북도 전주시 덕진구 장동 1111",
            "도로명주소":"전라북도 전주시 덕진구 기지로 77",
            "세대수":50,
            "입주년차":100,
            "용적률점수":"--",
            "건폐율점수":"--",
            "세대당주차수":60,
            "난방방식":30,
            "공급면적":"--",
            "전용률":"--",
            "욕실수":100,
            "현관타입":100,
            "주거총점":69.5,
            "지역구공급총점":100.0,
            "역세권":"NA",
            "30분내 이동가능 거점":"NA",
            "1시간내 이동가능 거점":"NA",
            "교통총점":"NA",
            "백화점":0,
            "아울렛몰":0,
            "대형마트":0,
            "은행":0,
            "병원":60,
            "종합병원":0,
            "공원":100,
            "혐오시설":0,
            "인프라총점":9.0,
            "초등학군":93.03,
            "중학군":51.42,
            "학군총점":59.742,
            "인구수":35.49,
            "인구증감":-1.97,
            "인구총점":24.252,
            "일자리":6.1,
            "소득수준":56.99,
            "일자리총점":21.367,
            "가치 총점":42.8605,
            "매매실거래년":20200813.0,
            "매매실거래가":48599.0,
            "전세실거래년":null,
            "전세실거래가":null,
            "전세가율":null,
            "장기전세가율평균":81.44,
            "전세가율거품지수":null,
            "검색코드":115599,
            "세대수":494.0,
            "준공년월":"2020-08-01",
            "준공년차":3.0,
            "가까운역이름":"NA",
            "가까운역거리":"NA",
            "역세권여부":"NA",
            "30분이내주요거점역":"NA",
            "1시간이내주요거점역":"NA",
            "3km이내백화점수":0,
            "5km이내아울렛몰수":0,
            "1km이내대형먀트수":0,
            "500m이내은행수":0,
            "500m이내병원수":12,
            "5km이내대형병원수":0,
            "500m이내공원수":3,
            "3km이내혐오시설수":0,
            "초등학교학업성취도":93.03,
            "중학교학업성취도":85.7,
            "용적률":692,
            "건폐율":73,
            "Y":35.839013,
            "X":127.060058,
            "rank":81.0,
            "area_info":"39평(129.62), 39평(129.72), 43평(143.64), 43평(143.14)",
            "last_sales":"2020-08-13,48599.0,43평(143.14)"
        },
        {
            "index":254,
            "아파트명":"송천신동아파밀리에",
            "투자타입":"일반",
            "전용면적(m2)":"110.04",
            "전용면적(평)":"33평",
            "법정동주소":"전라북도 전주시 덕진구 송천동2가 1290",
            "도로명주소":"전라북도 전주시 덕진구 두간4길 14",
            "세대수":0,
            "입주년차":80,
            "용적률점수":"--",
            "건폐율점수":"--",
            "세대당주차수":60,
            "난방방식":30,
            "공급면적":"--",
            "전용률":"--",
            "욕실수":100,
            "현관타입":100,
            "주거총점":48.0,
            "지역구공급총점":100.0,
            "역세권":"NA",
            "30분내 이동가능 거점":"NA",
            "1시간내 이동가능 거점":"NA",
            "교통총점":"NA",
            "백화점":0,
            "아울렛몰":0,
            "대형마트":80,
            "은행":0,
            "병원":30,
            "종합병원":100,
            "공원":100,
            "혐오시설":-50,
            "인프라총점":37.0,
            "초등학군":72.93,
            "중학군":37.44,
            "학군총점":44.538,
            "인구수":35.49,
            "인구증감":-1.97,
            "인구총점":24.252,
            "일자리":6.1,
            "소득수준":56.99,
            "일자리총점":21.367,
            "가치 총점":42.7345,
            "매매실거래년":20211202.0,
            "매매실거래가":28000.0,
            "전세실거래년":20211230.0,
            "전세실거래가":27000.0,
            "전세가율":96.43,
            "장기전세가율평균":81.44,
            "전세가율거품지수":-14.99,
            "검색코드":111168,
            "세대수":167.0,
            "준공년월":"2015-10-28",
            "준공년차":8.0,
            "가까운역이름":"NA",
            "가까운역거리":"NA",
            "역세권여부":"NA",
            "30분이내주요거점역":"NA",
            "1시간이내주요거점역":"NA",
            "3km이내백화점수":0,
            "5km이내아울렛몰수":0,
            "1km이내대형먀트수":1,
            "500m이내은행수":1,
            "500m이내병원수":9,
            "5km이내대형병원수":2,
            "500m이내공원수":6,
            "3km이내혐오시설수":1,
            "초등학교학업성취도":72.93,
            "중학교학업성취도":62.4,
            "용적률":203,
            "건폐율":21,
            "Y":35.867027,
            "X":127.119787,
            "rank":82.0,
            "area_info":"33평(110.04), 33평(110.68)",
            "last_sales":"2021-12-02,28000.0,33평(110.04)"
        },
        {
            "index":385,
            "아파트명":"진버들마을대우2차",
            "투자타입":"일반",
            "전용면적(m2)":"106.25",
            "전용면적(평)":"32평",
            "법정동주소":"전라북도 전주시 덕진구 우아동2가 853-1",
            "도로명주소":"전라북도 전주시 덕진구 진버들5길 10",
            "세대수":50,
            "입주년차":20,
            "용적률점수":"--",
            "건폐율점수":"--",
            "세대당주차수":30,
            "난방방식":30,
            "공급면적":"--",
            "전용률":"--",
            "욕실수":100,
            "현관타입":100,
            "주거총점":49.0,
            "지역구공급총점":100.0,
            "역세권":"NA",
            "30분내 이동가능 거점":"NA",
            "1시간내 이동가능 거점":"NA",
            "교통총점":"NA",
            "백화점":0,
            "아울렛몰":0,
            "대형마트":0,
            "은행":0,
            "병원":60,
            "종합병원":100,
            "공원":100,
            "혐오시설":0,
            "인프라총점":29.0,
            "초등학군":87.76,
            "중학군":46.96,
            "학군총점":55.12,
            "인구수":35.49,
            "인구증감":-1.97,
            "인구총점":24.252,
            "일자리":6.1,
            "소득수준":56.99,
            "일자리총점":21.367,
            "가치 총점":42.53,
            "매매실거래년":20211221.0,
            "매매실거래가":23500.0,
            "전세실거래년":20201130.0,
            "전세실거래가":12000.0,
            "전세가율":56.34,
            "장기전세가율평균":81.44,
            "전세가율거품지수":25.1,
            "검색코드":5791,
            "세대수":450.0,
            "준공년월":"1999-11-11",
            "준공년차":24.0,
            "가까운역이름":"NA",
            "가까운역거리":"NA",
            "역세권여부":"NA",
            "30분이내주요거점역":"NA",
            "1시간이내주요거점역":"NA",
            "3km이내백화점수":0,
            "5km이내아울렛몰수":0,
            "1km이내대형먀트수":0,
            "500m이내은행수":1,
            "500m이내병원수":14,
            "5km이내대형병원수":5,
            "500m이내공원수":8,
            "3km이내혐오시설수":0,
            "초등학교학업성취도":87.76,
            "중학교학업성취도":77.0,
            "용적률":177,
            "건폐율":16,
            "Y":35.837548,
            "X":127.165584,
            "rank":83.0,
            "area_info":"32평(106.25), 38평(126.74), 50평(166.33)",
            "last_sales":"2021-12-21,23500.0,38평(126.74)"
        },
        {
            "index":580,
            "아파트명":"팔복남양",
            "투자타입":"일반",
            "전용면적(m2)":"56.57",
            "전용면적(평)":"17평",
            "법정동주소":"전라북도 전주시 덕진구 팔복동2가 130-2",
            "도로명주소":"전라북도 전주시 덕진구 팔복1길 6",
            "세대수":50,
            "입주년차":20,
            "용적률점수":"--",
            "건폐율점수":"--",
            "세대당주차수":0,
            "난방방식":30,
            "공급면적":"--",
            "전용률":"--",
            "욕실수":50,
            "현관타입":10,
            "주거총점":30.5,
            "지역구공급총점":100.0,
            "역세권":"NA",
            "30분내 이동가능 거점":"NA",
            "1시간내 이동가능 거점":"NA",
            "교통총점":"NA",
            "백화점":100,
            "아울렛몰":0,
            "대형마트":0,
            "은행":0,
            "병원":0,
            "종합병원":100,
            "공원":100,
            "혐오시설":0,
            "인프라총점":53.0,
            "초등학군":87.66,
            "중학군":31.2,
            "학군총점":42.492,
            "인구수":35.49,
            "인구증감":-1.97,
            "인구총점":24.252,
            "일자리":6.1,
            "소득수준":56.99,
            "일자리총점":21.367,
            "가치 총점":42.498,
            "매매실거래년":20211116.0,
            "매매실거래가":8500.0,
            "전세실거래년":20191227.0,
            "전세실거래가":4300.0,
            "전세가율":86.0,
            "장기전세가율평균":81.44,
            "전세가율거품지수":-4.56,
            "검색코드":17087,
            "세대수":659.0,
            "준공년월":"1999-05-24",
            "준공년차":24.0,
            "가까운역이름":"NA",
            "가까운역거리":"NA",
            "역세권여부":"NA",
            "30분이내주요거점역":"NA",
            "1시간이내주요거점역":"NA",
            "3km이내백화점수":1,
            "5km이내아울렛몰수":0,
            "1km이내대형먀트수":0,
            "500m이내은행수":0,
            "500m이내병원수":1,
            "5km이내대형병원수":4,
            "500m이내공원수":2,
            "3km이내혐오시설수":0,
            "초등학교학업성취도":87.66,
            "중학교학업성취도":52.0,
            "용적률":230,
            "건폐율":20,
            "Y":35.847979,
            "X":127.104577,
            "rank":84.0,
            "area_info":"17평(56.57), 21평(70.88), 23평(77.52)",
            "last_sales":"2021-11-16,8500.0,23평(77.52)"
        },
        {
            "index":56,
            "아파트명":"오성유토피아",
            "투자타입":"재건축",
            "전용면적(m2)":"96.0",
            "전용면적(평)":"29평",
            "법정동주소":"전라북도 전주시 덕진구 덕진동2가 20",
            "도로명주소":"전라북도 전주시 덕진구 호반8길 15",
            "세대수":0,
            "입주년차":"--",
            "용적률점수":0,
            "건폐율점수":0,
            "세대당주차수":"--",
            "난방방식":"--",
            "공급면적":70,
            "전용률":80,
            "욕실수":"--",
            "현관타입":"--",
            "주거총점":7.5,
            "지역구공급총점":100.0,
            "역세권":"NA",
            "30분내 이동가능 거점":"NA",
            "1시간내 이동가능 거점":"NA",
            "교통총점":"NA",
            "백화점":100,
            "아울렛몰":0,
            "대형마트":80,
            "은행":70,
            "병원":10,
            "종합병원":100,
            "공원":100,
            "혐오시설":0,
            "인프라총점":73.0,
            "초등학군":86.94,
            "중학군":31.2,
            "학군총점":42.348,
            "인구수":35.49,
            "인구증감":-1.97,
            "인구총점":24.252,
            "일자리":6.1,
            "소득수준":56.99,
            "일자리총점":21.367,
            "가치 총점":42.412,
            "매매실거래년":20201231.0,
            "매매실거래가":12000.0,
            "전세실거래년":20211103.0,
            "전세실거래가":14000.0,
            "전세가율":116.67,
            "장기전세가율평균":81.44,
            "전세가율거품지수":-35.23,
            "검색코드":5290,
            "세대수":240.0,
            "준공년월":"1989-04-20",
            "준공년차":34.0,
            "가까운역이름":"NA",
            "가까운역거리":"NA",
            "역세권여부":"NA",
            "30분이내주요거점역":"NA",
            "1시간이내주요거점역":"NA",
            "3km이내백화점수":1,
            "5km이내아울렛몰수":0,
            "1km이내대형먀트수":1,
            "500m이내은행수":3,
            "500m이내병원수":2,
            "5km이내대형병원수":5,
            "500m이내공원수":3,
            "3km이내혐오시설수":0,
            "초등학교학업성취도":86.94,
            "중학교학업성취도":52.0,
            "용적률":0,
            "건폐율":0,
            "Y":35.85246,
            "X":127.115797,
            "rank":85.0,
            "area_info":"29평(96.0), 34평(113.65), 37평(123.12), 41평(137.69)",
            "last_sales":"2020-12-31,12000.0,29평(96.0)"
        },
        {
            "index":365,
            "아파트명":"여의영무예다음",
            "투자타입":"일반",
            "전용면적(m2)":"97.31",
            "전용면적(평)":"29평",
            "법정동주소":"전라북도 전주시 덕진구 여의동 1345",
            "도로명주소":"전라북도 전주시 덕진구 혁신로 655",
            "세대수":80,
            "입주년차":100,
            "용적률점수":"--",
            "건폐율점수":"--",
            "세대당주차수":60,
            "난방방식":30,
            "공급면적":"--",
            "전용률":"--",
            "욕실수":100,
            "현관타입":100,
            "주거총점":80.0,
            "지역구공급총점":100.0,
            "역세권":"NA",
            "30분내 이동가능 거점":"NA",
            "1시간내 이동가능 거점":"NA",
            "교통총점":"NA",
            "백화점":0,
            "아울렛몰":0,
            "대형마트":0,
            "은행":0,
            "병원":30,
            "종합병원":0,
            "공원":80,
            "혐오시설":0,
            "인프라총점":5.4,
            "초등학군":89.5,
            "중학군":38.7,
            "학군총점":48.86,
            "인구수":35.49,
            "인구증감":-1.97,
            "인구총점":24.252,
            "일자리":6.1,
            "소득수준":56.99,
            "일자리총점":21.367,
            "가치 총점":42.375,
            "매매실거래년":"18000101",
            "매매실거래가":null,
            "전세실거래년":20211213.0,
            "전세실거래가":17800.0,
            "전세가율":null,
            "장기전세가율평균":81.44,
            "전세가율거품지수":null,
            "검색코드":116408,
            "세대수":711.0,
            "준공년월":"2019-01-07",
            "준공년차":4.0,
            "가까운역이름":"NA",
            "가까운역거리":"NA",
            "역세권여부":"NA",
            "30분이내주요거점역":"NA",
            "1시간이내주요거점역":"NA",
            "3km이내백화점수":0,
            "5km이내아울렛몰수":0,
            "1km이내대형먀트수":0,
            "500m이내은행수":1,
            "500m이내병원수":8,
            "5km이내대형병원수":0,
            "500m이내공원수":1,
            "3km이내혐오시설수":0,
            "초등학교학업성취도":89.5,
            "중학교학업성취도":64.5,
            "용적률":229,
            "건폐율":21,
            "Y":35.870639,
            "X":127.071125,
            "rank":86.0,
            "area_info":"29평(97.31), 34평(112.83), 34평(113.26)",
            "last_sales":"1800-01-01,nan,29평(97.31)"
        },
        {
            "index":423,
            "아파트명":"궁전",
            "투자타입":"재건축",
            "전용면적(m2)":"100.35",
            "전용면적(평)":"30평",
            "법정동주소":"전라북도 전주시 덕진구 인후동1가 594-1",
            "도로명주소":"전라북도 전주시 덕진구 팽나무1길 19",
            "세대수":0,
            "입주년차":"--",
            "용적률점수":0,
            "건폐율점수":0,
            "세대당주차수":"--",
            "난방방식":"--",
            "공급면적":90,
            "전용률":80,
            "욕실수":"--",
            "현관타입":"--",
            "주거총점":8.5,
            "지역구공급총점":100.0,
            "역세권":"NA",
            "30분내 이동가능 거점":"NA",
            "1시간내 이동가능 거점":"NA",
            "교통총점":"NA",
            "백화점":100,
            "아울렛몰":0,
            "대형마트":0,
            "은행":20,
            "병원":60,
            "종합병원":100,
            "공원":100,
            "혐오시설":0,
            "인프라총점":61.0,
            "초등학군":88.14,
            "중학군":50.82,
            "학군총점":58.284,
            "인구수":35.49,
            "인구증감":-1.97,
            "인구총점":24.252,
            "일자리":6.1,
            "소득수준":56.99,
            "일자리총점":21.367,
            "가치 총점":41.946,
            "매매실거래년":20210624.0,
            "매매실거래가":16000.0,
            "전세실거래년":20210514.0,
            "전세실거래가":8000.0,
            "전세가율":57.97,
            "장기전세가율평균":81.44,
            "전세가율거품지수":23.47,
            "검색코드":14273,
            "세대수":212.0,
            "준공년월":"1988-06-02",
            "준공년차":35.0,
            "가까운역이름":"NA",
            "가까운역거리":"NA",
            "역세권여부":"NA",
            "30분이내주요거점역":"NA",
            "1시간이내주요거점역":"NA",
            "3km이내백화점수":1,
            "5km이내아울렛몰수":0,
            "1km이내대형먀트수":0,
            "500m이내은행수":2,
            "500m이내병원수":20,
            "5km이내대형병원수":5,
            "500m이내공원수":3,
            "3km이내혐오시설수":0,
            "초등학교학업성취도":88.14,
            "중학교학업성취도":84.3,
            "용적률":0,
            "건폐율":0,
            "Y":35.83504,
            "X":127.151099,
            "rank":87.0,
            "area_info":"30평(100.35), 41평(136.75)",
            "last_sales":"2021-06-24,16000.0,41평(136.75)"
        },
        {
            "index":561,
            "아파트명":"거성고속맨션1차",
            "투자타입":"재건축",
            "전용면적(m2)":"109.29",
            "전용면적(평)":"33평",
            "법정동주소":"전라북도 전주시 덕진구 진북동 1168-2",
            "도로명주소":"전라북도 전주시 덕진구 전주천동로 453",
            "세대수":0,
            "입주년차":"--",
            "용적률점수":0,
            "건폐율점수":0,
            "세대당주차수":"--",
            "난방방식":"--",
            "공급면적":90,
            "전용률":60,
            "욕실수":"--",
            "현관타입":"--",
            "주거총점":7.5,
            "지역구공급총점":100.0,
            "역세권":"NA",
            "30분내 이동가능 거점":"NA",
            "1시간내 이동가능 거점":"NA",
            "교통총점":"NA",
            "백화점":100,
            "아울렛몰":0,
            "대형마트":80,
            "은행":20,
            "병원":10,
            "종합병원":100,
            "공원":100,
            "혐오시설":0,
            "인프라총점":68.0,
            "초등학군":100.0,
            "중학군":33.52,
            "학군총점":46.816,
            "인구수":35.49,
            "인구증감":-1.97,
            "인구총점":24.252,
            "일자리":6.1,
            "소득수준":56.99,
            "일자리총점":21.367,
            "가치 총점":41.529,
            "매매실거래년":20210702.0,
            "매매실거래가":11000.0,
            "전세실거래년":20201224.0,
            "전세실거래가":13000.0,
            "전세가율":118.18,
            "장기전세가율평균":81.44,
            "전세가율거품지수":-36.74,
            "검색코드":15042,
            "세대수":104.0,
            "준공년월":"1988-11-26",
            "준공년차":35.0,
            "가까운역이름":"NA",
            "가까운역거리":"NA",
            "역세권여부":"NA",
            "30분이내주요거점역":"NA",
            "1시간이내주요거점역":"NA",
            "3km이내백화점수":1,
            "5km이내아울렛몰수":0,
            "1km이내대형먀트수":1,
            "500m이내은행수":2,
            "500m이내병원수":4,
            "5km이내대형병원수":5,
            "500m이내공원수":3,
            "3km이내혐오시설수":0,
            "초등학교학업성취도":100.0,
            "중학교학업성취도":55.0,
            "용적률":0,
            "건폐율":0,
            "Y":35.833604,
            "X":127.126764,
            "rank":88.0,
            "area_info":"33평(109.29), 44평(147.71), 55평(184.99)",
            "last_sales":"2021-07-02,11000.0,33평(109.29)"
        },
        {
            "index":19,
            "아파트명":"두산그랜드타운",
            "투자타입":"일반",
            "전용면적(m2)":"84.03",
            "전용면적(평)":"25평",
            "법정동주소":"전라북도 전주시 덕진구 금암동 1584",
            "도로명주소":"전라북도 전주시 덕진구 매봉로 40",
            "세대수":0,
            "입주년차":0,
            "용적률점수":"--",
            "건폐율점수":"--",
            "세대당주차수":60,
            "난방방식":30,
            "공급면적":"--",
            "전용률":"--",
            "욕실수":50,
            "현관타입":10,
            "주거총점":18.0,
            "지역구공급총점":100.0,
            "역세권":"NA",
            "30분내 이동가능 거점":"NA",
            "1시간내 이동가능 거점":"NA",
            "교통총점":"NA",
            "백화점":100,
            "아울렛몰":0,
            "대형마트":0,
            "은행":0,
            "병원":60,
            "종합병원":100,
            "공원":100,
            "혐오시설":0,
            "인프라총점":59.0,
            "초등학군":90.0,
            "중학군":35.54,
            "학군총점":46.432,
            "인구수":35.49,
            "인구증감":-1.97,
            "인구총점":24.252,
            "일자리":6.1,
            "소득수준":56.99,
            "일자리총점":21.367,
            "가치 총점":41.508,
            "매매실거래년":20211130.0,
            "매매실거래가":9500.0,
            "전세실거래년":20200223.0,
            "전세실거래가":7000.0,
            "전세가율":73.68,
            "장기전세가율평균":81.44,
            "전세가율거품지수":7.76,
            "검색코드":5278,
            "세대수":165.0,
            "준공년월":"1995-12-07",
            "준공년차":28.0,
            "가까운역이름":"NA",
            "가까운역거리":"NA",
            "역세권여부":"NA",
            "30분이내주요거점역":"NA",
            "1시간이내주요거점역":"NA",
            "3km이내백화점수":1,
            "5km이내아울렛몰수":0,
            "1km이내대형먀트수":0,
            "500m이내은행수":0,
            "500m이내병원수":25,
            "5km이내대형병원수":5,
            "500m이내공원수":4,
            "3km이내혐오시설수":0,
            "초등학교학업성취도":90.0,
            "중학교학업성취도":55.9,
            "용적률":0,
            "건폐율":0,
            "Y":35.84179,
            "X":127.14155,
            "rank":89.0,
            "area_info":"25평(84.03), 31평(102.82)",
            "last_sales":"2021-11-30,9500.0,25평(84.03)"
        },
        {
            "index":545,
            "아파트명":"호반베르디움더센트럴2",
            "투자타입":"일반",
            "전용면적(m2)":"112.88",
            "전용면적(평)":"34평",
            "법정동주소":"전라북도 전주시 덕진구 장동 1075",
            "도로명주소":"전라북도 전주시 덕진구 출판로 69",
            "세대수":50,
            "입주년차":80,
            "용적률점수":"--",
            "건폐율점수":"--",
            "세대당주차수":60,
            "난방방식":30,
            "공급면적":"--",
            "전용률":"--",
            "욕실수":100,
            "현관타입":100,
            "주거총점":65.5,
            "지역구공급총점":100.0,
            "역세권":"NA",
            "30분내 이동가능 거점":"NA",
            "1시간내 이동가능 거점":"NA",
            "교통총점":"NA",
            "백화점":0,
            "아울렛몰":0,
            "대형마트":0,
            "은행":0,
            "병원":60,
            "종합병원":0,
            "공원":100,
            "혐오시설":0,
            "인프라총점":9.0,
            "초등학군":93.03,
            "중학군":51.42,
            "학군총점":59.742,
            "인구수":35.49,
            "인구증감":-1.97,
            "인구총점":24.252,
            "일자리":6.1,
            "소득수준":56.99,
            "일자리총점":21.367,
            "가치 총점":41.4605,
            "매매실거래년":20211217.0,
            "매매실거래가":50000.0,
            "전세실거래년":20211220.0,
            "전세실거래가":24000.0,
            "전세가율":48.0,
            "장기전세가율평균":81.44,
            "전세가율거품지수":33.44,
            "검색코드":108420,
            "세대수":634.0,
            "준공년월":"2016-06-03",
            "준공년차":7.0,
            "가까운역이름":"NA",
            "가까운역거리":"NA",
            "역세권여부":"NA",
            "30분이내주요거점역":"NA",
            "1시간이내주요거점역":"NA",
            "3km이내백화점수":0,
            "5km이내아울렛몰수":0,
            "1km이내대형먀트수":0,
            "500m이내은행수":0,
            "500m이내병원수":12,
            "5km이내대형병원수":0,
            "500m이내공원수":6,
            "3km이내혐오시설수":0,
            "초등학교학업성취도":93.03,
            "중학교학업성취도":85.7,
            "용적률":180,
            "건폐율":19,
            "Y":35.840393,
            "X":127.060356,
            "rank":90.0,
            "area_info":"34평(112.88), 34평(114.43), 39평(128.99), 42평(139.18)",
            "last_sales":"2021-12-17,50000.0,34평(112.88)"
        },
        {
            "index":334,
            "아파트명":"전주송천한라비발디2단지",
            "투자타입":"일반",
            "전용면적(m2)":"109.27",
            "전용면적(평)":"33평",
            "법정동주소":"전라북도 전주시 덕진구 송천동2가 1288",
            "도로명주소":"전라북도 전주시 덕진구 천마산로 115",
            "세대수":30,
            "입주년차":60,
            "용적률점수":"--",
            "건폐율점수":"--",
            "세대당주차수":30,
            "난방방식":30,
            "공급면적":"--",
            "전용률":"--",
            "욕실수":100,
            "현관타입":100,
            "주거총점":50.0,
            "지역구공급총점":100.0,
            "역세권":"NA",
            "30분내 이동가능 거점":"NA",
            "1시간내 이동가능 거점":"NA",
            "교통총점":"NA",
            "백화점":0,
            "아울렛몰":0,
            "대형마트":0,
            "은행":0,
            "병원":0,
            "종합병원":100,
            "공원":80,
            "혐오시설":0,
            "인프라총점":22.4,
            "초등학군":90.24,
            "중학군":52.36,
            "학군총점":59.936,
            "인구수":35.49,
            "인구증감":-1.97,
            "인구총점":24.252,
            "일자리":6.1,
            "소득수준":56.99,
            "일자리총점":21.367,
            "가치 총점":41.444,
            "매매실거래년":20211204.0,
            "매매실거래가":44500.0,
            "전세실거래년":20211115.0,
            "전세실거래가":35000.0,
            "전세가율":78.65,
            "장기전세가율평균":81.44,
            "전세가율거품지수":2.79,
            "검색코드":103672,
            "세대수":381.0,
            "준공년월":"2013-10-25",
            "준공년차":10.0,
            "가까운역이름":"NA",
            "가까운역거리":"NA",
            "역세권여부":"NA",
            "30분이내주요거점역":"NA",
            "1시간이내주요거점역":"NA",
            "3km이내백화점수":0,
            "5km이내아울렛몰수":0,
            "1km이내대형먀트수":0,
            "500m이내은행수":0,
            "500m이내병원수":1,
            "5km이내대형병원수":3,
            "500m이내공원수":1,
            "3km이내혐오시설수":0,
            "초등학교학업성취도":90.24,
            "중학교학업성취도":86.2,
            "용적률":198,
            "건폐율":25,
            "Y":35.865596,
            "X":127.134951,
            "rank":91.0,
            "area_info":"33평(109.27), 36평(120.34)",
            "last_sales":"2021-12-04,44500.0,33평(109.27)"
        },
        {
            "index":462,
            "아파트명":"안고을우성",
            "투자타입":"일반",
            "전용면적(m2)":"70.93",
            "전용면적(평)":"21평",
            "법정동주소":"전라북도 전주시 덕진구 인후동1가 458",
            "도로명주소":"전라북도 전주시 덕진구 진버들2길 14",
            "세대수":30,
            "입주년차":20,
            "용적률점수":"--",
            "건폐율점수":"--",
            "세대당주차수":0,
            "난방방식":30,
            "공급면적":"--",
            "전용률":"--",
            "욕실수":50,
            "현관타입":100,
            "주거총점":32.5,
            "지역구공급총점":100.0,
            "역세권":"NA",
            "30분내 이동가능 거점":"NA",
            "1시간내 이동가능 거점":"NA",
            "교통총점":"NA",
            "백화점":0,
            "아울렛몰":0,
            "대형마트":0,
            "은행":70,
            "병원":80,
            "종합병원":100,
            "공원":100,
            "혐오시설":0,
            "인프라총점":38.0,
            "초등학군":87.76,
            "중학군":50.82,
            "학군총점":58.208,
            "인구수":35.49,
            "인구증감":-1.97,
            "인구총점":24.252,
            "일자리":6.1,
            "소득수준":56.99,
            "일자리총점":21.367,
            "가치 총점":41.127,
            "매매실거래년":20211223.0,
            "매매실거래가":9300.0,
            "전세실거래년":20200528.0,
            "전세실거래가":9000.0,
            "전세가율":96.77,
            "장기전세가율평균":81.44,
            "전세가율거품지수":-15.33,
            "검색코드":102407,
            "세대수":305.0,
            "준공년월":"2001-02-22",
            "준공년차":22.0,
            "가까운역이름":"NA",
            "가까운역거리":"NA",
            "역세권여부":"NA",
            "30분이내주요거점역":"NA",
            "1시간이내주요거점역":"NA",
            "3km이내백화점수":0,
            "5km이내아울렛몰수":0,
            "1km이내대형먀트수":0,
            "500m이내은행수":3,
            "500m이내병원수":36,
            "5km이내대형병원수":5,
            "500m이내공원수":7,
            "3km이내혐오시설수":0,
            "초등학교학업성취도":87.76,
            "중학교학업성취도":84.3,
            "용적률":210,
            "건폐율":22,
            "Y":35.835839,
            "X":127.159547,
            "rank":92.0,
            "area_info":"21평(70.93), 23평(78.29), 24평(80.75), 32평(108.43)",
            "last_sales":"2021-12-23,9300.0,21평(70.93)"
        },
        {
            "index":502,
            "아파트명":"진버들마을부영1차",
            "투자타입":"일반",
            "전용면적(m2)":"69.55",
            "전용면적(평)":"21평",
            "법정동주소":"전라북도 전주시 덕진구 인후동1가 802-1",
            "도로명주소":"전라북도 전주시 덕진구 진버들3길 10",
            "세대수":90,
            "입주년차":20,
            "용적률점수":"--",
            "건폐율점수":"--",
            "세대당주차수":0,
            "난방방식":30,
            "공급면적":"--",
            "전용률":"--",
            "욕실수":50,
            "현관타입":10,
            "주거총점":44.5,
            "지역구공급총점":100.0,
            "역세권":"NA",
            "30분내 이동가능 거점":"NA",
            "1시간내 이동가능 거점":"NA",
            "교통총점":"NA",
            "백화점":0,
            "아울렛몰":0,
            "대형마트":0,
            "은행":0,
            "병원":60,
            "종합병원":100,
            "공원":100,
            "혐오시설":0,
            "인프라총점":29.0,
            "초등학군":87.76,
            "중학군":46.96,
            "학군총점":55.12,
            "인구수":35.49,
            "인구증감":-1.97,
            "인구총점":24.252,
            "일자리":6.1,
            "소득수준":56.99,
            "일자리총점":21.367,
            "가치 총점":40.955,
            "매매실거래년":20220112.0,
            "매매실거래가":11000.0,
            "전세실거래년":20220108.0,
            "전세실거래가":9000.0,
            "전세가율":81.82,
            "장기전세가율평균":81.44,
            "전세가율거품지수":-0.38,
            "검색코드":25567,
            "세대수":934.0,
            "준공년월":"1999-09-06",
            "준공년차":24.0,
            "가까운역이름":"NA",
            "가까운역거리":"NA",
            "역세권여부":"NA",
            "30분이내주요거점역":"NA",
            "1시간이내주요거점역":"NA",
            "3km이내백화점수":0,
            "5km이내아울렛몰수":0,
            "1km이내대형먀트수":0,
            "500m이내은행수":1,
            "500m이내병원수":23,
            "5km이내대형병원수":5,
            "500m이내공원수":7,
            "3km이내혐오시설수":0,
            "초등학교학업성취도":87.76,
            "중학교학업성취도":77.0,
            "용적률":219,
            "건폐율":18,
            "Y":35.836102,
            "X":127.162467,
            "rank":93.0,
            "area_info":"21평(69.55)",
            "last_sales":"2022-01-12,11000.0,21평(69.55)"
        },
        {
            "index":564,
            "아파트명":"거성고속맨션2차",
            "투자타입":"재건축",
            "전용면적(m2)":"127.29",
            "전용면적(평)":"38평",
            "법정동주소":"전라북도 전주시 덕진구 진북동 1166-1",
            "도로명주소":"전라북도 전주시 덕진구 숲정이5길 75",
            "세대수":0,
            "입주년차":"--",
            "용적률점수":0,
            "건폐율점수":0,
            "세대당주차수":"--",
            "난방방식":"--",
            "공급면적":100,
            "전용률":60,
            "욕실수":"--",
            "현관타입":"--",
            "주거총점":8.0,
            "지역구공급총점":100.0,
            "역세권":"NA",
            "30분내 이동가능 거점":"NA",
            "1시간내 이동가능 거점":"NA",
            "교통총점":"NA",
            "백화점":100,
            "아울렛몰":0,
            "대형마트":80,
            "은행":0,
            "병원":10,
            "종합병원":100,
            "공원":100,
            "혐오시설":0,
            "인프라총점":66.0,
            "초등학군":100.0,
            "중학군":33.52,
            "학군총점":46.816,
            "인구수":35.49,
            "인구증감":-1.97,
            "인구총점":24.252,
            "일자리":6.1,
            "소득수준":56.99,
            "일자리총점":21.367,
            "가치 총점":40.904,
            "매매실거래년":20210807.0,
            "매매실거래가":12500.0,
            "전세실거래년":20170916.0,
            "전세실거래가":2000.0,
            "전세가율":16.0,
            "장기전세가율평균":81.44,
            "전세가율거품지수":65.44,
            "검색코드":5640,
            "세대수":117.0,
            "준공년월":"1991-05-06",
            "준공년차":32.0,
            "가까운역이름":"NA",
            "가까운역거리":"NA",
            "역세권여부":"NA",
            "30분이내주요거점역":"NA",
            "1시간이내주요거점역":"NA",
            "3km이내백화점수":1,
            "5km이내아울렛몰수":0,
            "1km이내대형먀트수":1,
            "500m이내은행수":0,
            "500m이내병원수":2,
            "5km이내대형병원수":5,
            "500m이내공원수":5,
            "3km이내혐오시설수":0,
            "초등학교학업성취도":100.0,
            "중학교학업성취도":55.0,
            "용적률":0,
            "건폐율":0,
            "Y":35.8336,
            "X":127.12788,
            "rank":94.0,
            "area_info":"38평(127.29), 42평(139.84), 45평(150.19), 50평(165.34)",
            "last_sales":"2021-08-07,12500.0,38평(127.29)"
        },
        {
            "index":419,
            "아파트명":"거성프라자",
            "투자타입":"재건축",
            "전용면적(m2)":"63.17",
            "전용면적(평)":"19평",
            "법정동주소":"전라북도 전주시 덕진구 인후동1가 782",
            "도로명주소":"전라북도 전주시 덕진구 팽나무4길 7",
            "세대수":0,
            "입주년차":"--",
            "용적률점수":0,
            "건폐율점수":0,
            "세대당주차수":"--",
            "난방방식":"--",
            "공급면적":50,
            "전용률":60,
            "욕실수":"--",
            "현관타입":"--",
            "주거총점":5.5,
            "지역구공급총점":100.0,
            "역세권":"NA",
            "30분내 이동가능 거점":"NA",
            "1시간내 이동가능 거점":"NA",
            "교통총점":"NA",
            "백화점":100,
            "아울렛몰":0,
            "대형마트":0,
            "은행":20,
            "병원":60,
            "종합병원":100,
            "공원":100,
            "혐오시설":0,
            "인프라총점":61.0,
            "초등학군":87.76,
            "중학군":50.82,
            "학군총점":58.208,
            "인구수":35.49,
            "인구증감":-1.97,
            "인구총점":24.252,
            "일자리":6.1,
            "소득수준":56.99,
            "일자리총점":21.367,
            "가치 총점":40.877,
            "매매실거래년":20211102.0,
            "매매실거래가":8500.0,
            "전세실거래년":null,
            "전세실거래가":null,
            "전세가율":null,
            "장기전세가율평균":81.44,
            "전세가율거품지수":null,
            "검색코드":25462,
            "세대수":165.0,
            "준공년월":"1991-12-09",
            "준공년차":32.0,
            "가까운역이름":"NA",
            "가까운역거리":"NA",
            "역세권여부":"NA",
            "30분이내주요거점역":"NA",
            "1시간이내주요거점역":"NA",
            "3km이내백화점수":1,
            "5km이내아울렛몰수":0,
            "1km이내대형먀트수":0,
            "500m이내은행수":2,
            "500m이내병원수":20,
            "5km이내대형병원수":5,
            "500m이내공원수":3,
            "3km이내혐오시설수":0,
            "초등학교학업성취도":87.76,
            "중학교학업성취도":84.3,
            "용적률":0,
            "건폐율":0,
            "Y":35.83589,
            "X":127.15508,
            "rank":95.0,
            "area_info":"19평(63.17), 24평(81.55), 29평(98.8), 30평(100.3)",
            "last_sales":"2021-11-02,8500.0,30평(100.3)"
        },
        {
            "index":26,
            "아파트명":"거성",
            "투자타입":"재건축",
            "전용면적(m2)":"83.29",
            "전용면적(평)":"25평",
            "법정동주소":"전라북도 전주시 덕진구 덕진동1가 1314-154",
            "도로명주소":"전라북도 전주시 덕진구 덕진광장로 13",
            "세대수":0,
            "입주년차":"--",
            "용적률점수":0,
            "건폐율점수":0,
            "세대당주차수":"--",
            "난방방식":"--",
            "공급면적":70,
            "전용률":80,
            "욕실수":"--",
            "현관타입":"--",
            "주거총점":7.5,
            "지역구공급총점":100.0,
            "역세권":"NA",
            "30분내 이동가능 거점":"NA",
            "1시간내 이동가능 거점":"NA",
            "교통총점":"NA",
            "백화점":100,
            "아울렛몰":0,
            "대형마트":0,
            "은행":0,
            "병원":60,
            "종합병원":100,
            "공원":100,
            "혐오시설":0,
            "인프라총점":59.0,
            "초등학군":94.0,
            "중학군":48.98,
            "학군총점":57.984,
            "인구수":35.49,
            "인구증감":-1.97,
            "인구총점":24.252,
            "일자리":6.1,
            "소득수준":56.99,
            "일자리총점":21.367,
            "가치 총점":40.721,
            "매매실거래년":20220101.0,
            "매매실거래가":12000.0,
            "전세실거래년":20211029.0,
            "전세실거래가":7000.0,
            "전세가율":73.68,
            "장기전세가율평균":81.44,
            "전세가율거품지수":7.76,
            "검색코드":101163,
            "세대수":120.0,
            "준공년월":"1982-10-19",
            "준공년차":41.0,
            "가까운역이름":"NA",
            "가까운역거리":"NA",
            "역세권여부":"NA",
            "30분이내주요거점역":"NA",
            "1시간이내주요거점역":"NA",
            "3km이내백화점수":1,
            "5km이내아울렛몰수":0,
            "1km이내대형먀트수":0,
            "500m이내은행수":1,
            "500m이내병원수":21,
            "5km이내대형병원수":5,
            "500m이내공원수":4,
            "3km이내혐오시설수":0,
            "초등학교학업성취도":94.0,
            "중학교학업성취도":81.1,
            "용적률":0,
            "건폐율":0,
            "Y":35.845157,
            "X":127.124047,
            "rank":96.0,
            "area_info":"25평(83.29), 28평(93.78), 28평(95.48), 28평(95.73), 29평(96.9), 33평(111.14)",
            "last_sales":"2022-01-01,12000.0,28평(95.73)"
        },
        {
            "index":454,
            "아파트명":"아중제일",
            "투자타입":"일반",
            "전용면적(m2)":"103.26",
            "전용면적(평)":"31평",
            "법정동주소":"전라북도 전주시 덕진구 인후동1가 890-3",
            "도로명주소":"전라북도 전주시 덕진구 석소로 29",
            "세대수":50,
            "입주년차":0,
            "용적률점수":"--",
            "건폐율점수":"--",
            "세대당주차수":30,
            "난방방식":30,
            "공급면적":"--",
            "전용률":"--",
            "욕실수":100,
            "현관타입":100,
            "주거총점":45.0,
            "지역구공급총점":100.0,
            "역세권":"NA",
            "30분내 이동가능 거점":"NA",
            "1시간내 이동가능 거점":"NA",
            "교통총점":"NA",
            "백화점":0,
            "아울렛몰":0,
            "대형마트":0,
            "은행":0,
            "병원":60,
            "종합병원":100,
            "공원":100,
            "혐오시설":0,
            "인프라총점":29.0,
            "초등학군":84.4,
            "중학군":45.46,
            "학군총점":53.248,
            "인구수":35.49,
            "인구증감":-1.97,
            "인구총점":24.252,
            "일자리":6.1,
            "소득수준":56.99,
            "일자리총점":21.367,
            "가치 총점":40.662,
            "매매실거래년":20211201.0,
            "매매실거래가":20500.0,
            "전세실거래년":20211206.0,
            "전세실거래가":19000.0,
            "전세가율":92.68,
            "장기전세가율평균":81.44,
            "전세가율거품지수":-11.24,
            "검색코드":5570,
            "세대수":464.0,
            "준공년월":"1997-11-29",
            "준공년차":26.0,
            "가까운역이름":"NA",
            "가까운역거리":"NA",
            "역세권여부":"NA",
            "30분이내주요거점역":"NA",
            "1시간이내주요거점역":"NA",
            "3km이내백화점수":0,
            "5km이내아울렛몰수":0,
            "1km이내대형먀트수":0,
            "500m이내은행수":1,
            "500m이내병원수":20,
            "5km이내대형병원수":5,
            "500m이내공원수":16,
            "3km이내혐오시설수":0,
            "초등학교학업성취도":84.4,
            "중학교학업성취도":74.9,
            "용적률":215,
            "건폐율":22,
            "Y":35.829751,
            "X":127.168023,
            "rank":97.0,
            "area_info":"31평(103.26), 31평(103.29)",
            "last_sales":"2021-12-01,20500.0,31평(103.26)"
        },
        {
            "index":543,
            "아파트명":"호반베르디움더센트럴1",
            "투자타입":"일반",
            "전용면적(m2)":"112.55",
            "전용면적(평)":"34평",
            "법정동주소":"전라북도 전주시 덕진구 장동 1074",
            "도로명주소":"전라북도 전주시 덕진구 틀못1길 15",
            "세대수":50,
            "입주년차":80,
            "용적률점수":"--",
            "건폐율점수":"--",
            "세대당주차수":60,
            "난방방식":30,
            "공급면적":"--",
            "전용률":"--",
            "욕실수":100,
            "현관타입":100,
            "주거총점":65.5,
            "지역구공급총점":100.0,
            "역세권":"NA",
            "30분내 이동가능 거점":"NA",
            "1시간내 이동가능 거점":"NA",
            "교통총점":"NA",
            "백화점":0,
            "아울렛몰":0,
            "대형마트":0,
            "은행":0,
            "병원":30,
            "종합병원":0,
            "공원":100,
            "혐오시설":0,
            "인프라총점":6.0,
            "초등학군":93.03,
            "중학군":51.42,
            "학군총점":59.742,
            "인구수":35.49,
            "인구증감":-1.97,
            "인구총점":24.252,
            "일자리":6.1,
            "소득수준":56.99,
            "일자리총점":21.367,
            "가치 총점":40.2605,
            "매매실거래년":20211022.0,
            "매매실거래가":60000.0,
            "전세실거래년":20220103.0,
            "전세실거래가":47000.0,
            "전세가율":78.33,
            "장기전세가율평균":81.44,
            "전세가율거품지수":3.11,
            "검색코드":108419,
            "세대수":457.0,
            "준공년월":"2016-06-03",
            "준공년차":7.0,
            "가까운역이름":"NA",
            "가까운역거리":"NA",
            "역세권여부":"NA",
            "30분이내주요거점역":"NA",
            "1시간이내주요거점역":"NA",
            "3km이내백화점수":0,
            "5km이내아울렛몰수":0,
            "1km이내대형먀트수":0,
            "500m이내은행수":0,
            "500m이내병원수":8,
            "5km이내대형병원수":0,
            "500m이내공원수":3,
            "3km이내혐오시설수":0,
            "초등학교학업성취도":93.03,
            "중학교학업성취도":85.7,
            "용적률":182,
            "건폐율":18,
            "Y":35.840339,
            "X":127.057019,
            "rank":98.0,
            "area_info":"34평(112.55), 42평(139.4)",
            "last_sales":"2021-10-22,60000.0,34평(112.55)"
        },
        {
            "index":382,
            "아파트명":"전주아중롯데",
            "투자타입":"일반",
            "전용면적(m2)":"93.86",
            "전용면적(평)":"28평",
            "법정동주소":"전라북도 전주시 덕진구 우아동2가 887",
            "도로명주소":"전라북도 전주시 덕진구 중상보로 10",
            "세대수":50,
            "입주년차":0,
            "용적률점수":"--",
            "건폐율점수":"--",
            "세대당주차수":30,
            "난방방식":30,
            "공급면적":"--",
            "전용률":"--",
            "욕실수":100,
            "현관타입":100,
            "주거총점":45.0,
            "지역구공급총점":100.0,
            "역세권":"NA",
            "30분내 이동가능 거점":"NA",
            "1시간내 이동가능 거점":"NA",
            "교통총점":"NA",
            "백화점":0,
            "아울렛몰":0,
            "대형마트":0,
            "은행":0,
            "병원":30,
            "종합병원":100,
            "공원":100,
            "혐오시설":0,
            "인프라총점":26.0,
            "초등학군":86.38,
            "중학군":46.96,
            "학군총점":54.844,
            "인구수":35.49,
            "인구증감":-1.97,
            "인구총점":24.252,
            "일자리":6.1,
            "소득수준":56.99,
            "일자리총점":21.367,
            "가치 총점":39.861,
            "매매실거래년":20211225.0,
            "매매실거래가":21000.0,
            "전세실거래년":null,
            "전세실거래가":null,
            "전세가율":null,
            "장기전세가율평균":81.44,
            "전세가율거품지수":null,
            "검색코드":5805,
            "세대수":540.0,
            "준공년월":"1998-11-28",
            "준공년차":25.0,
            "가까운역이름":"NA",
            "가까운역거리":"NA",
            "역세권여부":"NA",
            "30분이내주요거점역":"NA",
            "1시간이내주요거점역":"NA",
            "3km이내백화점수":0,
            "5km이내아울렛몰수":0,
            "1km이내대형먀트수":0,
            "500m이내은행수":1,
            "500m이내병원수":8,
            "5km이내대형병원수":5,
            "500m이내공원수":16,
            "3km이내혐오시설수":0,
            "초등학교학업성취도":86.38,
            "중학교학업성취도":77.0,
            "용적률":215,
            "건폐율":20,
            "Y":35.831734,
            "X":127.169386,
            "rank":99.0,
            "area_info":"28평(93.86), 31평(104.74), 32평(107.35)",
            "last_sales":"2021-12-25,21000.0,32평(107.35)"
        },
        {
            "index":79,
            "아파트명":"LH퍼스트리움",
            "투자타입":"일반",
            "전용면적(m2)":"83.96",
            "전용면적(평)":"25평",
            "법정동주소":"전라북도 전주시 덕진구 만성동 1290-2",
            "도로명주소":"전라북도 전주시 덕진구 만성동로 16",
            "세대수":80,
            "입주년차":80,
            "용적률점수":"--",
            "건폐율점수":"--",
            "세대당주차수":0,
            "난방방식":30,
            "공급면적":"--",
            "전용률":"--",
            "욕실수":100,
            "현관타입":100,
            "주거총점":67.0,
            "지역구공급총점":100.0,
            "역세권":"NA",
            "30분내 이동가능 거점":"NA",
            "1시간내 이동가능 거점":"NA",
            "교통총점":"NA",
            "백화점":0,
            "아울렛몰":0,
            "대형마트":0,
            "은행":0,
            "병원":0,
            "종합병원":0,
            "공원":100,
            "혐오시설":0,
            "인프라총점":3.0,
            "초등학군":98.4,
            "중학군":51.42,
            "학군총점":60.816,
            "인구수":35.49,
            "인구증감":-1.97,
            "인구총점":24.252,
            "일자리":6.1,
            "소득수준":56.99,
            "일자리총점":21.367,
            "가치 총점":39.854,
            "매매실거래년":"18000101",
            "매매실거래가":null,
            "전세실거래년":null,
            "전세실거래가":null,
            "전세가율":null,
            "장기전세가율평균":81.44,
            "전세가율거품지수":null,
            "검색코드":115408,
            "세대수":711.0,
            "준공년월":"2018-01-31",
            "준공년차":5.0,
            "가까운역이름":"NA",
            "가까운역거리":"NA",
            "역세권여부":"NA",
            "30분이내주요거점역":"NA",
            "1시간이내주요거점역":"NA",
            "3km이내백화점수":0,
            "5km이내아울렛몰수":0,
            "1km이내대형먀트수":0,
            "500m이내은행수":1,
            "500m이내병원수":1,
            "5km이내대형병원수":0,
            "500m이내공원수":10,
            "3km이내혐오시설수":0,
            "초등학교학업성취도":98.4,
            "중학교학업성취도":85.7,
            "용적률":163,
            "건폐율":16,
            "Y":35.83786,
            "X":127.075533,
            "rank":100.0,
            "area_info":"25평(83.96), 25평(84.0), 25평(84.0), 25평(84.0)",
            "last_sales":"1800-01-01,nan,25평(83.96)"
        },
        {
            "index":558,
            "아파트명":"전북혁신호반건설더클래스2",
            "투자타입":"일반",
            "전용면적(m2)":"131.68",
            "전용면적(평)":"39평",
            "법정동주소":"전라북도 전주시 덕진구 중동 807",
            "도로명주소":"전라북도 전주시 덕진구 오공로 100",
            "세대수":50,
            "입주년차":80,
            "용적률점수":"--",
            "건폐율점수":"--",
            "세대당주차수":60,
            "난방방식":30,
            "공급면적":"--",
            "전용률":"--",
            "욕실수":100,
            "현관타입":100,
            "주거총점":65.5,
            "지역구공급총점":100.0,
            "역세권":"NA",
            "30분내 이동가능 거점":"NA",
            "1시간내 이동가능 거점":"NA",
            "교통총점":"NA",
            "백화점":0,
            "아울렛몰":0,
            "대형마트":0,
            "은행":0,
            "병원":0,
            "종합병원":0,
            "공원":100,
            "혐오시설":0,
            "인프라총점":3.0,
            "초등학군":98.4,
            "중학군":51.42,
            "학군총점":60.816,
            "인구수":35.49,
            "인구증감":-1.97,
            "인구총점":24.252,
            "일자리":6.1,
            "소득수준":56.99,
            "일자리총점":21.367,
            "가치 총점":39.329,
            "매매실거래년":20211016.0,
            "매매실거래가":78000.0,
            "전세실거래년":20211109.0,
            "전세실거래가":52000.0,
            "전세가율":66.67,
            "장기전세가율평균":81.44,
            "전세가율거품지수":14.77,
            "검색코드":105571,
            "세대수":455.0,
            "준공년월":"2014-10-01",
            "준공년차":9.0,
            "가까운역이름":"NA",
            "가까운역거리":"NA",
            "역세권여부":"NA",
            "30분이내주요거점역":"NA",
            "1시간이내주요거점역":"NA",
            "3km이내백화점수":0,
            "5km이내아울렛몰수":0,
            "1km이내대형먀트수":0,
            "500m이내은행수":0,
            "500m이내병원수":0,
            "5km이내대형병원수":0,
            "500m이내공원수":12,
            "3km이내혐오시설수":0,
            "초등학교학업성취도":98.4,
            "중학교학업성취도":85.7,
            "용적률":168,
            "건폐율":12,
            "Y":35.83481,
            "X":127.066183,
            "rank":101.0,
            "area_info":"39평(131.68), 40평(133.43), 44평(146.56)",
            "last_sales":"2021-10-16,78000.0,39평(131.68)"
        },
        {
            "index":540,
            "아파트명":"전주혁신중흥에스클래스",
            "투자타입":"일반",
            "전용면적(m2)":"110.64",
            "전용면적(평)":"33평",
            "법정동주소":"전라북도 전주시 덕진구 장동 1064",
            "도로명주소":"전라북도 전주시 덕진구 틀못3길 16",
            "세대수":50,
            "입주년차":80,
            "용적률점수":"--",
            "건폐율점수":"--",
            "세대당주차수":60,
            "난방방식":30,
            "공급면적":"--",
            "전용률":"--",
            "욕실수":100,
            "현관타입":100,
            "주거총점":65.5,
            "지역구공급총점":100.0,
            "역세권":"NA",
            "30분내 이동가능 거점":"NA",
            "1시간내 이동가능 거점":"NA",
            "교통총점":"NA",
            "백화점":0,
            "아울렛몰":0,
            "대형마트":0,
            "은행":0,
            "병원":0,
            "종합병원":0,
            "공원":100,
            "혐오시설":0,
            "인프라총점":3.0,
            "초등학군":93.03,
            "중학군":51.42,
            "학군총점":59.742,
            "인구수":35.49,
            "인구증감":-1.97,
            "인구총점":24.252,
            "일자리":6.1,
            "소득수준":56.99,
            "일자리총점":21.367,
            "가치 총점":39.0605,
            "매매실거래년":20211219.0,
            "매매실거래가":55500.0,
            "전세실거래년":20211212.0,
            "전세실거래가":40000.0,
            "전세가율":72.07,
            "장기전세가율평균":81.44,
            "전세가율거품지수":9.37,
            "검색코드":108422,
            "세대수":481.0,
            "준공년월":"2016-10-24",
            "준공년차":7.0,
            "가까운역이름":"NA",
            "가까운역거리":"NA",
            "역세권여부":"NA",
            "30분이내주요거점역":"NA",
            "1시간이내주요거점역":"NA",
            "3km이내백화점수":0,
            "5km이내아울렛몰수":0,
            "1km이내대형먀트수":0,
            "500m이내은행수":0,
            "500m이내병원수":1,
            "5km이내대형병원수":0,
            "500m이내공원수":3,
            "3km이내혐오시설수":0,
            "초등학교학업성취도":93.03,
            "중학교학업성취도":85.7,
            "용적률":182,
            "건폐율":11,
            "Y":35.843149,
            "X":127.055348,
            "rank":102.0,
            "area_info":"33평(110.64), 37평(124.4), 42평(140.71)",
            "last_sales":"2021-12-19,55500.0,33평(110.64)"
        },
        {
            "index":447,
            "아파트명":"아중마을부영5차",
            "투자타입":"일반",
            "전용면적(m2)":"68.48",
            "전용면적(평)":"20평",
            "법정동주소":"전라북도 전주시 덕진구 인후동1가 951-7",
            "도로명주소":"전라북도 전주시 덕진구 한배미로 33",
            "세대수":50,
            "입주년차":20,
            "용적률점수":"--",
            "건폐율점수":"--",
            "세대당주차수":0,
            "난방방식":30,
            "공급면적":"--",
            "전용률":"--",
            "욕실수":50,
            "현관타입":100,
            "주거총점":39.5,
            "지역구공급총점":100.0,
            "역세권":"NA",
            "30분내 이동가능 거점":"NA",
            "1시간내 이동가능 거점":"NA",
            "교통총점":"NA",
            "백화점":0,
            "아울렛몰":0,
            "대형마트":0,
            "은행":0,
            "병원":60,
            "종합병원":100,
            "공원":100,
            "혐오시설":0,
            "인프라총점":29.0,
            "초등학군":84.4,
            "중학군":45.46,
            "학군총점":53.248,
            "인구수":35.49,
            "인구증감":-1.97,
            "인구총점":24.252,
            "일자리":6.1,
            "소득수준":56.99,
            "일자리총점":21.367,
            "가치 총점":38.737,
            "매매실거래년":20220103.0,
            "매매실거래가":12100.0,
            "전세실거래년":20210909.0,
            "전세실거래가":9000.0,
            "전세가율":90.0,
            "장기전세가율평균":81.44,
            "전세가율거품지수":-8.56,
            "검색코드":25562,
            "세대수":618.0,
            "준공년월":"1999-09-06",
            "준공년차":24.0,
            "가까운역이름":"NA",
            "가까운역거리":"NA",
            "역세권여부":"NA",
            "30분이내주요거점역":"NA",
            "1시간이내주요거점역":"NA",
            "3km이내백화점수":0,
            "5km이내아울렛몰수":0,
            "1km이내대형먀트수":0,
            "500m이내은행수":0,
            "500m이내병원수":10,
            "5km이내대형병원수":5,
            "500m이내공원수":10,
            "3km이내혐오시설수":0,
            "초등학교학업성취도":84.4,
            "중학교학업성취도":74.9,
            "용적률":220,
            "건폐율":22,
            "Y":35.825109,
            "X":127.169355,
            "rank":103.0,
            "area_info":"20평(68.48), 24평(81.54)",
            "last_sales":"2022-01-03,12100.0,24평(81.54)"
        },
        {
            "index":192,
            "아파트명":"송천신일",
            "투자타입":"일반",
            "전용면적(m2)":"80.95",
            "전용면적(평)":"24평",
            "법정동주소":"전라북도 전주시 덕진구 송천동1가 101-3",
            "도로명주소":"전라북도 전주시 덕진구 솔내로 142",
            "세대수":80,
            "입주년차":0,
            "용적률점수":"--",
            "건폐율점수":"--",
            "세대당주차수":0,
            "난방방식":30,
            "공급면적":"--",
            "전용률":"--",
            "욕실수":50,
            "현관타입":10,
            "주거총점":37.0,
            "지역구공급총점":100.0,
            "역세권":"NA",
            "30분내 이동가능 거점":"NA",
            "1시간내 이동가능 거점":"NA",
            "교통총점":"NA",
            "백화점":0,
            "아울렛몰":0,
            "대형마트":0,
            "은행":0,
            "병원":60,
            "종합병원":100,
            "공원":100,
            "혐오시설":0,
            "인프라총점":29.0,
            "초등학군":72.93,
            "중학군":52.36,
            "학군총점":56.474,
            "인구수":35.49,
            "인구증감":-1.97,
            "인구총점":24.252,
            "일자리":6.1,
            "소득수준":56.99,
            "일자리총점":21.367,
            "가치 총점":38.6685,
            "매매실거래년":20211118.0,
            "매매실거래가":19500.0,
            "전세실거래년":20211126.0,
            "전세실거래가":8300.0,
            "전세가율":72.17,
            "장기전세가율평균":81.44,
            "전세가율거품지수":9.27,
            "검색코드":15025,
            "세대수":753.0,
            "준공년월":"1993-12-01",
            "준공년차":30.0,
            "가까운역이름":"NA",
            "가까운역거리":"NA",
            "역세권여부":"NA",
            "30분이내주요거점역":"NA",
            "1시간이내주요거점역":"NA",
            "3km이내백화점수":0,
            "5km이내아울렛몰수":0,
            "1km이내대형먀트수":0,
            "500m이내은행수":0,
            "500m이내병원수":24,
            "5km이내대형병원수":3,
            "500m이내공원수":2,
            "3km이내혐오시설수":0,
            "초등학교학업성취도":72.93,
            "중학교학업성취도":86.2,
            "용적률":345,
            "건폐율":24,
            "Y":35.862528,
            "X":127.128119,
            "rank":104.0,
            "area_info":"24평(80.95), 31평(103.78), 31평(104.06), 46평(152.88)",
            "last_sales":"2021-11-18,19500.0,46평(152.88)"
        },
        {
            "index":456,
            "아파트명":"아중제일2차",
            "투자타입":"일반",
            "전용면적(m2)":"81.78",
            "전용면적(평)":"24평",
            "법정동주소":"전라북도 전주시 덕진구 인후동1가 951-2",
            "도로명주소":"전라북도 전주시 덕진구 아중로 170",
            "세대수":30,
            "입주년차":20,
            "용적률점수":"--",
            "건폐율점수":"--",
            "세대당주차수":0,
            "난방방식":30,
            "공급면적":"--",
            "전용률":"--",
            "욕실수":100,
            "현관타입":100,
            "주거총점":37.5,
            "지역구공급총점":100.0,
            "역세권":"NA",
            "30분내 이동가능 거점":"NA",
            "1시간내 이동가능 거점":"NA",
            "교통총점":"NA",
            "백화점":0,
            "아울렛몰":0,
            "대형마트":0,
            "은행":0,
            "병원":60,
            "종합병원":100,
            "공원":100,
            "혐오시설":0,
            "인프라총점":29.0,
            "초등학군":84.4,
            "중학군":45.46,
            "학군총점":53.248,
            "인구수":35.49,
            "인구증감":-1.97,
            "인구총점":24.252,
            "일자리":6.1,
            "소득수준":56.99,
            "일자리총점":21.367,
            "가치 총점":38.037,
            "매매실거래년":20211130.0,
            "매매실거래가":14000.0,
            "전세실거래년":20210812.0,
            "전세실거래가":13900.0,
            "전세가율":99.29,
            "장기전세가율평균":81.44,
            "전세가율거품지수":-17.85,
            "검색코드":5572,
            "세대수":360.0,
            "준공년월":"2000-10-06",
            "준공년차":23.0,
            "가까운역이름":"NA",
            "가까운역거리":"NA",
            "역세권여부":"NA",
            "30분이내주요거점역":"NA",
            "1시간이내주요거점역":"NA",
            "3km이내백화점수":0,
            "5km이내아울렛몰수":0,
            "1km이내대형먀트수":0,
            "500m이내은행수":1,
            "500m이내병원수":15,
            "5km이내대형병원수":5,
            "500m이내공원수":12,
            "3km이내혐오시설수":0,
            "초등학교학업성취도":84.4,
            "중학교학업성취도":74.9,
            "용적률":202,
            "건폐율":19,
            "Y":35.825992,
            "X":127.16804,
            "rank":105.0,
            "area_info":"24평(81.78)",
            "last_sales":"2021-11-30,14000.0,24평(81.78)"
        },
        {
            "index":234,
            "아파트명":"한양",
            "투자타입":"일반",
            "전용면적(m2)":"90.92",
            "전용면적(평)":"27평",
            "법정동주소":"전라북도 전주시 덕진구 송천동1가 605-4",
            "도로명주소":"전라북도 전주시 덕진구 가리내로 550",
            "세대수":80,
            "입주년차":0,
            "용적률점수":"--",
            "건폐율점수":"--",
            "세대당주차수":0,
            "난방방식":30,
            "공급면적":"--",
            "전용률":"--",
            "욕실수":50,
            "현관타입":100,
            "주거총점":46.0,
            "지역구공급총점":100.0,
            "역세권":"NA",
            "30분내 이동가능 거점":"NA",
            "1시간내 이동가능 거점":"NA",
            "교통총점":"NA",
            "백화점":0,
            "아울렛몰":0,
            "대형마트":0,
            "은행":0,
            "병원":30,
            "종합병원":100,
            "공원":100,
            "혐오시설":-50,
            "인프라총점":25.0,
            "초등학군":85.72,
            "중학군":37.44,
            "학군총점":47.096,
            "인구수":35.49,
            "인구증감":-1.97,
            "인구총점":24.252,
            "일자리":6.1,
            "소득수준":56.99,
            "일자리총점":21.367,
            "가치 총점":37.874,
            "매매실거래년":20210820.0,
            "매매실거래가":17000.0,
            "전세실거래년":20210404.0,
            "전세실거래가":11000.0,
            "전세가율":110.0,
            "장기전세가율평균":81.44,
            "전세가율거품지수":-28.56,
            "검색코드":5508,
            "세대수":782.0,
            "준공년월":"1993-05-03",
            "준공년차":30.0,
            "가까운역이름":"NA",
            "가까운역거리":"NA",
            "역세권여부":"NA",
            "30분이내주요거점역":"NA",
            "1시간이내주요거점역":"NA",
            "3km이내백화점수":0,
            "5km이내아울렛몰수":0,
            "1km이내대형먀트수":0,
            "500m이내은행수":0,
            "500m이내병원수":5,
            "5km이내대형병원수":2,
            "500m이내공원수":2,
            "3km이내혐오시설수":1,
            "초등학교학업성취도":85.72,
            "중학교학업성취도":62.4,
            "용적률":250,
            "건폐율":21,
            "Y":35.861193,
            "X":127.113242,
            "rank":106.0,
            "area_info":"27평(90.92), 27평(91.17), 30평(102.34), 30평(102.24), 42평(141.16)",
            "last_sales":"2021-08-20,17000.0,42평(141.16)"
        },
        {
            "index":249,
            "아파트명":"솔내마을동아",
            "투자타입":"일반",
            "전용면적(m2)":"105.13",
            "전용면적(평)":"31평",
            "법정동주소":"전라북도 전주시 덕진구 송천동2가 561-24",
            "도로명주소":"전라북도 전주시 덕진구 와룡2길 7",
            "세대수":50,
            "입주년차":20,
            "용적률점수":"--",
            "건폐율점수":"--",
            "세대당주차수":30,
            "난방방식":30,
            "공급면적":"--",
            "전용률":"--",
            "욕실수":100,
            "현관타입":100,
            "주거총점":49.0,
            "지역구공급총점":100.0,
            "역세권":"NA",
            "30분내 이동가능 거점":"NA",
            "1시간내 이동가능 거점":"NA",
            "교통총점":"NA",
            "백화점":0,
            "아울렛몰":0,
            "대형마트":0,
            "은행":0,
            "병원":30,
            "종합병원":100,
            "공원":0,
            "혐오시설":-50,
            "인프라총점":22.0,
            "초등학군":85.72,
            "중학군":37.44,
            "학군총점":47.096,
            "인구수":35.49,
            "인구증감":-1.97,
            "인구총점":24.252,
            "일자리":6.1,
            "소득수준":56.99,
            "일자리총점":21.367,
            "가치 총점":37.724,
            "매매실거래년":20210614.0,
            "매매실거래가":20000.0,
            "전세실거래년":20200210.0,
            "전세실거래가":14000.0,
            "전세가율":87.5,
            "장기전세가율평균":81.44,
            "전세가율거품지수":-6.06,
            "검색코드":5488,
            "세대수":505.0,
            "준공년월":"1999-10-28",
            "준공년차":24.0,
            "가까운역이름":"NA",
            "가까운역거리":"NA",
            "역세권여부":"NA",
            "30분이내주요거점역":"NA",
            "1시간이내주요거점역":"NA",
            "3km이내백화점수":0,
            "5km이내아울렛몰수":0,
            "1km이내대형먀트수":0,
            "500m이내은행수":0,
            "500m이내병원수":6,
            "5km이내대형병원수":2,
            "500m이내공원수":0,
            "3km이내혐오시설수":1,
            "초등학교학업성취도":85.72,
            "중학교학업성취도":62.4,
            "용적률":231,
            "건폐율":17,
            "Y":35.86594,
            "X":127.11265,
            "rank":107.0,
            "area_info":"31평(105.13), 32평(107.1), 37평(123.05), 45평(151.25)",
            "last_sales":"2021-06-14,20000.0,45평(151.25)"
        },
        {
            "index":552,
            "아파트명":"전북혁신우미린1단지",
            "투자타입":"일반",
            "전용면적(m2)":"108.94",
            "전용면적(평)":"32평",
            "법정동주소":"전라북도 전주시 덕진구 중동 798",
            "도로명주소":"전라북도 전주시 덕진구 오공로 70",
            "세대수":50,
            "입주년차":60,
            "용적률점수":"--",
            "건폐율점수":"--",
            "세대당주차수":30,
            "난방방식":30,
            "공급면적":"--",
            "전용률":"--",
            "욕실수":100,
            "현관타입":100,
            "주거총점":57.0,
            "지역구공급총점":100.0,
            "역세권":"NA",
            "30분내 이동가능 거점":"NA",
            "1시간내 이동가능 거점":"NA",
            "교통총점":"NA",
            "백화점":0,
            "아울렛몰":0,
            "대형마트":0,
            "은행":0,
            "병원":30,
            "종합병원":0,
            "공원":100,
            "혐오시설":0,
            "인프라총점":6.0,
            "초등학군":98.4,
            "중학군":51.42,
            "학군총점":60.816,
            "인구수":35.49,
            "인구증감":-1.97,
            "인구총점":24.252,
            "일자리":6.1,
            "소득수준":56.99,
            "일자리총점":21.367,
            "가치 총점":37.554,
            "매매실거래년":20211203.0,
            "매매실거래가":50000.0,
            "전세실거래년":20211210.0,
            "전세실거래가":25000.0,
            "전세가율":50.0,
            "장기전세가율평균":81.44,
            "전세가율거품지수":31.44,
            "검색코드":109193,
            "세대수":680.0,
            "준공년월":"2013-12-23",
            "준공년차":10.0,
            "가까운역이름":"NA",
            "가까운역거리":"NA",
            "역세권여부":"NA",
            "30분이내주요거점역":"NA",
            "1시간이내주요거점역":"NA",
            "3km이내백화점수":0,
            "5km이내아울렛몰수":0,
            "1km이내대형먀트수":0,
            "500m이내은행수":0,
            "500m이내병원수":7,
            "5km이내대형병원수":0,
            "500m이내공원수":10,
            "3km이내혐오시설수":0,
            "초등학교학업성취도":98.4,
            "중학교학업성취도":85.7,
            "용적률":164,
            "건폐율":0,
            "Y":35.834764,
            "X":127.062942,
            "rank":108.0,
            "area_info":"32평(108.94), 33평(111.91), 33평(111.12), 33평(111.33), 33평(111.37), 33평(112.31)",
            "last_sales":"2021-12-03,50000.0,33평(111.37)"
        },
        {
            "index":484,
            "아파트명":"인후송정써미트",
            "투자타입":"일반",
            "전용면적(m2)":"112.54",
            "전용면적(평)":"34평",
            "법정동주소":"전라북도 전주시 덕진구 인후동1가 541",
            "도로명주소":"전라북도 전주시 덕진구 안덕원로 325",
            "세대수":0,
            "입주년차":40,
            "용적률점수":"--",
            "건폐율점수":"--",
            "세대당주차수":60,
            "난방방식":30,
            "공급면적":"--",
            "전용률":"--",
            "욕실수":100,
            "현관타입":100,
            "주거총점":40.0,
            "지역구공급총점":100.0,
            "역세권":"NA",
            "30분내 이동가능 거점":"NA",
            "1시간내 이동가능 거점":"NA",
            "교통총점":"NA",
            "백화점":0,
            "아울렛몰":0,
            "대형마트":0,
            "은행":0,
            "병원":10,
            "종합병원":100,
            "공원":100,
            "혐오시설":0,
            "인프라총점":24.0,
            "초등학군":87.76,
            "중학군":46.96,
            "학군총점":55.12,
            "인구수":35.49,
            "인구증감":-1.97,
            "인구총점":24.252,
            "일자리":6.1,
            "소득수준":56.99,
            "일자리총점":21.367,
            "가치 총점":37.38,
            "매매실거래년":20211024.0,
            "매매실거래가":26500.0,
            "전세실거래년":20150616.0,
            "전세실거래가":15000.0,
            "전세가율":54.74,
            "장기전세가율평균":81.44,
            "전세가율거품지수":26.7,
            "검색코드":101942,
            "세대수":228.0,
            "준공년월":"2008-12-30",
            "준공년차":15.0,
            "가까운역이름":"NA",
            "가까운역거리":"NA",
            "역세권여부":"NA",
            "30분이내주요거점역":"NA",
            "1시간이내주요거점역":"NA",
            "3km이내백화점수":0,
            "5km이내아울렛몰수":0,
            "1km이내대형먀트수":0,
            "500m이내은행수":0,
            "500m이내병원수":2,
            "5km이내대형병원수":5,
            "500m이내공원수":9,
            "3km이내혐오시설수":0,
            "초등학교학업성취도":87.76,
            "중학교학업성취도":77.0,
            "용적률":202,
            "건폐율":21,
            "Y":35.839264,
            "X":127.162201,
            "rank":109.0,
            "area_info":"34평(112.54), 38평(126.31), 38평(128.42), 43평(142.82), 45평(150.49), 45평(150.95), 45평(151.9), 47평(156.13)",
            "last_sales":"2021-10-24,26500.0,45평(151.9)"
        },
        {
            "index":240,
            "아파트명":"현대2차",
            "투자타입":"일반",
            "전용면적(m2)":"79.29",
            "전용면적(평)":"23평",
            "법정동주소":"전라북도 전주시 덕진구 송천동1가 141",
            "도로명주소":"전라북도 전주시 덕진구 솔내로 124",
            "세대수":50,
            "입주년차":0,
            "용적률점수":"--",
            "건폐율점수":"--",
            "세대당주차수":0,
            "난방방식":30,
            "공급면적":"--",
            "전용률":"--",
            "욕실수":50,
            "현관타입":100,
            "주거총점":35.5,
            "지역구공급총점":100.0,
            "역세권":"NA",
            "30분내 이동가능 거점":"NA",
            "1시간내 이동가능 거점":"NA",
            "교통총점":"NA",
            "백화점":0,
            "아울렛몰":0,
            "대형마트":0,
            "은행":0,
            "병원":60,
            "종합병원":100,
            "공원":80,
            "혐오시설":0,
            "인프라총점":28.4,
            "초등학군":72.93,
            "중학군":49.68,
            "학군총점":54.33,
            "인구수":35.49,
            "인구증감":-1.97,
            "인구총점":24.252,
            "일자리":6.1,
            "소득수준":56.99,
            "일자리총점":21.367,
            "가치 총점":37.3675,
            "매매실거래년":20220108.0,
            "매매실거래가":17950.0,
            "전세실거래년":20220113.0,
            "전세실거래가":16500.0,
            "전세가율":91.92,
            "장기전세가율평균":81.44,
            "전세가율거품지수":-10.48,
            "검색코드":5512,
            "세대수":585.0,
            "준공년월":"1997-05-01",
            "준공년차":26.0,
            "가까운역이름":"NA",
            "가까운역거리":"NA",
            "역세권여부":"NA",
            "30분이내주요거점역":"NA",
            "1시간이내주요거점역":"NA",
            "3km이내백화점수":0,
            "5km이내아울렛몰수":0,
            "1km이내대형먀트수":0,
            "500m이내은행수":0,
            "500m이내병원수":15,
            "5km이내대형병원수":3,
            "500m이내공원수":1,
            "3km이내혐오시설수":0,
            "초등학교학업성취도":72.93,
            "중학교학업성취도":82.2,
            "용적률":249,
            "건폐율":20,
            "Y":35.861525,
            "X":127.127776,
            "rank":110.0,
            "area_info":"23평(79.29), 29평(96.0), 32평(106.66)",
            "last_sales":"2022-01-08,17950.0,23평(79.29)"
        },
        {
            "index":355,
            "아파트명":"현대1차",
            "투자타입":"일반",
            "전용면적(m2)":"80.12",
            "전용면적(평)":"24평",
            "법정동주소":"전라북도 전주시 덕진구 송천동2가 189-2",
            "도로명주소":"전라북도 전주시 덕진구 천마산로 31",
            "세대수":0,
            "입주년차":0,
            "용적률점수":"--",
            "건폐율점수":"--",
            "세대당주차수":0,
            "난방방식":30,
            "공급면적":"--",
            "전용률":"--",
            "욕실수":50,
            "현관타입":100,
            "주거총점":18.0,
            "지역구공급총점":100.0,
            "역세권":"NA",
            "30분내 이동가능 거점":"NA",
            "1시간내 이동가능 거점":"NA",
            "교통총점":"NA",
            "백화점":0,
            "아울렛몰":0,
            "대형마트":80,
            "은행":0,
            "병원":80,
            "종합병원":100,
            "공원":100,
            "혐오시설":-50,
            "인프라총점":42.0,
            "초등학군":72.93,
            "중학군":52.36,
            "학군총점":56.474,
            "인구수":35.49,
            "인구증감":-1.97,
            "인구총점":24.252,
            "일자리":6.1,
            "소득수준":56.99,
            "일자리총점":21.367,
            "가치 총점":37.2185,
            "매매실거래년":20211105.0,
            "매매실거래가":11950.0,
            "전세실거래년":20211105.0,
            "전세실거래가":10500.0,
            "전세가율":87.87,
            "장기전세가율평균":81.44,
            "전세가율거품지수":-6.43,
            "검색코드":5510,
            "세대수":248.0,
            "준공년월":"1995-05-16",
            "준공년차":28.0,
            "가까운역이름":"NA",
            "가까운역거리":"NA",
            "역세권여부":"NA",
            "30분이내주요거점역":"NA",
            "1시간이내주요거점역":"NA",
            "3km이내백화점수":0,
            "5km이내아울렛몰수":0,
            "1km이내대형먀트수":1,
            "500m이내은행수":1,
            "500m이내병원수":39,
            "5km이내대형병원수":3,
            "500m이내공원수":6,
            "3km이내혐오시설수":1,
            "초등학교학업성취도":72.93,
            "중학교학업성취도":86.2,
            "용적률":236,
            "건폐율":23,
            "Y":35.864497,
            "X":127.124975,
            "rank":111.0,
            "area_info":"24평(80.12), 31평(104.34)",
            "last_sales":"2021-11-05,11950.0,24평(80.12)"
        },
        {
            "index":378,
            "아파트명":"선변오지오",
            "투자타입":"일반",
            "전용면적(m2)":"106.96",
            "전용면적(평)":"32평",
            "법정동주소":"전라북도 전주시 덕진구 우아동2가 869",
            "도로명주소":"전라북도 전주시 덕진구 석소2길 30",
            "세대수":0,
            "입주년차":40,
            "용적률점수":"--",
            "건폐율점수":"--",
            "세대당주차수":30,
            "난방방식":30,
            "공급면적":"--",
            "전용률":"--",
            "욕실수":100,
            "현관타입":100,
            "주거총점":35.5,
            "지역구공급총점":100.0,
            "역세권":"NA",
            "30분내 이동가능 거점":"NA",
            "1시간내 이동가능 거점":"NA",
            "교통총점":"NA",
            "백화점":0,
            "아울렛몰":0,
            "대형마트":0,
            "은행":0,
            "병원":30,
            "종합병원":100,
            "공원":100,
            "혐오시설":0,
            "인프라총점":26.0,
            "초등학군":86.38,
            "중학군":46.96,
            "학군총점":54.844,
            "인구수":35.49,
            "인구증감":-1.97,
            "인구총점":24.252,
            "일자리":6.1,
            "소득수준":56.99,
            "일자리총점":21.367,
            "가치 총점":36.536,
            "매매실거래년":20211110.0,
            "매매실거래가":18029.0,
            "전세실거래년":null,
            "전세실거래가":null,
            "전세가율":null,
            "장기전세가율평균":81.44,
            "전세가율거품지수":null,
            "검색코드":100216,
            "세대수":240.0,
            "준공년월":"2008-12-26",
            "준공년차":15.0,
            "가까운역이름":"NA",
            "가까운역거리":"NA",
            "역세권여부":"NA",
            "30분이내주요거점역":"NA",
            "1시간이내주요거점역":"NA",
            "3km이내백화점수":0,
            "5km이내아울렛몰수":0,
            "1km이내대형먀트수":0,
            "500m이내은행수":1,
            "500m이내병원수":7,
            "5km이내대형병원수":5,
            "500m이내공원수":11,
            "3km이내혐오시설수":0,
            "초등학교학업성취도":86.38,
            "중학교학업성취도":77.0,
            "용적률":215,
            "건폐율":19,
            "Y":35.835066,
            "X":127.168942,
            "rank":112.0,
            "area_info":"32평(106.96), 33평(109.2), 33평(109.48), 33평(110.78)",
            "last_sales":"2021-11-10,18029.0,33평(110.78)"
        },
        {
            "index":591,
            "아파트명":"동아",
            "투자타입":"일반",
            "전용면적(m2)":"84.78",
            "전용면적(평)":"25평",
            "법정동주소":"전라북도 전주시 덕진구 호성동1가 826",
            "도로명주소":"전라북도 전주시 덕진구 호성2길 16",
            "세대수":50,
            "입주년차":0,
            "용적률점수":"--",
            "건폐율점수":"--",
            "세대당주차수":0,
            "난방방식":30,
            "공급면적":"--",
            "전용률":"--",
            "욕실수":50,
            "현관타입":10,
            "주거총점":26.5,
            "지역구공급총점":100.0,
            "역세권":"NA",
            "30분내 이동가능 거점":"NA",
            "1시간내 이동가능 거점":"NA",
            "교통총점":"NA",
            "백화점":0,
            "아울렛몰":0,
            "대형마트":0,
            "은행":20,
            "병원":60,
            "종합병원":100,
            "공원":0,
            "혐오시설":0,
            "인프라총점":28.0,
            "초등학군":91.54,
            "중학군":55.52,
            "학군총점":62.724,
            "인구수":35.49,
            "인구증감":-1.97,
            "인구총점":24.252,
            "일자리":6.1,
            "소득수준":56.99,
            "일자리총점":21.367,
            "가치 총점":36.156,
            "매매실거래년":20220114.0,
            "매매실거래가":15200.0,
            "전세실거래년":20211209.0,
            "전세실거래가":9000.0,
            "전세가율":105.88,
            "장기전세가율평균":81.44,
            "전세가율거품지수":-24.44,
            "검색코드":5790,
            "세대수":684.0,
            "준공년월":"1994-12-16",
            "준공년차":29.0,
            "가까운역이름":"NA",
            "가까운역거리":"NA",
            "역세권여부":"NA",
            "30분이내주요거점역":"NA",
            "1시간이내주요거점역":"NA",
            "3km이내백화점수":0,
            "5km이내아울렛몰수":0,
            "1km이내대형먀트수":0,
            "500m이내은행수":2,
            "500m이내병원수":14,
            "5km이내대형병원수":3,
            "500m이내공원수":0,
            "3km이내혐오시설수":0,
            "초등학교학업성취도":91.54,
            "중학교학업성취도":91.8,
            "용적률":0,
            "건폐율":0,
            "Y":35.860817,
            "X":127.152308,
            "rank":113.0,
            "area_info":"25평(84.78), 31평(103.44), 31평(105.52), 45평(149.08)",
            "last_sales":"2022-01-14,15200.0,31평(103.44)"
        },
        {
            "index":8,
            "아파트명":"거성타워",
            "투자타입":"재건축",
            "전용면적(m2)":"105.14",
            "전용면적(평)":"31평",
            "법정동주소":"전라북도 전주시 덕진구 금암동 523-9",
            "도로명주소":"전라북도 전주시 덕진구 매봉16길 37",
            "세대수":0,
            "입주년차":"--",
            "용적률점수":0,
            "건폐율점수":0,
            "세대당주차수":"--",
            "난방방식":"--",
            "공급면적":90,
            "전용률":80,
            "욕실수":"--",
            "현관타입":"--",
            "주거총점":8.5,
            "지역구공급총점":100.0,
            "역세권":"NA",
            "30분내 이동가능 거점":"NA",
            "1시간내 이동가능 거점":"NA",
            "교통총점":"NA",
            "백화점":100,
            "아울렛몰":0,
            "대형마트":0,
            "은행":0,
            "병원":10,
            "종합병원":100,
            "공원":100,
            "혐오시설":0,
            "인프라총점":54.0,
            "초등학군":88.85,
            "중학군":35.54,
            "학군총점":46.202,
            "인구수":35.49,
            "인구증감":-1.97,
            "인구총점":24.252,
            "일자리":6.1,
            "소득수준":56.99,
            "일자리총점":21.367,
            "가치 총점":36.1255,
            "매매실거래년":20211129.0,
            "매매실거래가":13500.0,
            "전세실거래년":20181113.0,
            "전세실거래가":8000.0,
            "전세가율":72.73,
            "장기전세가율평균":81.44,
            "전세가율거품지수":8.71,
            "검색코드":5275,
            "세대수":117.0,
            "준공년월":"1989-12-08",
            "준공년차":34.0,
            "가까운역이름":"NA",
            "가까운역거리":"NA",
            "역세권여부":"NA",
            "30분이내주요거점역":"NA",
            "1시간이내주요거점역":"NA",
            "3km이내백화점수":1,
            "5km이내아울렛몰수":0,
            "1km이내대형먀트수":0,
            "500m이내은행수":1,
            "500m이내병원수":4,
            "5km이내대형병원수":5,
            "500m이내공원수":2,
            "3km이내혐오시설수":0,
            "초등학교학업성취도":88.85,
            "중학교학업성취도":55.9,
            "용적률":0,
            "건폐율":0,
            "Y":35.835788,
            "X":127.139591,
            "rank":114.0,
            "area_info":"31평(105.14), 32평(108.72), 34평(112.93), 37평(124.32)",
            "last_sales":"2021-11-29,13500.0,32평(108.72)"
        },
        {
            "index":539,
            "아파트명":"전북혁신우미린2단지",
            "투자타입":"일반",
            "전용면적(m2)":"110.83",
            "전용면적(평)":"33평",
            "법정동주소":"전라북도 전주시 덕진구 장동 1063",
            "도로명주소":"전라북도 전주시 덕진구 틀못4길 17",
            "세대수":50,
            "입주년차":60,
            "용적률점수":"--",
            "건폐율점수":"--",
            "세대당주차수":30,
            "난방방식":30,
            "공급면적":"--",
            "전용률":"--",
            "욕실수":100,
            "현관타입":100,
            "주거총점":57.0,
            "지역구공급총점":100.0,
            "역세권":"NA",
            "30분내 이동가능 거점":"NA",
            "1시간내 이동가능 거점":"NA",
            "교통총점":"NA",
            "백화점":0,
            "아울렛몰":0,
            "대형마트":0,
            "은행":0,
            "병원":0,
            "종합병원":0,
            "공원":100,
            "혐오시설":0,
            "인프라총점":3.0,
            "초등학군":93.03,
            "중학군":51.42,
            "학군총점":59.742,
            "인구수":35.49,
            "인구증감":-1.97,
            "인구총점":24.252,
            "일자리":6.1,
            "소득수준":56.99,
            "일자리총점":21.367,
            "가치 총점":36.0855,
            "매매실거래년":20211220.0,
            "매매실거래가":49000.0,
            "전세실거래년":20220112.0,
            "전세실거래가":26250.0,
            "전세가율":53.57,
            "장기전세가율평균":81.44,
            "전세가율거품지수":27.87,
            "검색코드":107985,
            "세대수":462.0,
            "준공년월":"2013-12-23",
            "준공년차":10.0,
            "가까운역이름":"NA",
            "가까운역거리":"NA",
            "역세권여부":"NA",
            "30분이내주요거점역":"NA",
            "1시간이내주요거점역":"NA",
            "3km이내백화점수":0,
            "5km이내아울렛몰수":0,
            "1km이내대형먀트수":0,
            "500m이내은행수":0,
            "500m이내병원수":1,
            "5km이내대형병원수":0,
            "500m이내공원수":3,
            "3km이내혐오시설수":0,
            "초등학교학업성취도":93.03,
            "중학교학업성취도":85.7,
            "용적률":164,
            "건폐율":13,
            "Y":35.844671,
            "X":127.05739,
            "rank":115.0,
            "area_info":"33평(110.83)",
            "last_sales":"2021-12-20,49000.0,33평(110.83)"
        },
        {
            "index":451,
            "아파트명":"아중마을아남",
            "투자타입":"일반",
            "전용면적(m2)":"87.42",
            "전용면적(평)":"26평",
            "법정동주소":"전라북도 전주시 덕진구 인후동1가 951-1",
            "도로명주소":"전라북도 전주시 덕진구 한배미로 5",
            "세대수":0,
            "입주년차":20,
            "용적률점수":"--",
            "건폐율점수":"--",
            "세대당주차수":30,
            "난방방식":30,
            "공급면적":"--",
            "전용률":"--",
            "욕실수":100,
            "현관타입":100,
            "주거총점":31.5,
            "지역구공급총점":100.0,
            "역세권":"NA",
            "30분내 이동가능 거점":"NA",
            "1시간내 이동가능 거점":"NA",
            "교통총점":"NA",
            "백화점":0,
            "아울렛몰":0,
            "대형마트":0,
            "은행":0,
            "병원":60,
            "종합병원":100,
            "공원":100,
            "혐오시설":0,
            "인프라총점":29.0,
            "초등학군":84.4,
            "중학군":45.46,
            "학군총점":53.248,
            "인구수":35.49,
            "인구증감":-1.97,
            "인구총점":24.252,
            "일자리":6.1,
            "소득수준":56.99,
            "일자리총점":21.367,
            "가치 총점":35.937,
            "매매실거래년":20220103.0,
            "매매실거래가":17800.0,
            "전세실거래년":20130822.0,
            "전세실거래가":11000.0,
            "전세가율":91.67,
            "장기전세가율평균":81.44,
            "전세가율거품지수":-10.23,
            "검색코드":5563,
            "세대수":240.0,
            "준공년월":"1999-09-06",
            "준공년차":24.0,
            "가까운역이름":"NA",
            "가까운역거리":"NA",
            "역세권여부":"NA",
            "30분이내주요거점역":"NA",
            "1시간이내주요거점역":"NA",
            "3km이내백화점수":0,
            "5km이내아울렛몰수":0,
            "1km이내대형먀트수":0,
            "500m이내은행수":0,
            "500m이내병원수":13,
            "5km이내대형병원수":5,
            "500m이내공원수":14,
            "3km이내혐오시설수":0,
            "초등학교학업성취도":84.4,
            "중학교학업성취도":74.9,
            "용적률":219,
            "건폐율":21,
            "Y":35.825806,
            "X":127.167212,
            "rank":116.0,
            "area_info":"26평(87.42), 29평(98.86), 31평(105.54)",
            "last_sales":"2022-01-03,17800.0,31평(105.54)"
        },
        {
            "index":407,
            "아파트명":"우정,신세계",
            "투자타입":"일반",
            "전용면적(m2)":"80.54",
            "전용면적(평)":"24평",
            "법정동주소":"전라북도 전주시 덕진구 우아동3가 359",
            "도로명주소":"전라북도 전주시 덕진구 동부대로 575",
            "세대수":80,
            "입주년차":0,
            "용적률점수":"--",
            "건폐율점수":"--",
            "세대당주차수":0,
            "난방방식":30,
            "공급면적":"--",
            "전용률":"--",
            "욕실수":50,
            "현관타입":10,
            "주거총점":37.0,
            "지역구공급총점":100.0,
            "역세권":"NA",
            "30분내 이동가능 거점":"NA",
            "1시간내 이동가능 거점":"NA",
            "교통총점":"NA",
            "백화점":0,
            "아울렛몰":0,
            "대형마트":0,
            "은행":0,
            "병원":0,
            "종합병원":100,
            "공원":100,
            "혐오시설":0,
            "인프라총점":23.0,
            "초등학군":87.76,
            "중학군":46.96,
            "학군총점":55.12,
            "인구수":35.49,
            "인구증감":-1.97,
            "인구총점":24.252,
            "일자리":6.1,
            "소득수준":56.99,
            "일자리총점":21.367,
            "가치 총점":35.93,
            "매매실거래년":20220106.0,
            "매매실거래가":7600.0,
            "전세실거래년":20210821.0,
            "전세실거래가":6000.0,
            "전세가율":78.95,
            "장기전세가율평균":81.44,
            "전세가율거품지수":2.49,
            "검색코드":5810,
            "세대수":792.0,
            "준공년월":"1995-07-25",
            "준공년차":28.0,
            "가까운역이름":"NA",
            "가까운역거리":"NA",
            "역세권여부":"NA",
            "30분이내주요거점역":"NA",
            "1시간이내주요거점역":"NA",
            "3km이내백화점수":0,
            "5km이내아울렛몰수":0,
            "1km이내대형먀트수":0,
            "500m이내은행수":0,
            "500m이내병원수":1,
            "5km이내대형병원수":5,
            "500m이내공원수":3,
            "3km이내혐오시설수":0,
            "초등학교학업성취도":87.76,
            "중학교학업성취도":77.0,
            "용적률":0,
            "건폐율":0,
            "Y":35.840882,
            "X":127.166722,
            "rank":117.0,
            "area_info":"24평(80.54)",
            "last_sales":"2022-01-06,7600.0,24평(80.54)"
        },
        {
            "index":532,
            "아파트명":"장동에코르",
            "투자타입":"일반",
            "전용면적(m2)":"106.81",
            "전용면적(평)":"32평",
            "법정동주소":"전라북도 전주시 덕진구 장동 1052-2",
            "도로명주소":"전라북도 전주시 덕진구 정암길 19",
            "세대수":50,
            "입주년차":60,
            "용적률점수":"--",
            "건폐율점수":"--",
            "세대당주차수":30,
            "난방방식":30,
            "공급면적":"--",
            "전용률":"--",
            "욕실수":100,
            "현관타입":100,
            "주거총점":57.0,
            "지역구공급총점":100.0,
            "역세권":"NA",
            "30분내 이동가능 거점":"NA",
            "1시간내 이동가능 거점":"NA",
            "교통총점":"NA",
            "백화점":0,
            "아울렛몰":0,
            "대형마트":0,
            "은행":0,
            "병원":0,
            "종합병원":0,
            "공원":80,
            "혐오시설":0,
            "인프라총점":2.4,
            "초등학군":90.0,
            "중학군":51.42,
            "학군총점":59.136,
            "인구수":35.49,
            "인구증감":-1.97,
            "인구총점":24.252,
            "일자리":6.1,
            "소득수준":56.99,
            "일자리총점":21.367,
            "가치 총점":35.694,
            "매매실거래년":20211224.0,
            "매매실거래가":22900.0,
            "전세실거래년":null,
            "전세실거래가":null,
            "전세가율":null,
            "장기전세가율평균":81.44,
            "전세가율거품지수":null,
            "검색코드":110465,
            "세대수":470.0,
            "준공년월":"2009-09-21",
            "준공년차":14.0,
            "가까운역이름":"NA",
            "가까운역거리":"NA",
            "역세권여부":"NA",
            "30분이내주요거점역":"NA",
            "1시간이내주요거점역":"NA",
            "3km이내백화점수":0,
            "5km이내아울렛몰수":0,
            "1km이내대형먀트수":0,
            "500m이내은행수":0,
            "500m이내병원수":0,
            "5km이내대형병원수":0,
            "500m이내공원수":1,
            "3km이내혐오시설수":0,
            "초등학교학업성취도":90.0,
            "중학교학업성취도":85.7,
            "용적률":189,
            "건폐율":22,
            "Y":35.86141,
            "X":127.060938,
            "rank":118.0,
            "area_info":"32평(106.81), 32평(106.08), 32평(106.85), 32평(107.64)",
            "last_sales":"2021-12-24,22900.0,32평(107.64)"
        },
        {
            "index":130,
            "아파트명":"반월세움펠리피아2차",
            "투자타입":"일반",
            "전용면적(m2)":"80.38",
            "전용면적(평)":"24평",
            "법정동주소":"전라북도 전주시 덕진구 반월동 1241",
            "도로명주소":"전라북도 전주시 덕진구 혁신로 727",
            "세대수":50,
            "입주년차":100,
            "용적률점수":"--",
            "건폐율점수":"--",
            "세대당주차수":30,
            "난방방식":30,
            "공급면적":"--",
            "전용률":"--",
            "욕실수":100,
            "현관타입":100,
            "주거총점":65.0,
            "지역구공급총점":100.0,
            "역세권":"NA",
            "30분내 이동가능 거점":"NA",
            "1시간내 이동가능 거점":"NA",
            "교통총점":"NA",
            "백화점":0,
            "아울렛몰":0,
            "대형마트":0,
            "은행":0,
            "병원":10,
            "종합병원":0,
            "공원":0,
            "혐오시설":0,
            "인프라총점":1.0,
            "초등학군":90.43,
            "중학군":38.7,
            "학군총점":49.046,
            "인구수":35.49,
            "인구증감":-1.97,
            "인구총점":24.252,
            "일자리":6.1,
            "소득수준":56.99,
            "일자리총점":21.367,
            "가치 총점":35.4115,
            "매매실거래년":20220108.0,
            "매매실거래가":26700.0,
            "전세실거래년":20220112.0,
            "전세실거래가":21000.0,
            "전세가율":89.36,
            "장기전세가율평균":81.44,
            "전세가율거품지수":-7.92,
            "검색코드":117389,
            "세대수":505.0,
            "준공년월":"2019-10-24",
            "준공년차":4.0,
            "가까운역이름":"NA",
            "가까운역거리":"NA",
            "역세권여부":"NA",
            "30분이내주요거점역":"NA",
            "1시간이내주요거점역":"NA",
            "3km이내백화점수":0,
            "5km이내아울렛몰수":0,
            "1km이내대형먀트수":0,
            "500m이내은행수":0,
            "500m이내병원수":3,
            "5km이내대형병원수":0,
            "500m이내공원수":0,
            "3km이내혐오시설수":0,
            "초등학교학업성취도":90.43,
            "중학교학업성취도":64.5,
            "용적률":220,
            "건폐율":18,
            "Y":35.876761,
            "X":127.075368,
            "rank":119.0,
            "area_info":"24평(80.38), 26평(87.01), 34평(114.15)",
            "last_sales":"2022-01-08,26700.0,26평(87.01)"
        },
        {
            "index":266,
            "아파트명":"신동비사벌(201~207동)",
            "투자타입":"재건축",
            "전용면적(m2)":"54.36",
            "전용면적(평)":"16평",
            "법정동주소":"전라북도 전주시 덕진구 송천동2가 197-2",
            "도로명주소":"전라북도 전주시 덕진구 붓내1길 9",
            "세대수":30,
            "입주년차":"--",
            "용적률점수":0,
            "건폐율점수":0,
            "세대당주차수":"--",
            "난방방식":"--",
            "공급면적":50,
            "전용률":60,
            "욕실수":"--",
            "현관타입":"--",
            "주거총점":14.5,
            "지역구공급총점":100.0,
            "역세권":"NA",
            "30분내 이동가능 거점":"NA",
            "1시간내 이동가능 거점":"NA",
            "교통총점":"NA",
            "백화점":0,
            "아울렛몰":0,
            "대형마트":80,
            "은행":0,
            "병원":60,
            "종합병원":100,
            "공원":100,
            "혐오시설":-50,
            "인프라총점":40.0,
            "초등학군":72.93,
            "중학군":52.36,
            "학군총점":56.474,
            "인구수":35.49,
            "인구증감":-1.97,
            "인구총점":24.252,
            "일자리":6.1,
            "소득수준":56.99,
            "일자리총점":21.367,
            "가치 총점":35.1935,
            "매매실거래년":20220106.0,
            "매매실거래가":8900.0,
            "전세실거래년":20211211.0,
            "전세실거래가":6500.0,
            "전세가율":72.22,
            "장기전세가율평균":81.44,
            "전세가율거품지수":9.22,
            "검색코드":5491,
            "세대수":370.0,
            "준공년월":"1989-05-03",
            "준공년차":34.0,
            "가까운역이름":"NA",
            "가까운역거리":"NA",
            "역세권여부":"NA",
            "30분이내주요거점역":"NA",
            "1시간이내주요거점역":"NA",
            "3km이내백화점수":0,
            "5km이내아울렛몰수":0,
            "1km이내대형먀트수":1,
            "500m이내은행수":1,
            "500m이내병원수":27,
            "5km이내대형병원수":3,
            "500m이내공원수":10,
            "3km이내혐오시설수":1,
            "초등학교학업성취도":72.93,
            "중학교학업성취도":86.2,
            "용적률":0,
            "건폐율":0,
            "Y":35.865807,
            "X":127.122533,
            "rank":120.0,
            "area_info":"16평(54.36), 17평(58.52)",
            "last_sales":"2022-01-06,8900.0,17평(58.52)"
        },
        {
            "index":595,
            "아파트명":"신동아1차",
            "투자타입":"재건축",
            "전용면적(m2)":"69.95",
            "전용면적(평)":"21평",
            "법정동주소":"전라북도 전주시 덕진구 호성동1가 731-4",
            "도로명주소":"전라북도 전주시 덕진구 호성1길 29",
            "세대수":30,
            "입주년차":"--",
            "용적률점수":0,
            "건폐율점수":0,
            "세대당주차수":"--",
            "난방방식":"--",
            "공급면적":50,
            "전용률":80,
            "욕실수":"--",
            "현관타입":"--",
            "주거총점":15.5,
            "지역구공급총점":100.0,
            "역세권":"NA",
            "30분내 이동가능 거점":"NA",
            "1시간내 이동가능 거점":"NA",
            "교통총점":"NA",
            "백화점":0,
            "아울렛몰":0,
            "대형마트":80,
            "은행":0,
            "병원":60,
            "종합병원":100,
            "공원":100,
            "혐오시설":0,
            "인프라총점":41.0,
            "초등학군":87.3,
            "중학군":44.82,
            "학군총점":53.316,
            "인구수":35.49,
            "인구증감":-1.97,
            "인구총점":24.252,
            "일자리":6.1,
            "소득수준":56.99,
            "일자리총점":21.367,
            "가치 총점":35.154,
            "매매실거래년":20211129.0,
            "매매실거래가":13000.0,
            "전세실거래년":20220113.0,
            "전세실거래가":7500.0,
            "전세가율":57.69,
            "장기전세가율평균":81.44,
            "전세가율거품지수":23.75,
            "검색코드":5782,
            "세대수":320.0,
            "준공년월":"1989-08-08",
            "준공년차":34.0,
            "가까운역이름":"NA",
            "가까운역거리":"NA",
            "역세권여부":"NA",
            "30분이내주요거점역":"NA",
            "1시간이내주요거점역":"NA",
            "3km이내백화점수":0,
            "5km이내아울렛몰수":0,
            "1km이내대형먀트수":1,
            "500m이내은행수":1,
            "500m이내병원수":10,
            "5km이내대형병원수":4,
            "500m이내공원수":4,
            "3km이내혐오시설수":0,
            "초등학교학업성취도":87.3,
            "중학교학업성취도":74.7,
            "용적률":0,
            "건폐율":0,
            "Y":35.856146,
            "X":127.153266,
            "rank":121.0,
            "area_info":"21평(69.95), 21평(70.03), 23평(76.21)",
            "last_sales":"2021-11-29,13000.0,21평(69.95)"
        },
        {
            "index":398,
            "아파트명":"우신",
            "투자타입":"재건축",
            "전용면적(m2)":"68.01",
            "전용면적(평)":"20평",
            "법정동주소":"전라북도 전주시 덕진구 우아동3가 599",
            "도로명주소":"전라북도 전주시 덕진구 견훤로 495",
            "세대수":30,
            "입주년차":"--",
            "용적률점수":0,
            "건폐율점수":0,
            "세대당주차수":"--",
            "난방방식":"--",
            "공급면적":50,
            "전용률":80,
            "욕실수":"--",
            "현관타입":"--",
            "주거총점":15.5,
            "지역구공급총점":100.0,
            "역세권":"NA",
            "30분내 이동가능 거점":"NA",
            "1시간내 이동가능 거점":"NA",
            "교통총점":"NA",
            "백화점":0,
            "아울렛몰":0,
            "대형마트":80,
            "은행":0,
            "병원":60,
            "종합병원":100,
            "공원":100,
            "혐오시설":0,
            "인프라총점":41.0,
            "초등학군":87.3,
            "중학군":44.82,
            "학군총점":53.316,
            "인구수":35.49,
            "인구증감":-1.97,
            "인구총점":24.252,
            "일자리":6.1,
            "소득수준":56.99,
            "일자리총점":21.367,
            "가치 총점":35.154,
            "매매실거래년":20211202.0,
            "매매실거래가":12000.0,
            "전세실거래년":20211003.0,
            "전세실거래가":1800.0,
            "전세가율":15.0,
            "장기전세가율평균":81.44,
            "전세가율거품지수":66.44,
            "검색코드":15036,
            "세대수":300.0,
            "준공년월":"1988-01-30",
            "준공년차":35.0,
            "가까운역이름":"NA",
            "가까운역거리":"NA",
            "역세권여부":"NA",
            "30분이내주요거점역":"NA",
            "1시간이내주요거점역":"NA",
            "3km이내백화점수":0,
            "5km이내아울렛몰수":0,
            "1km이내대형먀트수":1,
            "500m이내은행수":1,
            "500m이내병원수":10,
            "5km이내대형병원수":4,
            "500m이내공원수":6,
            "3km이내혐오시설수":0,
            "초등학교학업성취도":87.3,
            "중학교학업성취도":74.7,
            "용적률":0,
            "건폐율":0,
            "Y":35.855002,
            "X":127.154607,
            "rank":121.0,
            "area_info":"20평(68.01), 20평(69.11)",
            "last_sales":"2021-12-02,12000.0,20평(68.01)"
        },
        {
            "index":368,
            "아파트명":"여의제이파크(제일)",
            "투자타입":"일반",
            "전용면적(m2)":"77.34",
            "전용면적(평)":"23평",
            "법정동주소":"전라북도 전주시 덕진구 여의동 669",
            "도로명주소":"전라북도 전주시 덕진구 쪽구름로 19",
            "세대수":80,
            "입주년차":20,
            "용적률점수":"--",
            "건폐율점수":"--",
            "세대당주차수":30,
            "난방방식":30,
            "공급면적":"--",
            "전용률":"--",
            "욕실수":50,
            "현관타입":100,
            "주거총점":54.5,
            "지역구공급총점":100.0,
            "역세권":"NA",
            "30분내 이동가능 거점":"NA",
            "1시간내 이동가능 거점":"NA",
            "교통총점":"NA",
            "백화점":0,
            "아울렛몰":0,
            "대형마트":0,
            "은행":0,
            "병원":60,
            "종합병원":0,
            "공원":100,
            "혐오시설":0,
            "인프라총점":9.0,
            "초등학군":89.5,
            "중학군":38.7,
            "학군총점":48.86,
            "인구수":35.49,
            "인구증감":-1.97,
            "인구총점":24.252,
            "일자리":6.1,
            "소득수준":56.99,
            "일자리총점":21.367,
            "가치 총점":34.89,
            "매매실거래년":20220103.0,
            "매매실거래가":14100.0,
            "전세실거래년":20220103.0,
            "전세실거래가":13900.0,
            "전세가율":98.58,
            "장기전세가율평균":81.44,
            "전세가율거품지수":-17.14,
            "검색코드":19110,
            "세대수":737.0,
            "준공년월":"2003-12-15",
            "준공년차":20.0,
            "가까운역이름":"NA",
            "가까운역거리":"NA",
            "역세권여부":"NA",
            "30분이내주요거점역":"NA",
            "1시간이내주요거점역":"NA",
            "3km이내백화점수":0,
            "5km이내아울렛몰수":0,
            "1km이내대형먀트수":0,
            "500m이내은행수":0,
            "500m이내병원수":17,
            "5km이내대형병원수":0,
            "500m이내공원수":5,
            "3km이내혐오시설수":0,
            "초등학교학업성취도":89.5,
            "중학교학업성취도":64.5,
            "용적률":215,
            "건폐율":19,
            "Y":35.867764,
            "X":127.077358,
            "rank":122.0,
            "area_info":"23평(77.34), 31평(102.72), 31평(102.76)",
            "last_sales":"2022-01-03,14100.0,23평(77.34)"
        },
        {
            "index":247,
            "아파트명":"산내들",
            "투자타입":"일반",
            "전용면적(m2)":"33.44",
            "전용면적(평)":"10평",
            "법정동주소":"전라북도 전주시 덕진구 송천동2가 193-3",
            "도로명주소":"전라북도 전주시 덕진구 천마산로 11",
            "세대수":0,
            "입주년차":20,
            "용적률점수":"--",
            "건폐율점수":"--",
            "세대당주차수":0,
            "난방방식":30,
            "공급면적":"--",
            "전용률":"--",
            "욕실수":50,
            "현관타입":50,
            "주거총점":17.0,
            "지역구공급총점":100.0,
            "역세권":"NA",
            "30분내 이동가능 거점":"NA",
            "1시간내 이동가능 거점":"NA",
            "교통총점":"NA",
            "백화점":0,
            "아울렛몰":0,
            "대형마트":80,
            "은행":20,
            "병원":80,
            "종합병원":100,
            "공원":100,
            "혐오시설":-50,
            "인프라총점":44.0,
            "초등학군":72.93,
            "중학군":37.44,
            "학군총점":44.538,
            "인구수":35.49,
            "인구증감":-1.97,
            "인구총점":24.252,
            "일자리":6.1,
            "소득수준":56.99,
            "일자리총점":21.367,
            "가치 총점":34.6845,
            "매매실거래년":20211125.0,
            "매매실거래가":3300.0,
            "전세실거래년":20210528.0,
            "전세실거래가":3500.0,
            "전세가율":106.06,
            "장기전세가율평균":81.44,
            "전세가율거품지수":-24.62,
            "검색코드":107763,
            "세대수":160.0,
            "준공년월":"2000-02-29",
            "준공년차":23.0,
            "가까운역이름":"NA",
            "가까운역거리":"NA",
            "역세권여부":"NA",
            "30분이내주요거점역":"NA",
            "1시간이내주요거점역":"NA",
            "3km이내백화점수":0,
            "5km이내아울렛몰수":0,
            "1km이내대형먀트수":1,
            "500m이내은행수":2,
            "500m이내병원수":47,
            "5km이내대형병원수":3,
            "500m이내공원수":7,
            "3km이내혐오시설수":1,
            "초등학교학업성취도":72.93,
            "중학교학업성취도":62.4,
            "용적률":0,
            "건폐율":0,
            "Y":35.864057,
            "X":127.122821,
            "rank":123.0,
            "area_info":"10평(33.44), 14평(47.6)",
            "last_sales":"2021-11-25,3300.0,10평(33.44)"
        },
        {
            "index":85,
            "아파트명":"만성이지움레이크테라스",
            "투자타입":"일반",
            "전용면적(m2)":"108.06",
            "전용면적(평)":"32평",
            "법정동주소":"전라북도 전주시 덕진구 만성동 1359-1",
            "도로명주소":"전라북도 전주시 덕진구 만성서로 77",
            "세대수":0,
            "입주년차":100,
            "용적률점수":"--",
            "건폐율점수":"--",
            "세대당주차수":60,
            "난방방식":30,
            "공급면적":"--",
            "전용률":"--",
            "욕실수":100,
            "현관타입":100,
            "주거총점":52.0,
            "지역구공급총점":100.0,
            "역세권":"NA",
            "30분내 이동가능 거점":"NA",
            "1시간내 이동가능 거점":"NA",
            "교통총점":"NA",
            "백화점":0,
            "아울렛몰":0,
            "대형마트":0,
            "은행":0,
            "병원":0,
            "종합병원":0,
            "공원":100,
            "혐오시설":0,
            "인프라총점":3.0,
            "초등학군":100.0,
            "중학군":51.42,
            "학군총점":61.136,
            "인구수":35.49,
            "인구증감":-1.97,
            "인구총점":24.252,
            "일자리":6.1,
            "소득수준":56.99,
            "일자리총점":21.367,
            "가치 총점":34.684,
            "매매실거래년":"18000101",
            "매매실거래가":null,
            "전세실거래년":null,
            "전세실거래가":null,
            "전세가율":null,
            "장기전세가율평균":81.44,
            "전세가율거품지수":null,
            "검색코드":122588,
            "세대수":177.0,
            "준공년월":"2020-03-01",
            "준공년차":3.0,
            "가까운역이름":"NA",
            "가까운역거리":"NA",
            "역세권여부":"NA",
            "30분이내주요거점역":"NA",
            "1시간이내주요거점역":"NA",
            "3km이내백화점수":0,
            "5km이내아울렛몰수":0,
            "1km이내대형먀트수":0,
            "500m이내은행수":1,
            "500m이내병원수":0,
            "5km이내대형병원수":0,
            "500m이내공원수":2,
            "3km이내혐오시설수":0,
            "초등학교학업성취도":100.0,
            "중학교학업성취도":85.7,
            "용적률":99,
            "건폐율":39,
            "Y":35.845463,
            "X":127.071171,
            "rank":124.0,
            "area_info":"32평(108.06), 32평(108.06), 33평(111.42), 33평(111.42), 33평(111.95), 33평(111.42), 33평(111.33), 33평(111.33), 33평(111.54), 33평(111.54), 33평(111.54), 33평(112.03), 33평(112.37), 33평(112.21), 34평(115.22), 41평(135.58), 41평(135.58), 41평(136.07), 41평(136.07), 41평(136.0), 41평(136.0), 44평(146.99), 44평(146.68), 44평(147.13), 51평(170.23), 65평(217.07), 80평(265.58), 87평(289.42), 88평(291.19), 88평(291.19), 93평(309.38)",
            "last_sales":"1800-01-01,nan,32평(108.06)"
        },
        {
            "index":274,
            "아파트명":"쌍용2단지",
            "투자타입":"일반",
            "전용면적(m2)":"95.76",
            "전용면적(평)":"28평",
            "법정동주소":"전라북도 전주시 덕진구 송천동2가 536",
            "도로명주소":"전라북도 전주시 덕진구 와룡로 50",
            "세대수":30,
            "입주년차":0,
            "용적률점수":"--",
            "건폐율점수":"--",
            "세대당주차수":30,
            "난방방식":30,
            "공급면적":"--",
            "전용률":"--",
            "욕실수":100,
            "현관타입":100,
            "주거총점":38.0,
            "지역구공급총점":100.0,
            "역세권":"NA",
            "30분내 이동가능 거점":"NA",
            "1시간내 이동가능 거점":"NA",
            "교통총점":"NA",
            "백화점":0,
            "아울렛몰":0,
            "대형마트":0,
            "은행":0,
            "병원":30,
            "종합병원":100,
            "공원":0,
            "혐오시설":-50,
            "인프라총점":22.0,
            "초등학군":85.72,
            "중학군":37.44,
            "학군총점":47.096,
            "인구수":35.49,
            "인구증감":-1.97,
            "인구총점":24.252,
            "일자리":6.1,
            "소득수준":56.99,
            "일자리총점":21.367,
            "가치 총점":33.874,
            "매매실거래년":20211101.0,
            "매매실거래가":18600.0,
            "전세실거래년":20211027.0,
            "전세실거래가":15500.0,
            "전세가율":96.88,
            "장기전세가율평균":81.44,
            "전세가율거품지수":-15.44,
            "검색코드":5500,
            "세대수":308.0,
            "준공년월":"1998-09-28",
            "준공년차":25.0,
            "가까운역이름":"NA",
            "가까운역거리":"NA",
            "역세권여부":"NA",
            "30분이내주요거점역":"NA",
            "1시간이내주요거점역":"NA",
            "3km이내백화점수":0,
            "5km이내아울렛몰수":0,
            "1km이내대형먀트수":0,
            "500m이내은행수":0,
            "500m이내병원수":5,
            "5km이내대형병원수":2,
            "500m이내공원수":0,
            "3km이내혐오시설수":1,
            "초등학교학업성취도":85.72,
            "중학교학업성취도":62.4,
            "용적률":225,
            "건폐율":20,
            "Y":35.864163,
            "X":127.112633,
            "rank":125.0,
            "area_info":"28평(95.76), 32평(106.86)",
            "last_sales":"2021-11-01,18600.0,32평(106.86)"
        },
        {
            "index":525,
            "아파트명":"LH이노팰리스",
            "투자타입":"일반",
            "전용면적(m2)":"97.64",
            "전용면적(평)":"29평",
            "법정동주소":"전라북도 전주시 덕진구 장동 1082",
            "도로명주소":"전라북도 전주시 덕진구 틀못4길 33",
            "세대수":30,
            "입주년차":60,
            "용적률점수":"--",
            "건폐율점수":"--",
            "세대당주차수":30,
            "난방방식":30,
            "공급면적":"--",
            "전용률":"--",
            "욕실수":100,
            "현관타입":100,
            "주거총점":50.0,
            "지역구공급총점":100.0,
            "역세권":"NA",
            "30분내 이동가능 거점":"NA",
            "1시간내 이동가능 거점":"NA",
            "교통총점":"NA",
            "백화점":0,
            "아울렛몰":0,
            "대형마트":0,
            "은행":0,
            "병원":0,
            "종합병원":0,
            "공원":100,
            "혐오시설":0,
            "인프라총점":3.0,
            "초등학군":90.0,
            "중학군":51.42,
            "학군총점":59.136,
            "인구수":35.49,
            "인구증감":-1.97,
            "인구총점":24.252,
            "일자리":6.1,
            "소득수준":56.99,
            "일자리총점":21.367,
            "가치 총점":33.484,
            "매매실거래년":20220107.0,
            "매매실거래가":43000.0,
            "전세실거래년":20210825.0,
            "전세실거래가":32000.0,
            "전세가율":106.67,
            "장기전세가율평균":81.44,
            "전세가율거품지수":-25.23,
            "검색코드":105293,
            "세대수":316.0,
            "준공년월":"2013-12-20",
            "준공년차":10.0,
            "가까운역이름":"NA",
            "가까운역거리":"NA",
            "역세권여부":"NA",
            "30분이내주요거점역":"NA",
            "1시간이내주요거점역":"NA",
            "3km이내백화점수":0,
            "5km이내아울렛몰수":0,
            "1km이내대형먀트수":0,
            "500m이내은행수":0,
            "500m이내병원수":0,
            "5km이내대형병원수":0,
            "500m이내공원수":2,
            "3km이내혐오시설수":0,
            "초등학교학업성취도":90.0,
            "중학교학업성취도":85.7,
            "용적률":159,
            "건폐율":20,
            "Y":35.845872,
            "X":127.060088,
            "rank":126.0,
            "area_info":"29평(97.64), 33평(110.66), 33평(110.53)",
            "last_sales":"2022-01-07,43000.0,33평(110.66)"
        },
        {
            "index":351,
            "아파트명":"태화송림타워",
            "투자타입":"재건축",
            "전용면적(m2)":"93.87",
            "전용면적(평)":"28평",
            "법정동주소":"전라북도 전주시 덕진구 송천동2가 193",
            "도로명주소":"전라북도 전주시 덕진구 붓내2길 17",
            "세대수":0,
            "입주년차":"--",
            "용적률점수":0,
            "건폐율점수":0,
            "세대당주차수":"--",
            "난방방식":"--",
            "공급면적":70,
            "전용률":60,
            "욕실수":"--",
            "현관타입":"--",
            "주거총점":6.5,
            "지역구공급총점":100.0,
            "역세권":"NA",
            "30분내 이동가능 거점":"NA",
            "1시간내 이동가능 거점":"NA",
            "교통총점":"NA",
            "백화점":0,
            "아울렛몰":0,
            "대형마트":80,
            "은행":0,
            "병원":80,
            "종합병원":100,
            "공원":100,
            "혐오시설":-50,
            "인프라총점":42.0,
            "초등학군":72.93,
            "중학군":52.36,
            "학군총점":56.474,
            "인구수":35.49,
            "인구증감":-1.97,
            "인구총점":24.252,
            "일자리":6.1,
            "소득수준":56.99,
            "일자리총점":21.367,
            "가치 총점":33.1935,
            "매매실거래년":20211105.0,
            "매매실거래가":8550.0,
            "전세실거래년":20120225.0,
            "전세실거래가":6000.0,
            "전세가율":82.76,
            "장기전세가율평균":81.44,
            "전세가율거품지수":-1.32,
            "검색코드":106505,
            "세대수":165.0,
            "준공년월":"1991-08-06",
            "준공년차":32.0,
            "가까운역이름":"NA",
            "가까운역거리":"NA",
            "역세권여부":"NA",
            "30분이내주요거점역":"NA",
            "1시간이내주요거점역":"NA",
            "3km이내백화점수":0,
            "5km이내아울렛몰수":0,
            "1km이내대형먀트수":1,
            "500m이내은행수":1,
            "500m이내병원수":35,
            "5km이내대형병원수":3,
            "500m이내공원수":10,
            "3km이내혐오시설수":1,
            "초등학교학업성취도":72.93,
            "중학교학업성취도":86.2,
            "용적률":0,
            "건폐율":0,
            "Y":35.865672,
            "X":127.124187,
            "rank":127.0,
            "area_info":"28평(93.87), 29평(97.41), 30평(100.17), 32평(108.2)",
            "last_sales":"2021-11-05,8550.0,32평(108.2)"
        },
        {
            "index":152,
            "아파트명":"광진한솔",
            "투자타입":"일반",
            "전용면적(m2)":"79.01",
            "전용면적(평)":"23평",
            "법정동주소":"전라북도 전주시 덕진구 송천동1가 108",
            "도로명주소":"전라북도 전주시 덕진구 솔내8길 25",
            "세대수":0,
            "입주년차":0,
            "용적률점수":"--",
            "건폐율점수":"--",
            "세대당주차수":0,
            "난방방식":30,
            "공급면적":"--",
            "전용률":"--",
            "욕실수":50,
            "현관타입":10,
            "주거총점":9.0,
            "지역구공급총점":100.0,
            "역세권":"NA",
            "30분내 이동가능 거점":"NA",
            "1시간내 이동가능 거점":"NA",
            "교통총점":"NA",
            "백화점":0,
            "아울렛몰":0,
            "대형마트":80,
            "은행":20,
            "병원":80,
            "종합병원":100,
            "공원":0,
            "혐오시설":-50,
            "인프라총점":41.0,
            "초등학군":72.93,
            "중학군":49.68,
            "학군총점":54.33,
            "인구수":35.49,
            "인구증감":-1.97,
            "인구총점":24.252,
            "일자리":6.1,
            "소득수준":56.99,
            "일자리총점":21.367,
            "가치 총점":33.1325,
            "매매실거래년":20220113.0,
            "매매실거래가":9241.0,
            "전세실거래년":20220107.0,
            "전세실거래가":12000.0,
            "전세가율":129.86,
            "장기전세가율평균":81.44,
            "전세가율거품지수":-48.42,
            "검색코드":5464,
            "세대수":275.0,
            "준공년월":"1994-06-30",
            "준공년차":29.0,
            "가까운역이름":"NA",
            "가까운역거리":"NA",
            "역세권여부":"NA",
            "30분이내주요거점역":"NA",
            "1시간이내주요거점역":"NA",
            "3km이내백화점수":0,
            "5km이내아울렛몰수":0,
            "1km이내대형먀트수":1,
            "500m이내은행수":2,
            "500m이내병원수":38,
            "5km이내대형병원수":3,
            "500m이내공원수":0,
            "3km이내혐오시설수":1,
            "초등학교학업성취도":72.93,
            "중학교학업성취도":82.2,
            "용적률":293,
            "건폐율":23,
            "Y":35.86151,
            "X":127.124499,
            "rank":128.0,
            "area_info":"23평(79.01), 31평(104.98)",
            "last_sales":"2022-01-13,9241.0,23평(79.01)"
        },
        {
            "index":416,
            "아파트명":"진흥하이츠",
            "투자타입":"일반",
            "전용면적(m2)":"76.78",
            "전용면적(평)":"23평",
            "법정동주소":"전라북도 전주시 덕진구 우아동3가 412",
            "도로명주소":"전라북도 전주시 덕진구 안덕원1길 30",
            "세대수":30,
            "입주년차":0,
            "용적률점수":"--",
            "건폐율점수":"--",
            "세대당주차수":0,
            "난방방식":30,
            "공급면적":"--",
            "전용률":"--",
            "욕실수":50,
            "현관타입":100,
            "주거총점":28.5,
            "지역구공급총점":100.0,
            "역세권":"NA",
            "30분내 이동가능 거점":"NA",
            "1시간내 이동가능 거점":"NA",
            "교통총점":"NA",
            "백화점":0,
            "아울렛몰":0,
            "대형마트":0,
            "은행":0,
            "병원":0,
            "종합병원":100,
            "공원":100,
            "혐오시설":0,
            "인프라총점":23.0,
            "초등학군":87.76,
            "중학군":46.96,
            "학군총점":55.12,
            "인구수":35.49,
            "인구증감":-1.97,
            "인구총점":24.252,
            "일자리":6.1,
            "소득수준":56.99,
            "일자리총점":21.367,
            "가치 총점":32.955,
            "매매실거래년":20220104.0,
            "매매실거래가":13800.0,
            "전세실거래년":20210705.0,
            "전세실거래가":7500.0,
            "전세가율":88.24,
            "장기전세가율평균":81.44,
            "전세가율거품지수":-6.8,
            "검색코드":24953,
            "세대수":371.0,
            "준공년월":"1995-07-25",
            "준공년차":28.0,
            "가까운역이름":"NA",
            "가까운역거리":"NA",
            "역세권여부":"NA",
            "30분이내주요거점역":"NA",
            "1시간이내주요거점역":"NA",
            "3km이내백화점수":0,
            "5km이내아울렛몰수":0,
            "1km이내대형먀트수":0,
            "500m이내은행수":0,
            "500m이내병원수":1,
            "5km이내대형병원수":5,
            "500m이내공원수":5,
            "3km이내혐오시설수":0,
            "초등학교학업성취도":87.76,
            "중학교학업성취도":77.0,
            "용적률":318,
            "건폐율":21,
            "Y":35.840977,
            "X":127.164884,
            "rank":129.0,
            "area_info":"23평(76.78), 23평(76.68), 32평(108.14)",
            "last_sales":"2022-01-04,13800.0,32평(108.14)"
        },
        {
            "index":149,
            "아파트명":"전주반월남해오네뜨하이뷰",
            "투자타입":"일반",
            "전용면적(m2)":"83.02",
            "전용면적(평)":"25평",
            "법정동주소":"전라북도 전주시 덕진구 반월동 1232",
            "도로명주소":"전라북도 전주시 덕진구 쪽구름로 111",
            "세대수":30,
            "입주년차":80,
            "용적률점수":"--",
            "건폐율점수":"--",
            "세대당주차수":0,
            "난방방식":30,
            "공급면적":"--",
            "전용률":"--",
            "욕실수":100,
            "현관타입":100,
            "주거총점":49.5,
            "지역구공급총점":100.0,
            "역세권":"NA",
            "30분내 이동가능 거점":"NA",
            "1시간내 이동가능 거점":"NA",
            "교통총점":"NA",
            "백화점":0,
            "아울렛몰":0,
            "대형마트":0,
            "은행":0,
            "병원":60,
            "종합병원":0,
            "공원":80,
            "혐오시설":0,
            "인프라총점":8.4,
            "초등학군":90.43,
            "중학군":38.7,
            "학군총점":49.046,
            "인구수":35.49,
            "인구증감":-1.97,
            "인구총점":24.252,
            "일자리":6.1,
            "소득수준":56.99,
            "일자리총점":21.367,
            "가치 총점":32.9465,
            "매매실거래년":20220112.0,
            "매매실거래가":19000.0,
            "전세실거래년":20211214.0,
            "전세실거래가":6529.0,
            "전세가율":34.36,
            "장기전세가율평균":81.44,
            "전세가율거품지수":47.08,
            "검색코드":111855,
            "세대수":328.0,
            "준공년월":"2018-06-26",
            "준공년차":5.0,
            "가까운역이름":"NA",
            "가까운역거리":"NA",
            "역세권여부":"NA",
            "30분이내주요거점역":"NA",
            "1시간이내주요거점역":"NA",
            "3km이내백화점수":0,
            "5km이내아울렛몰수":0,
            "1km이내대형먀트수":0,
            "500m이내은행수":1,
            "500m이내병원수":21,
            "5km이내대형병원수":0,
            "500m이내공원수":1,
            "3km이내혐오시설수":0,
            "초등학교학업성취도":90.43,
            "중학교학업성취도":64.5,
            "용적률":228,
            "건폐율":18,
            "Y":35.873376,
            "X":127.072714,
            "rank":130.0,
            "area_info":"25평(83.02), 29평(98.52)",
            "last_sales":"2022-01-12,19000.0,25평(83.02)"
        },
        {
            "index":503,
            "아파트명":"현대1단지",
            "투자타입":"재건축",
            "전용면적(m2)":"88.28",
            "전용면적(평)":"26평",
            "법정동주소":"전라북도 전주시 덕진구 인후동1가 754",
            "도로명주소":"전라북도 전주시 덕진구 안골3길 7",
            "세대수":0,
            "입주년차":"--",
            "용적률점수":0,
            "건폐율점수":0,
            "세대당주차수":"--",
            "난방방식":"--",
            "공급면적":70,
            "전용률":80,
            "욕실수":"--",
            "현관타입":"--",
            "주거총점":7.5,
            "지역구공급총점":100.0,
            "역세권":"NA",
            "30분내 이동가능 거점":"NA",
            "1시간내 이동가능 거점":"NA",
            "교통총점":"NA",
            "백화점":0,
            "아울렛몰":0,
            "대형마트":80,
            "은행":0,
            "병원":30,
            "종합병원":100,
            "공원":100,
            "혐오시설":0,
            "인프라총점":38.0,
            "초등학군":84.57,
            "중학군":50.82,
            "학군총점":57.57,
            "인구수":35.49,
            "인구증감":-1.97,
            "인구총점":24.252,
            "일자리":6.1,
            "소득수준":56.99,
            "일자리총점":21.367,
            "가치 총점":32.2175,
            "매매실거래년":20210412.0,
            "매매실거래가":20500.0,
            "전세실거래년":20190723.0,
            "전세실거래가":6000.0,
            "전세가율":47.24,
            "장기전세가율평균":81.44,
            "전세가율거품지수":34.2,
            "검색코드":5579,
            "세대수":241.0,
            "준공년월":"1989-05-29",
            "준공년차":34.0,
            "가까운역이름":"NA",
            "가까운역거리":"NA",
            "역세권여부":"NA",
            "30분이내주요거점역":"NA",
            "1시간이내주요거점역":"NA",
            "3km이내백화점수":0,
            "5km이내아울렛몰수":0,
            "1km이내대형먀트수":1,
            "500m이내은행수":1,
            "500m이내병원수":8,
            "5km이내대형병원수":5,
            "500m이내공원수":10,
            "3km이내혐오시설수":0,
            "초등학교학업성취도":84.57,
            "중학교학업성취도":84.3,
            "용적률":0,
            "건폐율":0,
            "Y":35.841252,
            "X":127.156546,
            "rank":131.0,
            "area_info":"26평(88.28), 31평(105.69), 45평(150.44)",
            "last_sales":"2021-04-12,20500.0,45평(150.44)"
        },
        {
            "index":404,
            "아파트명":"우아엘드수목토",
            "투자타입":"일반",
            "전용면적(m2)":"76.34",
            "전용면적(평)":"23평",
            "법정동주소":"전라북도 전주시 덕진구 우아동3가 423-5",
            "도로명주소":"전라북도 전주시 덕진구 안덕원2길 32",
            "세대수":0,
            "입주년차":20,
            "용적률점수":"--",
            "건폐율점수":"--",
            "세대당주차수":30,
            "난방방식":30,
            "공급면적":"--",
            "전용률":"--",
            "욕실수":50,
            "현관타입":100,
            "주거총점":26.5,
            "지역구공급총점":100.0,
            "역세권":"NA",
            "30분내 이동가능 거점":"NA",
            "1시간내 이동가능 거점":"NA",
            "교통총점":"NA",
            "백화점":0,
            "아울렛몰":0,
            "대형마트":0,
            "은행":0,
            "병원":0,
            "종합병원":100,
            "공원":100,
            "혐오시설":0,
            "인프라총점":23.0,
            "초등학군":84.57,
            "중학군":46.96,
            "학군총점":54.482,
            "인구수":35.49,
            "인구증감":-1.97,
            "인구총점":24.252,
            "일자리":6.1,
            "소득수준":56.99,
            "일자리총점":21.367,
            "가치 총점":32.0955,
            "매매실거래년":20211114.0,
            "매매실거래가":14800.0,
            "전세실거래년":20140717.0,
            "전세실거래가":8000.0,
            "전세가율":88.89,
            "장기전세가율평균":81.44,
            "전세가율거품지수":-7.45,
            "검색코드":114729,
            "세대수":121.0,
            "준공년월":"2002-12-27",
            "준공년차":21.0,
            "가까운역이름":"NA",
            "가까운역거리":"NA",
            "역세권여부":"NA",
            "30분이내주요거점역":"NA",
            "1시간이내주요거점역":"NA",
            "3km이내백화점수":0,
            "5km이내아울렛몰수":0,
            "1km이내대형먀트수":0,
            "500m이내은행수":0,
            "500m이내병원수":1,
            "5km이내대형병원수":5,
            "500m이내공원수":4,
            "3km이내혐오시설수":0,
            "초등학교학업성취도":84.57,
            "중학교학업성취도":77.0,
            "용적률":217,
            "건폐율":21,
            "Y":35.842219,
            "X":127.163959,
            "rank":132.0,
            "area_info":"23평(76.34), 27평(91.51), 31평(105.44)",
            "last_sales":"2021-11-14,14800.0,31평(105.44)"
        },
        {
            "index":434,
            "아파트명":"삼호",
            "투자타입":"재건축",
            "전용면적(m2)":"87.84",
            "전용면적(평)":"26평",
            "법정동주소":"전라북도 전주시 덕진구 인후동1가 500-1",
            "도로명주소":"전라북도 전주시 덕진구 안덕원로 311",
            "세대수":50,
            "입주년차":"--",
            "용적률점수":0,
            "건폐율점수":0,
            "세대당주차수":"--",
            "난방방식":"--",
            "공급면적":70,
            "전용률":80,
            "욕실수":"--",
            "현관타입":"--",
            "주거총점":22.5,
            "지역구공급총점":100.0,
            "역세권":"NA",
            "30분내 이동가능 거점":"NA",
            "1시간내 이동가능 거점":"NA",
            "교통총점":"NA",
            "백화점":0,
            "아울렛몰":0,
            "대형마트":0,
            "은행":0,
            "병원":10,
            "종합병원":100,
            "공원":100,
            "혐오시설":0,
            "인프라총점":24.0,
            "초등학군":87.76,
            "중학군":50.82,
            "학군총점":58.208,
            "인구수":35.49,
            "인구증감":-1.97,
            "인구총점":24.252,
            "일자리":6.1,
            "소득수준":56.99,
            "일자리총점":21.367,
            "가치 총점":32.027,
            "매매실거래년":20210710.0,
            "매매실거래가":17450.0,
            "전세실거래년":null,
            "전세실거래가":null,
            "전세가율":null,
            "장기전세가율평균":81.44,
            "전세가율거품지수":null,
            "검색코드":5552,
            "세대수":404.0,
            "준공년월":"1990-12-31",
            "준공년차":33.0,
            "가까운역이름":"NA",
            "가까운역거리":"NA",
            "역세권여부":"NA",
            "30분이내주요거점역":"NA",
            "1시간이내주요거점역":"NA",
            "3km이내백화점수":0,
            "5km이내아울렛몰수":0,
            "1km이내대형먀트수":0,
            "500m이내은행수":0,
            "500m이내병원수":3,
            "5km이내대형병원수":5,
            "500m이내공원수":8,
            "3km이내혐오시설수":0,
            "초등학교학업성취도":87.76,
            "중학교학업성취도":84.3,
            "용적률":0,
            "건폐율":0,
            "Y":35.839627,
            "X":127.161223,
            "rank":133.0,
            "area_info":"26평(87.84), 26평(88.18), 27평(92.36), 28평(95.8), 30평(100.96), 45평(148.99)",
            "last_sales":"2021-07-10,17450.0,45평(148.99)"
        },
        {
            "index":397,
            "아파트명":"우성",
            "투자타입":"재건축",
            "전용면적(m2)":"68.05",
            "전용면적(평)":"20평",
            "법정동주소":"전라북도 전주시 덕진구 우아동3가 594-6",
            "도로명주소":"전라북도 전주시 덕진구 견훤로 497",
            "세대수":0,
            "입주년차":"--",
            "용적률점수":0,
            "건폐율점수":0,
            "세대당주차수":"--",
            "난방방식":"--",
            "공급면적":50,
            "전용률":80,
            "욕실수":"--",
            "현관타입":"--",
            "주거총점":6.5,
            "지역구공급총점":100.0,
            "역세권":"NA",
            "30분내 이동가능 거점":"NA",
            "1시간내 이동가능 거점":"NA",
            "교통총점":"NA",
            "백화점":0,
            "아울렛몰":0,
            "대형마트":80,
            "은행":0,
            "병원":60,
            "종합병원":100,
            "공원":100,
            "혐오시설":0,
            "인프라총점":41.0,
            "초등학군":87.3,
            "중학군":44.82,
            "학군총점":53.316,
            "인구수":35.49,
            "인구증감":-1.97,
            "인구총점":24.252,
            "일자리":6.1,
            "소득수준":56.99,
            "일자리총점":21.367,
            "가치 총점":32.004,
            "매매실거래년":20211030.0,
            "매매실거래가":10500.0,
            "전세실거래년":20220107.0,
            "전세실거래가":6500.0,
            "전세가율":61.9,
            "장기전세가율평균":81.44,
            "전세가율거품지수":19.54,
            "검색코드":5809,
            "세대수":160.0,
            "준공년월":"1988-01-16",
            "준공년차":35.0,
            "가까운역이름":"NA",
            "가까운역거리":"NA",
            "역세권여부":"NA",
            "30분이내주요거점역":"NA",
            "1시간이내주요거점역":"NA",
            "3km이내백화점수":0,
            "5km이내아울렛몰수":0,
            "1km이내대형먀트수":1,
            "500m이내은행수":1,
            "500m이내병원수":10,
            "5km이내대형병원수":4,
            "500m이내공원수":4,
            "3km이내혐오시설수":0,
            "초등학교학업성취도":87.3,
            "중학교학업성취도":74.7,
            "용적률":0,
            "건폐율":0,
            "Y":35.855608,
            "X":127.154877,
            "rank":134.0,
            "area_info":"20평(68.05)",
            "last_sales":"2021-10-30,10500.0,20평(68.05)"
        },
        {
            "index":506,
            "아파트명":"현대2단지",
            "투자타입":"재건축",
            "전용면적(m2)":"87.45",
            "전용면적(평)":"26평",
            "법정동주소":"전라북도 전주시 덕진구 인후동1가 751",
            "도로명주소":"전라북도 전주시 덕진구 안골4길 15",
            "세대수":0,
            "입주년차":"--",
            "용적률점수":0,
            "건폐율점수":0,
            "세대당주차수":"--",
            "난방방식":"--",
            "공급면적":70,
            "전용률":80,
            "욕실수":"--",
            "현관타입":"--",
            "주거총점":7.5,
            "지역구공급총점":100.0,
            "역세권":"NA",
            "30분내 이동가능 거점":"NA",
            "1시간내 이동가능 거점":"NA",
            "교통총점":"NA",
            "백화점":0,
            "아울렛몰":0,
            "대형마트":80,
            "은행":0,
            "병원":10,
            "종합병원":100,
            "공원":100,
            "혐오시설":0,
            "인프라총점":36.0,
            "초등학군":84.57,
            "중학군":50.82,
            "학군총점":57.57,
            "인구수":35.49,
            "인구증감":-1.97,
            "인구총점":24.252,
            "일자리":6.1,
            "소득수준":56.99,
            "일자리총점":21.367,
            "가치 총점":31.4175,
            "매매실거래년":20211012.0,
            "매매실거래가":14300.0,
            "전세실거래년":20130121.0,
            "전세실거래가":10000.0,
            "전세가율":71.94,
            "장기전세가율평균":81.44,
            "전세가율거품지수":9.5,
            "검색코드":5585,
            "세대수":148.0,
            "준공년월":"1990-04-23",
            "준공년차":33.0,
            "가까운역이름":"NA",
            "가까운역거리":"NA",
            "역세권여부":"NA",
            "30분이내주요거점역":"NA",
            "1시간이내주요거점역":"NA",
            "3km이내백화점수":0,
            "5km이내아울렛몰수":0,
            "1km이내대형먀트수":1,
            "500m이내은행수":0,
            "500m이내병원수":2,
            "5km이내대형병원수":5,
            "500m이내공원수":10,
            "3km이내혐오시설수":0,
            "초등학교학업성취도":84.57,
            "중학교학업성취도":84.3,
            "용적률":0,
            "건폐율":0,
            "Y":35.84258,
            "X":127.156864,
            "rank":135.0,
            "area_info":"26평(87.45), 26평(87.61), 31평(104.66), 31평(104.84)",
            "last_sales":"2021-10-12,14300.0,31평(104.84)"
        },
        {
            "index":374,
            "아파트명":"동산골드클래스",
            "투자타입":"일반",
            "전용면적(m2)":"112.29",
            "전용면적(평)":"33평",
            "법정동주소":"전라북도 전주시 덕진구 여의동2가 779",
            "도로명주소":"전라북도 전주시 덕진구 쪽구름5길 43-7",
            "세대수":30,
            "입주년차":80,
            "용적률점수":"--",
            "건폐율점수":"--",
            "세대당주차수":30,
            "난방방식":30,
            "공급면적":"--",
            "전용률":"--",
            "욕실수":100,
            "현관타입":100,
            "주거총점":54.0,
            "지역구공급총점":100.0,
            "역세권":"NA",
            "30분내 이동가능 거점":"NA",
            "1시간내 이동가능 거점":"NA",
            "교통총점":"NA",
            "백화점":0,
            "아울렛몰":0,
            "대형마트":0,
            "은행":0,
            "병원":0,
            "종합병원":0,
            "공원":0,
            "혐오시설":0,
            "인프라총점":0.0,
            "초등학군":90.43,
            "중학군":38.7,
            "학군총점":49.046,
            "인구수":35.49,
            "인구증감":-1.97,
            "인구총점":24.252,
            "일자리":6.1,
            "소득수준":56.99,
            "일자리총점":21.367,
            "가치 총점":31.1615,
            "매매실거래년":20211216.0,
            "매매실거래가":26000.0,
            "전세실거래년":20211216.0,
            "전세실거래가":26000.0,
            "전세가율":100.0,
            "장기전세가율평균":81.44,
            "전세가율거품지수":-18.56,
            "검색코드":106220,
            "세대수":310.0,
            "준공년월":"2015-12-17",
            "준공년차":8.0,
            "가까운역이름":"NA",
            "가까운역거리":"NA",
            "역세권여부":"NA",
            "30분이내주요거점역":"NA",
            "1시간이내주요거점역":"NA",
            "3km이내백화점수":0,
            "5km이내아울렛몰수":0,
            "1km이내대형먀트수":0,
            "500m이내은행수":0,
            "500m이내병원수":1,
            "5km이내대형병원수":0,
            "500m이내공원수":0,
            "3km이내혐오시설수":0,
            "초등학교학업성취도":90.43,
            "중학교학업성취도":64.5,
            "용적률":222,
            "건폐율":18,
            "Y":35.875849,
            "X":127.080781,
            "rank":136.0,
            "area_info":"33평(112.29)",
            "last_sales":"2021-12-16,26000.0,33평(112.29)"
        },
        {
            "index":610,
            "아파트명":"호성동신",
            "투자타입":"재건축",
            "전용면적(m2)":"85.83",
            "전용면적(평)":"25평",
            "법정동주소":"전라북도 전주시 덕진구 호성동1가 747",
            "도로명주소":"전라북도 전주시 덕진구 동부대로 787",
            "세대수":50,
            "입주년차":"--",
            "용적률점수":0,
            "건폐율점수":0,
            "세대당주차수":"--",
            "난방방식":"--",
            "공급면적":70,
            "전용률":80,
            "욕실수":"--",
            "현관타입":"--",
            "주거총점":22.5,
            "지역구공급총점":100.0,
            "역세권":"NA",
            "30분내 이동가능 거점":"NA",
            "1시간내 이동가능 거점":"NA",
            "교통총점":"NA",
            "백화점":0,
            "아울렛몰":0,
            "대형마트":0,
            "은행":0,
            "병원":60,
            "종합병원":100,
            "공원":0,
            "혐오시설":0,
            "인프라총점":26.0,
            "초등학군":87.3,
            "중학군":40.6,
            "학군총점":49.94,
            "인구수":35.49,
            "인구증감":-1.97,
            "인구총점":24.252,
            "일자리":6.1,
            "소득수준":56.99,
            "일자리총점":21.367,
            "가치 총점":30.76,
            "매매실거래년":20211206.0,
            "매매실거래가":13400.0,
            "전세실거래년":null,
            "전세실거래가":null,
            "전세가율":null,
            "장기전세가율평균":81.44,
            "전세가율거품지수":null,
            "검색코드":5776,
            "세대수":530.0,
            "준공년월":"1991-09-17",
            "준공년차":32.0,
            "가까운역이름":"NA",
            "가까운역거리":"NA",
            "역세권여부":"NA",
            "30분이내주요거점역":"NA",
            "1시간이내주요거점역":"NA",
            "3km이내백화점수":0,
            "5km이내아울렛몰수":0,
            "1km이내대형먀트수":0,
            "500m이내은행수":1,
            "500m이내병원수":17,
            "5km이내대형병원수":3,
            "500m이내공원수":0,
            "3km이내혐오시설수":0,
            "초등학교학업성취도":87.3,
            "중학교학업성취도":66.0,
            "용적률":0,
            "건폐율":0,
            "Y":35.858039,
            "X":127.15453,
            "rank":137.0,
            "area_info":"25평(85.83), 29평(96.42), 31평(103.45)",
            "last_sales":"2021-12-06,13400.0,31평(103.45)"
        },
        {
            "index":176,
            "아파트명":"성원무지개",
            "투자타입":"재건축",
            "전용면적(m2)":"69.71",
            "전용면적(평)":"21평",
            "법정동주소":"전라북도 전주시 덕진구 송천동1가 543-2",
            "도로명주소":"전라북도 전주시 덕진구 용소로 103",
            "세대수":30,
            "입주년차":"--",
            "용적률점수":0,
            "건폐율점수":0,
            "세대당주차수":"--",
            "난방방식":"--",
            "공급면적":50,
            "전용률":80,
            "욕실수":"--",
            "현관타입":"--",
            "주거총점":15.5,
            "지역구공급총점":100.0,
            "역세권":"NA",
            "30분내 이동가능 거점":"NA",
            "1시간내 이동가능 거점":"NA",
            "교통총점":"NA",
            "백화점":0,
            "아울렛몰":0,
            "대형마트":0,
            "은행":20,
            "병원":80,
            "종합병원":100,
            "공원":100,
            "혐오시설":-50,
            "인프라총점":32.0,
            "초등학군":90.18,
            "중학군":37.44,
            "학군총점":47.988,
            "인구수":35.49,
            "인구증감":-1.97,
            "인구총점":24.252,
            "일자리":6.1,
            "소득수준":56.99,
            "일자리총점":21.367,
            "가치 총점":30.222,
            "매매실거래년":20211222.0,
            "매매실거래가":14150.0,
            "전세실거래년":20220113.0,
            "전세실거래가":5000.0,
            "전세가율":35.34,
            "장기전세가율평균":81.44,
            "전세가율거품지수":46.1,
            "검색코드":15023,
            "세대수":317.0,
            "준공년월":"1988-01-06",
            "준공년차":35.0,
            "가까운역이름":"NA",
            "가까운역거리":"NA",
            "역세권여부":"NA",
            "30분이내주요거점역":"NA",
            "1시간이내주요거점역":"NA",
            "3km이내백화점수":0,
            "5km이내아울렛몰수":0,
            "1km이내대형먀트수":0,
            "500m이내은행수":2,
            "500m이내병원수":31,
            "5km이내대형병원수":2,
            "500m이내공원수":4,
            "3km이내혐오시설수":1,
            "초등학교학업성취도":90.18,
            "중학교학업성취도":62.4,
            "용적률":0,
            "건폐율":0,
            "Y":35.863309,
            "X":127.119109,
            "rank":138.0,
            "area_info":"21평(69.71), 21평(71.31)",
            "last_sales":"2021-12-22,14150.0,21평(69.71)"
        },
        {
            "index":167,
            "아파트명":"삼성",
            "투자타입":"재건축",
            "전용면적(m2)":"75.71",
            "전용면적(평)":"22평",
            "법정동주소":"전라북도 전주시 덕진구 송천동1가 596-10",
            "도로명주소":"전라북도 전주시 덕진구 송천로 109",
            "세대수":0,
            "입주년차":"--",
            "용적률점수":0,
            "건폐율점수":0,
            "세대당주차수":"--",
            "난방방식":"--",
            "공급면적":50,
            "전용률":60,
            "욕실수":"--",
            "현관타입":"--",
            "주거총점":5.5,
            "지역구공급총점":100.0,
            "역세권":"NA",
            "30분내 이동가능 거점":"NA",
            "1시간내 이동가능 거점":"NA",
            "교통총점":"NA",
            "백화점":0,
            "아울렛몰":0,
            "대형마트":80,
            "은행":0,
            "병원":60,
            "종합병원":100,
            "공원":100,
            "혐오시설":-50,
            "인프라총점":40.0,
            "초등학군":90.18,
            "중학군":37.44,
            "학군총점":47.988,
            "인구수":35.49,
            "인구증감":-1.97,
            "인구총점":24.252,
            "일자리":6.1,
            "소득수준":56.99,
            "일자리총점":21.367,
            "가치 총점":29.922,
            "매매실거래년":20211223.0,
            "매매실거래가":8200.0,
            "전세실거래년":20211011.0,
            "전세실거래가":6500.0,
            "전세가율":79.27,
            "장기전세가율평균":81.44,
            "전세가율거품지수":2.17,
            "검색코드":15021,
            "세대수":261.0,
            "준공년월":"1990-11-30",
            "준공년차":33.0,
            "가까운역이름":"NA",
            "가까운역거리":"NA",
            "역세권여부":"NA",
            "30분이내주요거점역":"NA",
            "1시간이내주요거점역":"NA",
            "3km이내백화점수":0,
            "5km이내아울렛몰수":0,
            "1km이내대형먀트수":1,
            "500m이내은행수":1,
            "500m이내병원수":16,
            "5km이내대형병원수":2,
            "500m이내공원수":4,
            "3km이내혐오시설수":1,
            "초등학교학업성취도":90.18,
            "중학교학업성취도":62.4,
            "용적률":0,
            "건폐율":0,
            "Y":35.86243,
            "X":127.11587,
            "rank":139.0,
            "area_info":"22평(75.71), 24평(82.33)",
            "last_sales":"2021-12-23,8200.0,22평(75.71)"
        },
        {
            "index":400,
            "아파트명":"우아럭키",
            "투자타입":"재건축",
            "전용면적(m2)":"102.86",
            "전용면적(평)":"31평",
            "법정동주소":"전라북도 전주시 덕진구 우아동3가 285-8",
            "도로명주소":"전라북도 전주시 덕진구 안덕원3길 10",
            "세대수":50,
            "입주년차":"--",
            "용적률점수":0,
            "건폐율점수":0,
            "세대당주차수":"--",
            "난방방식":"--",
            "공급면적":90,
            "전용률":80,
            "욕실수":"--",
            "현관타입":"--",
            "주거총점":23.5,
            "지역구공급총점":100.0,
            "역세권":"NA",
            "30분내 이동가능 거점":"NA",
            "1시간내 이동가능 거점":"NA",
            "교통총점":"NA",
            "백화점":0,
            "아울렛몰":0,
            "대형마트":0,
            "은행":0,
            "병원":0,
            "종합병원":100,
            "공원":100,
            "혐오시설":0,
            "인프라총점":23.0,
            "초등학군":84.57,
            "중학군":40.6,
            "학군총점":49.394,
            "인구수":35.49,
            "인구증감":-1.97,
            "인구총점":24.252,
            "일자리":6.1,
            "소득수준":56.99,
            "일자리총점":21.367,
            "가치 총점":29.7735,
            "매매실거래년":20211203.0,
            "매매실거래가":11600.0,
            "전세실거래년":20210801.0,
            "전세실거래가":7000.0,
            "전세가율":60.34,
            "장기전세가율평균":81.44,
            "전세가율거품지수":21.1,
            "검색코드":5530,
            "세대수":480.0,
            "준공년월":"1992-03-27",
            "준공년차":31.0,
            "가까운역이름":"NA",
            "가까운역거리":"NA",
            "역세권여부":"NA",
            "30분이내주요거점역":"NA",
            "1시간이내주요거점역":"NA",
            "3km이내백화점수":0,
            "5km이내아울렛몰수":0,
            "1km이내대형먀트수":0,
            "500m이내은행수":0,
            "500m이내병원수":0,
            "5km이내대형병원수":5,
            "500m이내공원수":6,
            "3km이내혐오시설수":0,
            "초등학교학업성취도":84.57,
            "중학교학업성취도":66.0,
            "용적률":0,
            "건폐율":0,
            "Y":35.844054,
            "X":127.164066,
            "rank":140.0,
            "area_info":"31평(102.86), 39평(130.19), 45평(149.98), 56평(187.55)",
            "last_sales":"2021-12-03,11600.0,31평(102.86)"
        },
        {
            "index":271,
            "아파트명":"쌍용1단지",
            "투자타입":"일반",
            "전용면적(m2)":"77.55",
            "전용면적(평)":"23평",
            "법정동주소":"전라북도 전주시 덕진구 송천동2가 541-2",
            "도로명주소":"전라북도 전주시 덕진구 와룡로 40",
            "세대수":0,
            "입주년차":0,
            "용적률점수":"--",
            "건폐율점수":"--",
            "세대당주차수":30,
            "난방방식":30,
            "공급면적":"--",
            "전용률":"--",
            "욕실수":50,
            "현관타입":100,
            "주거총점":22.5,
            "지역구공급총점":100.0,
            "역세권":"NA",
            "30분내 이동가능 거점":"NA",
            "1시간내 이동가능 거점":"NA",
            "교통총점":"NA",
            "백화점":0,
            "아울렛몰":0,
            "대형마트":0,
            "은행":0,
            "병원":30,
            "종합병원":100,
            "공원":100,
            "혐오시설":-50,
            "인프라총점":25.0,
            "초등학군":85.72,
            "중학군":37.44,
            "학군총점":47.096,
            "인구수":35.49,
            "인구증감":-1.97,
            "인구총점":24.252,
            "일자리":6.1,
            "소득수준":56.99,
            "일자리총점":21.367,
            "가치 총점":29.649,
            "매매실거래년":20211128.0,
            "매매실거래가":13000.0,
            "전세실거래년":20210930.0,
            "전세실거래가":13500.0,
            "전세가율":103.85,
            "장기전세가율평균":81.44,
            "전세가율거품지수":-22.41,
            "검색코드":5496,
            "세대수":192.0,
            "준공년월":"1997-11-22",
            "준공년차":26.0,
            "가까운역이름":"NA",
            "가까운역거리":"NA",
            "역세권여부":"NA",
            "30분이내주요거점역":"NA",
            "1시간이내주요거점역":"NA",
            "3km이내백화점수":0,
            "5km이내아울렛몰수":0,
            "1km이내대형먀트수":0,
            "500m이내은행수":0,
            "500m이내병원수":5,
            "5km이내대형병원수":2,
            "500m이내공원수":2,
            "3km이내혐오시설수":1,
            "초등학교학업성취도":85.72,
            "중학교학업성취도":62.4,
            "용적률":201,
            "건폐율":13,
            "Y":35.863035,
            "X":127.112535,
            "rank":141.0,
            "area_info":"23평(77.55), 33평(110.19), 45평(149.11)",
            "last_sales":"2021-11-28,13000.0,23평(77.55)"
        },
        {
            "index":268,
            "아파트명":"신동비사벌(210동)",
            "투자타입":"재건축",
            "전용면적(m2)":"81.36",
            "전용면적(평)":"24평",
            "법정동주소":"전라북도 전주시 덕진구 송천동2가 197-12",
            "도로명주소":"전라북도 전주시 덕진구 송천중앙로 212",
            "세대수":0,
            "입주년차":"--",
            "용적률점수":0,
            "건폐율점수":0,
            "세대당주차수":"--",
            "난방방식":"--",
            "공급면적":70,
            "전용률":60,
            "욕실수":"--",
            "현관타입":"--",
            "주거총점":6.5,
            "지역구공급총점":100.0,
            "역세권":"NA",
            "30분내 이동가능 거점":"NA",
            "1시간내 이동가능 거점":"NA",
            "교통총점":"NA",
            "백화점":0,
            "아울렛몰":0,
            "대형마트":80,
            "은행":0,
            "병원":60,
            "종합병원":100,
            "공원":100,
            "혐오시설":-50,
            "인프라총점":40.0,
            "초등학군":72.93,
            "중학군":37.44,
            "학군총점":44.538,
            "인구수":35.49,
            "인구증감":-1.97,
            "인구총점":24.252,
            "일자리":6.1,
            "소득수준":56.99,
            "일자리총점":21.367,
            "가치 총점":29.4095,
            "매매실거래년":20211126.0,
            "매매실거래가":11000.0,
            "전세실거래년":20211113.0,
            "전세실거래가":7000.0,
            "전세가율":87.5,
            "장기전세가율평균":81.44,
            "전세가율거품지수":-6.06,
            "검색코드":5495,
            "세대수":166.0,
            "준공년월":"1992-02-26",
            "준공년차":31.0,
            "가까운역이름":"NA",
            "가까운역거리":"NA",
            "역세권여부":"NA",
            "30분이내주요거점역":"NA",
            "1시간이내주요거점역":"NA",
            "3km이내백화점수":0,
            "5km이내아울렛몰수":0,
            "1km이내대형먀트수":1,
            "500m이내은행수":1,
            "500m이내병원수":22,
            "5km이내대형병원수":3,
            "500m이내공원수":10,
            "3km이내혐오시설수":1,
            "초등학교학업성취도":72.93,
            "중학교학업성취도":62.4,
            "용적률":0,
            "건폐율":0,
            "Y":35.865811,
            "X":127.122226,
            "rank":142.0,
            "area_info":"24평(81.36), 31평(104.05), 35평(116.25)",
            "last_sales":"2021-11-26,11000.0,31평(104.05)"
        },
        {
            "index":138,
            "아파트명":"세움펠리피아",
            "투자타입":"일반",
            "전용면적(m2)":"85.8",
            "전용면적(평)":"25평",
            "법정동주소":"전라북도 전주시 덕진구 반월동 1231",
            "도로명주소":"전라북도 전주시 덕진구 쪽구름2길 9",
            "세대수":0,
            "입주년차":80,
            "용적률점수":"--",
            "건폐율점수":"--",
            "세대당주차수":0,
            "난방방식":30,
            "공급면적":"--",
            "전용률":"--",
            "욕실수":100,
            "현관타입":100,
            "주거총점":39.0,
            "지역구공급총점":100.0,
            "역세권":"NA",
            "30분내 이동가능 거점":"NA",
            "1시간내 이동가능 거점":"NA",
            "교통총점":"NA",
            "백화점":0,
            "아울렛몰":0,
            "대형마트":0,
            "은행":0,
            "병원":60,
            "종합병원":0,
            "공원":80,
            "혐오시설":0,
            "인프라총점":8.4,
            "초등학군":90.43,
            "중학군":38.7,
            "학군총점":49.046,
            "인구수":35.49,
            "인구증감":-1.97,
            "인구총점":24.252,
            "일자리":6.1,
            "소득수준":56.99,
            "일자리총점":21.367,
            "가치 총점":29.2715,
            "매매실거래년":20211123.0,
            "매매실거래가":18200.0,
            "전세실거래년":20191226.0,
            "전세실거래가":14000.0,
            "전세가율":76.92,
            "장기전세가율평균":81.44,
            "전세가율거품지수":4.52,
            "검색코드":107847,
            "세대수":211.0,
            "준공년월":"2016-02-11",
            "준공년차":7.0,
            "가까운역이름":"NA",
            "가까운역거리":"NA",
            "역세권여부":"NA",
            "30분이내주요거점역":"NA",
            "1시간이내주요거점역":"NA",
            "3km이내백화점수":0,
            "5km이내아울렛몰수":0,
            "1km이내대형먀트수":0,
            "500m이내은행수":1,
            "500m이내병원수":21,
            "5km이내대형병원수":0,
            "500m이내공원수":1,
            "3km이내혐오시설수":0,
            "초등학교학업성취도":90.43,
            "중학교학업성취도":64.5,
            "용적률":463,
            "건폐율":55,
            "Y":35.873764,
            "X":127.075208,
            "rank":143.0,
            "area_info":"25평(85.8), 25평(85.76), 29평(97.96)",
            "last_sales":"2021-11-23,18200.0,25평(85.8)"
        },
        {
            "index":360,
            "아파트명":"동국",
            "투자타입":"일반",
            "전용면적(m2)":"79.68",
            "전용면적(평)":"24평",
            "법정동주소":"전라북도 전주시 덕진구 여의동 582-1",
            "도로명주소":"전라북도 전주시 덕진구 쪽구름로 53",
            "세대수":30,
            "입주년차":0,
            "용적률점수":"--",
            "건폐율점수":"--",
            "세대당주차수":30,
            "난방방식":30,
            "공급면적":"--",
            "전용률":"--",
            "욕실수":100,
            "현관타입":100,
            "주거총점":38.0,
            "지역구공급총점":100.0,
            "역세권":"NA",
            "30분내 이동가능 거점":"NA",
            "1시간내 이동가능 거점":"NA",
            "교통총점":"NA",
            "백화점":0,
            "아울렛몰":0,
            "대형마트":0,
            "은행":0,
            "병원":60,
            "종합병원":0,
            "공원":100,
            "혐오시설":0,
            "인프라총점":9.0,
            "초등학군":89.5,
            "중학군":38.7,
            "학군총점":48.86,
            "인구수":35.49,
            "인구증감":-1.97,
            "인구총점":24.252,
            "일자리":6.1,
            "소득수준":56.99,
            "일자리총점":21.367,
            "가치 총점":29.115,
            "매매실거래년":20210930.0,
            "매매실거래가":24250.0,
            "전세실거래년":null,
            "전세실거래가":null,
            "전세가율":null,
            "장기전세가율평균":81.44,
            "전세가율거품지수":null,
            "검색코드":5525,
            "세대수":360.0,
            "준공년월":"1998-05-30",
            "준공년차":25.0,
            "가까운역이름":"NA",
            "가까운역거리":"NA",
            "역세권여부":"NA",
            "30분이내주요거점역":"NA",
            "1시간이내주요거점역":"NA",
            "3km이내백화점수":0,
            "5km이내아울렛몰수":0,
            "1km이내대형먀트수":0,
            "500m이내은행수":1,
            "500m이내병원수":23,
            "5km이내대형병원수":0,
            "500m이내공원수":5,
            "3km이내혐오시설수":0,
            "초등학교학업성취도":89.5,
            "중학교학업성취도":64.5,
            "용적률":214,
            "건폐율":21,
            "Y":35.870734,
            "X":127.075674,
            "rank":144.0,
            "area_info":"24평(79.68), 23평(79.25), 31평(105.39), 38평(128.64), 45평(150.81)",
            "last_sales":"2021-09-30,24250.0,45평(150.81)"
        },
        {
            "index":243,
            "아파트명":"대명궁궐",
            "투자타입":"재건축",
            "전용면적(m2)":"80.11",
            "전용면적(평)":"24평",
            "법정동주소":"전라북도 전주시 덕진구 송천동2가 530-3",
            "도로명주소":"전라북도 전주시 덕진구 시천로 43",
            "세대수":50,
            "입주년차":"--",
            "용적률점수":0,
            "건폐율점수":0,
            "세대당주차수":"--",
            "난방방식":"--",
            "공급면적":50,
            "전용률":60,
            "욕실수":"--",
            "현관타입":"--",
            "주거총점":20.5,
            "지역구공급총점":100.0,
            "역세권":"NA",
            "30분내 이동가능 거점":"NA",
            "1시간내 이동가능 거점":"NA",
            "교통총점":"NA",
            "백화점":0,
            "아울렛몰":0,
            "대형마트":0,
            "은행":0,
            "병원":30,
            "종합병원":100,
            "공원":100,
            "혐오시설":-50,
            "인프라총점":25.0,
            "초등학군":85.72,
            "중학군":37.44,
            "학군총점":47.096,
            "인구수":35.49,
            "인구증감":-1.97,
            "인구총점":24.252,
            "일자리":6.1,
            "소득수준":56.99,
            "일자리총점":21.367,
            "가치 총점":28.949,
            "매매실거래년":20220104.0,
            "매매실거래가":6000.0,
            "전세실거래년":20211217.0,
            "전세실거래가":9000.0,
            "전세가율":150.0,
            "장기전세가율평균":81.44,
            "전세가율거품지수":-68.56,
            "검색코드":5467,
            "세대수":525.0,
            "준공년월":"1992-02-19",
            "준공년차":31.0,
            "가까운역이름":"NA",
            "가까운역거리":"NA",
            "역세권여부":"NA",
            "30분이내주요거점역":"NA",
            "1시간이내주요거점역":"NA",
            "3km이내백화점수":0,
            "5km이내아울렛몰수":0,
            "1km이내대형먀트수":0,
            "500m이내은행수":0,
            "500m이내병원수":6,
            "5km이내대형병원수":2,
            "500m이내공원수":4,
            "3km이내혐오시설수":1,
            "초등학교학업성취도":85.72,
            "중학교학업성취도":62.4,
            "용적률":0,
            "건폐율":0,
            "Y":35.863109,
            "X":127.113951,
            "rank":145.0,
            "area_info":"24평(80.11)",
            "last_sales":"2022-01-04,6000.0,24평(80.11)"
        },
        {
            "index":239,
            "아파트명":"현대(107-17)",
            "투자타입":"재건축",
            "전용면적(m2)":"48.26",
            "전용면적(평)":"14평",
            "법정동주소":"전라북도 전주시 덕진구 송천동1가 107-17",
            "도로명주소":"전라북도 전주시 덕진구 오송1길 13-16",
            "세대수":0,
            "입주년차":"--",
            "용적률점수":0,
            "건폐율점수":0,
            "세대당주차수":"--",
            "난방방식":"--",
            "공급면적":50,
            "전용률":80,
            "욕실수":"--",
            "현관타입":"--",
            "주거총점":6.5,
            "지역구공급총점":100.0,
            "역세권":"NA",
            "30분내 이동가능 거점":"NA",
            "1시간내 이동가능 거점":"NA",
            "교통총점":"NA",
            "백화점":0,
            "아울렛몰":0,
            "대형마트":0,
            "은행":0,
            "병원":60,
            "종합병원":100,
            "공원":100,
            "혐오시설":0,
            "인프라총점":29.0,
            "초등학군":90.24,
            "중학군":52.36,
            "학군총점":59.936,
            "인구수":35.49,
            "인구증감":-1.97,
            "인구총점":24.252,
            "일자리":6.1,
            "소득수준":56.99,
            "일자리총점":21.367,
            "가치 총점":28.859,
            "매매실거래년":20211110.0,
            "매매실거래가":8400.0,
            "전세실거래년":20181029.0,
            "전세실거래가":4500.0,
            "전세가율":53.57,
            "장기전세가율평균":81.44,
            "전세가율거품지수":27.87,
            "검색코드":109637,
            "세대수":118.0,
            "준공년월":"1989-07-10",
            "준공년차":34.0,
            "가까운역이름":"NA",
            "가까운역거리":"NA",
            "역세권여부":"NA",
            "30분이내주요거점역":"NA",
            "1시간이내주요거점역":"NA",
            "3km이내백화점수":0,
            "5km이내아울렛몰수":0,
            "1km이내대형먀트수":0,
            "500m이내은행수":0,
            "500m이내병원수":27,
            "5km이내대형병원수":3,
            "500m이내공원수":3,
            "3km이내혐오시설수":0,
            "초등학교학업성취도":90.24,
            "중학교학업성취도":86.2,
            "용적률":0,
            "건폐율":0,
            "Y":35.8642,
            "X":127.128854,
            "rank":146.0,
            "area_info":"14평(48.26)",
            "last_sales":"2021-11-10,8400.0,14평(48.26)"
        },
        {
            "index":125,
            "아파트명":"대창하이빌타운",
            "투자타입":"일반",
            "전용면적(m2)":"42.03",
            "전용면적(평)":"12평",
            "법정동주소":"전라북도 전주시 덕진구 반월동 422-1",
            "도로명주소":"전라북도 전주시 덕진구 반월4길 15",
            "세대수":80,
            "입주년차":0,
            "용적률점수":"--",
            "건폐율점수":"--",
            "세대당주차수":0,
            "난방방식":30,
            "공급면적":"--",
            "전용률":"--",
            "욕실수":50,
            "현관타입":100,
            "주거총점":46.0,
            "지역구공급총점":100.0,
            "역세권":"NA",
            "30분내 이동가능 거점":"NA",
            "1시간내 이동가능 거점":"NA",
            "교통총점":"NA",
            "백화점":0,
            "아울렛몰":0,
            "대형마트":0,
            "은행":0,
            "병원":10,
            "종합병원":0,
            "공원":0,
            "혐오시설":0,
            "인프라총점":1.0,
            "초등학군":90.43,
            "중학군":38.7,
            "학군총점":49.046,
            "인구수":35.49,
            "인구증감":-1.97,
            "인구총점":24.252,
            "일자리":6.1,
            "소득수준":56.99,
            "일자리총점":21.367,
            "가치 총점":28.7615,
            "매매실거래년":20220111.0,
            "매매실거래가":3000.0,
            "전세실거래년":20211130.0,
            "전세실거래가":2500.0,
            "전세가율":83.33,
            "장기전세가율평균":81.44,
            "전세가율거품지수":-1.89,
            "검색코드":108982,
            "세대수":835.0,
            "준공년월":"1998-01-20",
            "준공년차":25.0,
            "가까운역이름":"NA",
            "가까운역거리":"NA",
            "역세권여부":"NA",
            "30분이내주요거점역":"NA",
            "1시간이내주요거점역":"NA",
            "3km이내백화점수":0,
            "5km이내아울렛몰수":0,
            "1km이내대형먀트수":0,
            "500m이내은행수":1,
            "500m이내병원수":3,
            "5km이내대형병원수":0,
            "500m이내공원수":0,
            "3km이내혐오시설수":0,
            "초등학교학업성취도":90.43,
            "중학교학업성취도":64.5,
            "용적률":296,
            "건폐율":27,
            "Y":35.87527,
            "X":127.071358,
            "rank":147.0,
            "area_info":"12평(42.03)",
            "last_sales":"2022-01-11,3000.0,12평(42.03)"
        },
        {
            "index":425,
            "아파트명":"기린",
            "투자타입":"재건축",
            "전용면적(m2)":"53.0",
            "전용면적(평)":"16평",
            "법정동주소":"전라북도 전주시 덕진구 인후동1가 530-1",
            "도로명주소":"전라북도 전주시 덕진구 진버들1길 63",
            "세대수":0,
            "입주년차":"--",
            "용적률점수":0,
            "건폐율점수":0,
            "세대당주차수":"--",
            "난방방식":"--",
            "공급면적":50,
            "전용률":100,
            "욕실수":"--",
            "현관타입":"--",
            "주거총점":7.5,
            "지역구공급총점":100.0,
            "역세권":"NA",
            "30분내 이동가능 거점":"NA",
            "1시간내 이동가능 거점":"NA",
            "교통총점":"NA",
            "백화점":0,
            "아울렛몰":0,
            "대형마트":0,
            "은행":0,
            "병원":60,
            "종합병원":100,
            "공원":100,
            "혐오시설":0,
            "인프라총점":29.0,
            "초등학군":87.76,
            "중학군":46.96,
            "학군총점":55.12,
            "인구수":35.49,
            "인구증감":-1.97,
            "인구총점":24.252,
            "일자리":6.1,
            "소득수준":56.99,
            "일자리총점":21.367,
            "가치 총점":28.005,
            "매매실거래년":20211218.0,
            "매매실거래가":5500.0,
            "전세실거래년":20210828.0,
            "전세실거래가":3000.0,
            "전세가율":54.55,
            "장기전세가율평균":81.44,
            "전세가율거품지수":26.89,
            "검색코드":122941,
            "세대수":100.0,
            "준공년월":"1978-11-02",
            "준공년차":45.0,
            "가까운역이름":"NA",
            "가까운역거리":"NA",
            "역세권여부":"NA",
            "30분이내주요거점역":"NA",
            "1시간이내주요거점역":"NA",
            "3km이내백화점수":0,
            "5km이내아울렛몰수":0,
            "1km이내대형먀트수":0,
            "500m이내은행수":1,
            "500m이내병원수":16,
            "5km이내대형병원수":5,
            "500m이내공원수":4,
            "3km이내혐오시설수":0,
            "초등학교학업성취도":87.76,
            "중학교학업성취도":77.0,
            "용적률":0,
            "건폐율":0,
            "Y":35.837912,
            "X":127.163411,
            "rank":148.0,
            "area_info":"16평(53.0), 17평(57.4)",
            "last_sales":"2021-12-18,5500.0,16평(53.0)"
        },
        {
            "index":145,
            "아파트명":"월드컵이지움",
            "투자타입":"일반",
            "전용면적(m2)":"86.81",
            "전용면적(평)":"26평",
            "법정동주소":"전라북도 전주시 덕진구 반월동 1230",
            "도로명주소":"전라북도 전주시 덕진구 반월로 32",
            "세대수":0,
            "입주년차":80,
            "용적률점수":"--",
            "건폐율점수":"--",
            "세대당주차수":30,
            "난방방식":30,
            "공급면적":"--",
            "전용률":"--",
            "욕실수":100,
            "현관타입":100,
            "주거총점":43.5,
            "지역구공급총점":100.0,
            "역세권":"NA",
            "30분내 이동가능 거점":"NA",
            "1시간내 이동가능 거점":"NA",
            "교통총점":"NA",
            "백화점":0,
            "아울렛몰":0,
            "대형마트":0,
            "은행":0,
            "병원":10,
            "종합병원":0,
            "공원":0,
            "혐오시설":0,
            "인프라총점":1.0,
            "초등학군":90.43,
            "중학군":38.7,
            "학군총점":49.046,
            "인구수":35.49,
            "인구증감":-1.97,
            "인구총점":24.252,
            "일자리":6.1,
            "소득수준":56.99,
            "일자리총점":21.367,
            "가치 총점":27.8865,
            "매매실거래년":20220101.0,
            "매매실거래가":17200.0,
            "전세실거래년":20211126.0,
            "전세실거래가":15500.0,
            "전세가율":90.12,
            "장기전세가율평균":81.44,
            "전세가율거품지수":-8.68,
            "검색코드":107112,
            "세대수":210.0,
            "준공년월":"2015-03-19",
            "준공년차":8.0,
            "가까운역이름":"NA",
            "가까운역거리":"NA",
            "역세권여부":"NA",
            "30분이내주요거점역":"NA",
            "1시간이내주요거점역":"NA",
            "3km이내백화점수":0,
            "5km이내아울렛몰수":0,
            "1km이내대형먀트수":0,
            "500m이내은행수":1,
            "500m이내병원수":3,
            "5km이내대형병원수":0,
            "500m이내공원수":0,
            "3km이내혐오시설수":0,
            "초등학교학업성취도":90.43,
            "중학교학업성취도":64.5,
            "용적률":217,
            "건폐율":20,
            "Y":35.874839,
            "X":127.069213,
            "rank":149.0,
            "area_info":"26평(86.81), 26평(86.81), 26평(87.56), 26평(88.33)",
            "last_sales":"2022-01-01,17200.0,26평(86.81)"
        },
        {
            "index":126,
            "아파트명":"반월동광신프로그레스",
            "투자타입":"일반",
            "전용면적(m2)":"69.66",
            "전용면적(평)":"21평",
            "법정동주소":"전라북도 전주시 덕진구 반월동 1242",
            "도로명주소":"전라북도 전주시 덕진구 반월로 26",
            "세대수":0,
            "입주년차":100,
            "용적률점수":"--",
            "건폐율점수":"--",
            "세대당주차수":30,
            "난방방식":30,
            "공급면적":"--",
            "전용률":"--",
            "욕실수":50,
            "현관타입":100,
            "주거총점":42.5,
            "지역구공급총점":100.0,
            "역세권":"NA",
            "30분내 이동가능 거점":"NA",
            "1시간내 이동가능 거점":"NA",
            "교통총점":"NA",
            "백화점":0,
            "아울렛몰":0,
            "대형마트":0,
            "은행":0,
            "병원":10,
            "종합병원":0,
            "공원":0,
            "혐오시설":0,
            "인프라총점":1.0,
            "초등학군":90.43,
            "중학군":38.7,
            "학군총점":49.046,
            "인구수":35.49,
            "인구증감":-1.97,
            "인구총점":24.252,
            "일자리":6.1,
            "소득수준":56.99,
            "일자리총점":21.367,
            "가치 총점":27.5365,
            "매매실거래년":20200806.0,
            "매매실거래가":18980.0,
            "전세실거래년":null,
            "전세실거래가":null,
            "전세가율":null,
            "장기전세가율평균":81.44,
            "전세가율거품지수":null,
            "검색코드":126137,
            "세대수":188.0,
            "준공년월":"2020-07-01",
            "준공년차":3.0,
            "가까운역이름":"NA",
            "가까운역거리":"NA",
            "역세권여부":"NA",
            "30분이내주요거점역":"NA",
            "1시간이내주요거점역":"NA",
            "3km이내백화점수":0,
            "5km이내아울렛몰수":0,
            "1km이내대형먀트수":0,
            "500m이내은행수":1,
            "500m이내병원수":2,
            "5km이내대형병원수":0,
            "500m이내공원수":0,
            "3km이내혐오시설수":0,
            "초등학교학업성취도":90.43,
            "중학교학업성취도":64.5,
            "용적률":0,
            "건폐율":0,
            "Y":35.874624,
            "X":127.068509,
            "rank":150.0,
            "area_info":"21평(69.66), 21평(69.65), 25평(82.67), 25평(82.67)",
            "last_sales":"2020-08-06,18980.0,25평(82.67)"
        },
        {
            "index":0,
            "아파트명":"고랑노블레스더센텀",
            "투자타입":"일반",
            "전용면적(m2)":"84.32",
            "전용면적(평)":"25평",
            "법정동주소":"전라북도 전주시 덕진구 고랑동 1224",
            "도로명주소":"전라북도 전주시 덕진구 여산로 253",
            "세대수":0,
            "입주년차":80,
            "용적률점수":"--",
            "건폐율점수":"--",
            "세대당주차수":30,
            "난방방식":30,
            "공급면적":"--",
            "전용률":"--",
            "욕실수":100,
            "현관타입":100,
            "주거총점":43.5,
            "지역구공급총점":100.0,
            "역세권":"NA",
            "30분내 이동가능 거점":"NA",
            "1시간내 이동가능 거점":"NA",
            "교통총점":"NA",
            "백화점":0,
            "아울렛몰":0,
            "대형마트":0,
            "은행":0,
            "병원":0,
            "종합병원":0,
            "공원":0,
            "혐오시설":0,
            "인프라총점":0.0,
            "초등학군":89.5,
            "중학군":38.7,
            "학군총점":48.86,
            "인구수":35.49,
            "인구증감":-1.97,
            "인구총점":24.252,
            "일자리":6.1,
            "소득수준":56.99,
            "일자리총점":21.367,
            "가치 총점":27.44,
            "매매실거래년":20211217.0,
            "매매실거래가":16000.0,
            "전세실거래년":20201231.0,
            "전세실거래가":15000.0,
            "전세가율":93.75,
            "장기전세가율평균":81.44,
            "전세가율거품지수":-12.31,
            "검색코드":108765,
            "세대수":260.0,
            "준공년월":"2016-09-06",
            "준공년차":7.0,
            "가까운역이름":"NA",
            "가까운역거리":"NA",
            "역세권여부":"NA",
            "30분이내주요거점역":"NA",
            "1시간이내주요거점역":"NA",
            "3km이내백화점수":0,
            "5km이내아울렛몰수":0,
            "1km이내대형먀트수":0,
            "500m이내은행수":0,
            "500m이내병원수":1,
            "5km이내대형병원수":0,
            "500m이내공원수":0,
            "3km이내혐오시설수":0,
            "초등학교학업성취도":89.5,
            "중학교학업성취도":64.5,
            "용적률":228,
            "건폐율":19,
            "Y":35.875037,
            "X":127.083969,
            "rank":151.0,
            "area_info":"25평(84.32), 25평(84.45), 25평(84.77)",
            "last_sales":"2021-12-17,16000.0,25평(84.32)"
        },
        {
            "index":586,
            "아파트명":"동신3차",
            "투자타입":"일반",
            "전용면적(m2)":"51.35",
            "전용면적(평)":"15평",
            "법정동주소":"전라북도 전주시 덕진구 호성동1가 749",
            "도로명주소":"전라북도 전주시 덕진구 동부대로 785",
            "세대수":0,
            "입주년차":0,
            "용적률점수":"--",
            "건폐율점수":"--",
            "세대당주차수":0,
            "난방방식":30,
            "공급면적":"--",
            "전용률":"--",
            "욕실수":50,
            "현관타입":10,
            "주거총점":9.0,
            "지역구공급총점":100.0,
            "역세권":"NA",
            "30분내 이동가능 거점":"NA",
            "1시간내 이동가능 거점":"NA",
            "교통총점":"NA",
            "백화점":0,
            "아울렛몰":0,
            "대형마트":0,
            "은행":0,
            "병원":60,
            "종합병원":100,
            "공원":100,
            "혐오시설":0,
            "인프라총점":29.0,
            "초등학군":87.3,
            "중학군":40.6,
            "학군총점":49.94,
            "인구수":35.49,
            "인구증감":-1.97,
            "인구총점":24.252,
            "일자리":6.1,
            "소득수준":56.99,
            "일자리총점":21.367,
            "가치 총점":27.235,
            "매매실거래년":20211231.0,
            "매매실거래가":18300.0,
            "전세실거래년":20210523.0,
            "전세실거래가":5500.0,
            "전세가율":91.67,
            "장기전세가율평균":81.44,
            "전세가율거품지수":-10.23,
            "검색코드":15044,
            "세대수":248.0,
            "준공년월":"1994-05-30",
            "준공년차":29.0,
            "가까운역이름":"NA",
            "가까운역거리":"NA",
            "역세권여부":"NA",
            "30분이내주요거점역":"NA",
            "1시간이내주요거점역":"NA",
            "3km이내백화점수":0,
            "5km이내아울렛몰수":0,
            "1km이내대형먀트수":0,
            "500m이내은행수":1,
            "500m이내병원수":10,
            "5km이내대형병원수":3,
            "500m이내공원수":2,
            "3km이내혐오시설수":0,
            "초등학교학업성취도":87.3,
            "중학교학업성취도":66.0,
            "용적률":277,
            "건폐율":25,
            "Y":35.85746,
            "X":127.15561,
            "rank":152.0,
            "area_info":"15평(51.35), 24평(79.83), 29평(97.49), 32평(106.54), 43평(143.45)",
            "last_sales":"2021-12-31,18300.0,43평(143.45)"
        },
        {
            "index":598,
            "아파트명":"우신호성",
            "투자타입":"재건축",
            "전용면적(m2)":"71.44",
            "전용면적(평)":"21평",
            "법정동주소":"전라북도 전주시 덕진구 호성동1가 749-2",
            "도로명주소":"전라북도 전주시 덕진구 호성1길 16",
            "세대수":0,
            "입주년차":"--",
            "용적률점수":0,
            "건폐율점수":0,
            "세대당주차수":"--",
            "난방방식":"--",
            "공급면적":50,
            "전용률":80,
            "욕실수":"--",
            "현관타입":"--",
            "주거총점":6.5,
            "지역구공급총점":100.0,
            "역세권":"NA",
            "30분내 이동가능 거점":"NA",
            "1시간내 이동가능 거점":"NA",
            "교통총점":"NA",
            "백화점":0,
            "아울렛몰":0,
            "대형마트":0,
            "은행":0,
            "병원":60,
            "종합병원":100,
            "공원":100,
            "혐오시설":0,
            "인프라총점":29.0,
            "초등학군":87.3,
            "중학군":44.82,
            "학군총점":53.316,
            "인구수":35.49,
            "인구증감":-1.97,
            "인구총점":24.252,
            "일자리":6.1,
            "소득수준":56.99,
            "일자리총점":21.367,
            "가치 총점":27.204,
            "매매실거래년":20211126.0,
            "매매실거래가":8000.0,
            "전세실거래년":20200806.0,
            "전세실거래가":6000.0,
            "전세가율":66.67,
            "장기전세가율평균":81.44,
            "전세가율거품지수":14.77,
            "검색코드":5785,
            "세대수":244.0,
            "준공년월":"1989-07-07",
            "준공년차":34.0,
            "가까운역이름":"NA",
            "가까운역거리":"NA",
            "역세권여부":"NA",
            "30분이내주요거점역":"NA",
            "1시간이내주요거점역":"NA",
            "3km이내백화점수":0,
            "5km이내아울렛몰수":0,
            "1km이내대형먀트수":0,
            "500m이내은행수":1,
            "500m이내병원수":11,
            "5km이내대형병원수":3,
            "500m이내공원수":2,
            "3km이내혐오시설수":0,
            "초등학교학업성취도":87.3,
            "중학교학업성취도":74.7,
            "용적률":0,
            "건폐율":0,
            "Y":35.8571,
            "X":127.154396,
            "rank":153.0,
            "area_info":"21평(71.44), 23평(76.1)",
            "last_sales":"2021-11-26,8000.0,23평(76.1)"
        },
        {
            "index":600,
            "아파트명":"유원파크맨션",
            "투자타입":"재건축",
            "전용면적(m2)":"101.78",
            "전용면적(평)":"30평",
            "법정동주소":"전라북도 전주시 덕진구 호성동1가 792",
            "도로명주소":"전라북도 전주시 덕진구 소리로 191",
            "세대수":0,
            "입주년차":"--",
            "용적률점수":0,
            "건폐율점수":0,
            "세대당주차수":"--",
            "난방방식":"--",
            "공급면적":90,
            "전용률":80,
            "욕실수":"--",
            "현관타입":"--",
            "주거총점":8.5,
            "지역구공급총점":100.0,
            "역세권":"NA",
            "30분내 이동가능 거점":"NA",
            "1시간내 이동가능 거점":"NA",
            "교통총점":"NA",
            "백화점":0,
            "아울렛몰":0,
            "대형마트":0,
            "은행":0,
            "병원":60,
            "종합병원":100,
            "공원":0,
            "혐오시설":0,
            "인프라총점":26.0,
            "초등학군":87.3,
            "중학군":44.82,
            "학군총점":53.316,
            "인구수":35.49,
            "인구증감":-1.97,
            "인구총점":24.252,
            "일자리":6.1,
            "소득수준":56.99,
            "일자리총점":21.367,
            "가치 총점":26.704,
            "매매실거래년":20220113.0,
            "매매실거래가":17100.0,
            "전세실거래년":20210828.0,
            "전세실거래가":13000.0,
            "전세가율":83.87,
            "장기전세가율평균":81.44,
            "전세가율거품지수":-2.43,
            "검색코드":5787,
            "세대수":220.0,
            "준공년월":"1991-07-23",
            "준공년차":32.0,
            "가까운역이름":"NA",
            "가까운역거리":"NA",
            "역세권여부":"NA",
            "30분이내주요거점역":"NA",
            "1시간이내주요거점역":"NA",
            "3km이내백화점수":0,
            "5km이내아울렛몰수":0,
            "1km이내대형먀트수":0,
            "500m이내은행수":1,
            "500m이내병원수":16,
            "5km이내대형병원수":3,
            "500m이내공원수":0,
            "3km이내혐오시설수":0,
            "초등학교학업성취도":87.3,
            "중학교학업성취도":74.7,
            "용적률":0,
            "건폐율":0,
            "Y":35.85873,
            "X":127.15318,
            "rank":154.0,
            "area_info":"30평(101.78), 30평(102.41), 44평(148.57)",
            "last_sales":"2022-01-13,17100.0,44평(148.57)"
        },
        {
            "index":613,
            "아파트명":"호성신동아",
            "투자타입":"재건축",
            "전용면적(m2)":"73.79",
            "전용면적(평)":"22평",
            "법정동주소":"전라북도 전주시 덕진구 호성동1가 749-14",
            "도로명주소":"전라북도 전주시 덕진구 호성1길 30",
            "세대수":0,
            "입주년차":"--",
            "용적률점수":0,
            "건폐율점수":0,
            "세대당주차수":"--",
            "난방방식":"--",
            "공급면적":50,
            "전용률":60,
            "욕실수":"--",
            "현관타입":"--",
            "주거총점":5.5,
            "지역구공급총점":100.0,
            "역세권":"NA",
            "30분내 이동가능 거점":"NA",
            "1시간내 이동가능 거점":"NA",
            "교통총점":"NA",
            "백화점":0,
            "아울렛몰":0,
            "대형마트":0,
            "은행":0,
            "병원":60,
            "종합병원":100,
            "공원":80,
            "혐오시설":0,
            "인프라총점":28.4,
            "초등학군":87.3,
            "중학군":44.82,
            "학군총점":53.316,
            "인구수":35.49,
            "인구증감":-1.97,
            "인구총점":24.252,
            "일자리":6.1,
            "소득수준":56.99,
            "일자리총점":21.367,
            "가치 총점":26.614,
            "매매실거래년":20211021.0,
            "매매실거래가":7450.0,
            "전세실거래년":20210615.0,
            "전세실거래가":7000.0,
            "전세가율":93.96,
            "장기전세가율평균":81.44,
            "전세가율거품지수":-12.52,
            "검색코드":101167,
            "세대수":165.0,
            "준공년월":"1990-11-13",
            "준공년차":33.0,
            "가까운역이름":"NA",
            "가까운역거리":"NA",
            "역세권여부":"NA",
            "30분이내주요거점역":"NA",
            "1시간이내주요거점역":"NA",
            "3km이내백화점수":0,
            "5km이내아울렛몰수":0,
            "1km이내대형먀트수":0,
            "500m이내은행수":1,
            "500m이내병원수":17,
            "5km이내대형병원수":3,
            "500m이내공원수":1,
            "3km이내혐오시설수":0,
            "초등학교학업성취도":87.3,
            "중학교학업성취도":74.7,
            "용적률":0,
            "건폐율":0,
            "Y":35.857219,
            "X":127.15331,
            "rank":155.0,
            "area_info":"22평(73.79), 23평(76.26)",
            "last_sales":"2021-10-21,7450.0,22평(73.79)"
        },
        {
            "index":253,
            "아파트명":"송천시영",
            "투자타입":"일반",
            "전용면적(m2)":"67.11",
            "전용면적(평)":"20평",
            "법정동주소":"전라북도 전주시 덕진구 송천동2가 1221",
            "도로명주소":"전라북도 전주시 덕진구 와룡로 100",
            "세대수":30,
            "입주년차":0,
            "용적률점수":"--",
            "건폐율점수":"--",
            "세대당주차수":0,
            "난방방식":30,
            "공급면적":"--",
            "전용률":"--",
            "욕실수":50,
            "현관타입":10,
            "주거총점":19.5,
            "지역구공급총점":100.0,
            "역세권":"NA",
            "30분내 이동가능 거점":"NA",
            "1시간내 이동가능 거점":"NA",
            "교통총점":"NA",
            "백화점":0,
            "아울렛몰":0,
            "대형마트":0,
            "은행":0,
            "병원":0,
            "종합병원":100,
            "공원":0,
            "혐오시설":-50,
            "인프라총점":19.0,
            "초등학군":85.72,
            "중학군":37.44,
            "학군총점":47.096,
            "인구수":35.49,
            "인구증감":-1.97,
            "인구총점":24.252,
            "일자리":6.1,
            "소득수준":56.99,
            "일자리총점":21.367,
            "가치 총점":26.199,
            "매매실거래년":20211221.0,
            "매매실거래가":7450.0,
            "전세실거래년":20211120.0,
            "전세실거래가":7000.0,
            "전세가율":93.96,
            "장기전세가율평균":81.44,
            "전세가율거품지수":-12.52,
            "검색코드":15035,
            "세대수":360.0,
            "준공년월":"1994-10-31",
            "준공년차":29.0,
            "가까운역이름":"NA",
            "가까운역거리":"NA",
            "역세권여부":"NA",
            "30분이내주요거점역":"NA",
            "1시간이내주요거점역":"NA",
            "3km이내백화점수":0,
            "5km이내아울렛몰수":0,
            "1km이내대형먀트수":0,
            "500m이내은행수":0,
            "500m이내병원수":1,
            "5km이내대형병원수":2,
            "500m이내공원수":0,
            "3km이내혐오시설수":1,
            "초등학교학업성취도":85.72,
            "중학교학업성취도":62.4,
            "용적률":226,
            "건폐율":20,
            "Y":35.868732,
            "X":127.112648,
            "rank":156.0,
            "area_info":"20평(67.11)",
            "last_sales":"2021-12-21,7450.0,20평(67.11)"
        },
        {
            "index":357,
            "아파트명":"공영(푸른솔)",
            "투자타입":"일반",
            "전용면적(m2)":"60.55",
            "전용면적(평)":"18평",
            "법정동주소":"전라북도 전주시 덕진구 여의동 639-2",
            "도로명주소":"전라북도 전주시 덕진구 기린대로 1018-7",
            "세대수":50,
            "입주년차":0,
            "용적률점수":"--",
            "건폐율점수":"--",
            "세대당주차수":0,
            "난방방식":30,
            "공급면적":"--",
            "전용률":"--",
            "욕실수":50,
            "현관타입":10,
            "주거총점":26.5,
            "지역구공급총점":100.0,
            "역세권":"NA",
            "30분내 이동가능 거점":"NA",
            "1시간내 이동가능 거점":"NA",
            "교통총점":"NA",
            "백화점":0,
            "아울렛몰":0,
            "대형마트":0,
            "은행":0,
            "병원":60,
            "종합병원":0,
            "공원":100,
            "혐오시설":0,
            "인프라총점":9.0,
            "초등학군":89.5,
            "중학군":38.7,
            "학군총점":48.86,
            "인구수":35.49,
            "인구증감":-1.97,
            "인구총점":24.252,
            "일자리":6.1,
            "소득수준":56.99,
            "일자리총점":21.367,
            "가치 총점":25.09,
            "매매실거래년":20211212.0,
            "매매실거래가":7300.0,
            "전세실거래년":20200629.0,
            "전세실거래가":3000.0,
            "전세가율":57.69,
            "장기전세가율평균":81.44,
            "전세가율거품지수":23.75,
            "검색코드":5523,
            "세대수":500.0,
            "준공년월":"1993-04-30",
            "준공년차":30.0,
            "가까운역이름":"NA",
            "가까운역거리":"NA",
            "역세권여부":"NA",
            "30분이내주요거점역":"NA",
            "1시간이내주요거점역":"NA",
            "3km이내백화점수":0,
            "5km이내아울렛몰수":0,
            "1km이내대형먀트수":0,
            "500m이내은행수":1,
            "500m이내병원수":20,
            "5km이내대형병원수":0,
            "500m이내공원수":4,
            "3km이내혐오시설수":0,
            "초등학교학업성취도":89.5,
            "중학교학업성취도":64.5,
            "용적률":195,
            "건폐율":16,
            "Y":35.868646,
            "X":127.074879,
            "rank":157.0,
            "area_info":"18평(60.55), 22평(74.84), 22평(74.81)",
            "last_sales":"2021-12-12,7300.0,22평(74.84)"
        },
        {
            "index":135,
            "아파트명":"삼오",
            "투자타입":"일반",
            "전용면적(m2)":"76.14",
            "전용면적(평)":"23평",
            "법정동주소":"전라북도 전주시 덕진구 반월동 374-4",
            "도로명주소":"전라북도 전주시 덕진구 반월5길 8",
            "세대수":50,
            "입주년차":0,
            "용적률점수":"--",
            "건폐율점수":"--",
            "세대당주차수":0,
            "난방방식":30,
            "공급면적":"--",
            "전용률":"--",
            "욕실수":50,
            "현관타입":100,
            "주거총점":35.5,
            "지역구공급총점":100.0,
            "역세권":"NA",
            "30분내 이동가능 거점":"NA",
            "1시간내 이동가능 거점":"NA",
            "교통총점":"NA",
            "백화점":0,
            "아울렛몰":0,
            "대형마트":0,
            "은행":0,
            "병원":10,
            "종합병원":0,
            "공원":0,
            "혐오시설":0,
            "인프라총점":1.0,
            "초등학군":90.43,
            "중학군":38.7,
            "학군총점":49.046,
            "인구수":35.49,
            "인구증감":-1.97,
            "인구총점":24.252,
            "일자리":6.1,
            "소득수준":56.99,
            "일자리총점":21.367,
            "가치 총점":25.0865,
            "매매실거래년":20211123.0,
            "매매실거래가":18900.0,
            "전세실거래년":20210305.0,
            "전세실거래가":6000.0,
            "전세가율":86.33,
            "장기전세가율평균":81.44,
            "전세가율거품지수":-4.89,
            "검색코드":5297,
            "세대수":418.0,
            "준공년월":"1996-02-24",
            "준공년차":27.0,
            "가까운역이름":"NA",
            "가까운역거리":"NA",
            "역세권여부":"NA",
            "30분이내주요거점역":"NA",
            "1시간이내주요거점역":"NA",
            "3km이내백화점수":0,
            "5km이내아울렛몰수":0,
            "1km이내대형먀트수":0,
            "500m이내은행수":1,
            "500m이내병원수":3,
            "5km이내대형병원수":0,
            "500m이내공원수":0,
            "3km이내혐오시설수":0,
            "초등학교학업성취도":90.43,
            "중학교학업성취도":64.5,
            "용적률":265,
            "건폐율":21,
            "Y":35.873017,
            "X":127.069048,
            "rank":158.0,
            "area_info":"23평(76.14), 32평(107.32), 48평(161.27)",
            "last_sales":"2021-11-23,18900.0,48평(161.27)"
        },
        {
            "index":124,
            "아파트명":"남양반월타운",
            "투자타입":"일반",
            "전용면적(m2)":"84.86",
            "전용면적(평)":"25평",
            "법정동주소":"전라북도 전주시 덕진구 반월동 382",
            "도로명주소":"전라북도 전주시 덕진구 쪽구름로 123",
            "세대수":50,
            "입주년차":0,
            "용적률점수":"--",
            "건폐율점수":"--",
            "세대당주차수":0,
            "난방방식":30,
            "공급면적":"--",
            "전용률":"--",
            "욕실수":50,
            "현관타입":10,
            "주거총점":26.5,
            "지역구공급총점":100.0,
            "역세권":"NA",
            "30분내 이동가능 거점":"NA",
            "1시간내 이동가능 거점":"NA",
            "교통총점":"NA",
            "백화점":0,
            "아울렛몰":0,
            "대형마트":0,
            "은행":0,
            "병원":60,
            "종합병원":0,
            "공원":80,
            "혐오시설":0,
            "인프라총점":8.4,
            "초등학군":90.43,
            "중학군":38.7,
            "학군총점":49.046,
            "인구수":35.49,
            "인구증감":-1.97,
            "인구총점":24.252,
            "일자리":6.1,
            "소득수준":56.99,
            "일자리총점":21.367,
            "가치 총점":24.8965,
            "매매실거래년":20211202.0,
            "매매실거래가":9100.0,
            "전세실거래년":20211007.0,
            "전세실거래가":7600.0,
            "전세가율":83.52,
            "장기전세가율평균":81.44,
            "전세가율거품지수":-2.08,
            "검색코드":15019,
            "세대수":486.0,
            "준공년월":"1997-01-30",
            "준공년차":26.0,
            "가까운역이름":"NA",
            "가까운역거리":"NA",
            "역세권여부":"NA",
            "30분이내주요거점역":"NA",
            "1시간이내주요거점역":"NA",
            "3km이내백화점수":0,
            "5km이내아울렛몰수":0,
            "1km이내대형먀트수":0,
            "500m이내은행수":1,
            "500m이내병원수":11,
            "5km이내대형병원수":0,
            "500m이내공원수":1,
            "3km이내혐오시설수":0,
            "초등학교학업성취도":90.43,
            "중학교학업성취도":64.5,
            "용적률":239,
            "건폐율":19,
            "Y":35.872981,
            "X":127.071318,
            "rank":159.0,
            "area_info":"25평(84.86)",
            "last_sales":"2021-12-02,9100.0,25평(84.86)"
        },
        {
            "index":430,
            "아파트명":"동진",
            "투자타입":"재건축",
            "전용면적(m2)":"73.74",
            "전용면적(평)":"22평",
            "법정동주소":"전라북도 전주시 덕진구 인후동1가 226-2",
            "도로명주소":"전라북도 전주시 덕진구 인후3길 40-25",
            "세대수":0,
            "입주년차":"--",
            "용적률점수":0,
            "건폐율점수":0,
            "세대당주차수":"--",
            "난방방식":"--",
            "공급면적":50,
            "전용률":100,
            "욕실수":"--",
            "현관타입":"--",
            "주거총점":7.5,
            "지역구공급총점":100.0,
            "역세권":"NA",
            "30분내 이동가능 거점":"NA",
            "1시간내 이동가능 거점":"NA",
            "교통총점":"NA",
            "백화점":0,
            "아울렛몰":0,
            "대형마트":0,
            "은행":20,
            "병원":60,
            "종합병원":100,
            "공원":100,
            "혐오시설":0,
            "인프라총점":31.0,
            "초등학군":87.76,
            "중학군":25.74,
            "학군총점":38.144,
            "인구수":35.49,
            "인구증감":-1.97,
            "인구총점":24.252,
            "일자리":6.1,
            "소득수준":56.99,
            "일자리총점":21.367,
            "가치 총점":24.561,
            "매매실거래년":20211105.0,
            "매매실거래가":6700.0,
            "전세실거래년":20211229.0,
            "전세실거래가":4000.0,
            "전세가율":59.7,
            "장기전세가율평균":81.44,
            "전세가율거품지수":21.74,
            "검색코드":103742,
            "세대수":190.0,
            "준공년월":"1981-12-31",
            "준공년차":42.0,
            "가까운역이름":"NA",
            "가까운역거리":"NA",
            "역세권여부":"NA",
            "30분이내주요거점역":"NA",
            "1시간이내주요거점역":"NA",
            "3km이내백화점수":0,
            "5km이내아울렛몰수":0,
            "1km이내대형먀트수":0,
            "500m이내은행수":2,
            "500m이내병원수":21,
            "5km이내대형병원수":5,
            "500m이내공원수":3,
            "3km이내혐오시설수":0,
            "초등학교학업성취도":87.76,
            "중학교학업성취도":42.9,
            "용적률":0,
            "건폐율":0,
            "Y":35.832862,
            "X":127.156679,
            "rank":160.0,
            "area_info":"22평(73.74), 24평(79.92), 26평(86.46), 27평(91.44)",
            "last_sales":"2021-11-05,6700.0,22평(73.74)"
        },
        {
            "index":141,
            "아파트명":"영무예다음",
            "투자타입":"일반",
            "전용면적(m2)":"86.68",
            "전용면적(평)":"26평",
            "법정동주소":"전라북도 전주시 덕진구 반월동 217-4",
            "도로명주소":"전라북도 전주시 덕진구 반월4길 16",
            "세대수":0,
            "입주년차":40,
            "용적률점수":"--",
            "건폐율점수":"--",
            "세대당주차수":30,
            "난방방식":30,
            "공급면적":"--",
            "전용률":"--",
            "욕실수":50,
            "현관타입":100,
            "주거총점":30.5,
            "지역구공급총점":100.0,
            "역세권":"NA",
            "30분내 이동가능 거점":"NA",
            "1시간내 이동가능 거점":"NA",
            "교통총점":"NA",
            "백화점":0,
            "아울렛몰":0,
            "대형마트":0,
            "은행":0,
            "병원":30,
            "종합병원":0,
            "공원":0,
            "혐오시설":0,
            "인프라총점":3.0,
            "초등학군":90.43,
            "중학군":38.7,
            "학군총점":49.046,
            "인구수":35.49,
            "인구증감":-1.97,
            "인구총점":24.252,
            "일자리":6.1,
            "소득수준":56.99,
            "일자리총점":21.367,
            "가치 총점":24.1365,
            "매매실거래년":20211230.0,
            "매매실거래가":24500.0,
            "전세실거래년":20120504.0,
            "전세실거래가":9000.0,
            "전세가율":58.44,
            "장기전세가율평균":81.44,
            "전세가율거품지수":23.0,
            "검색코드":101164,
            "세대수":264.0,
            "준공년월":"2006-06-26",
            "준공년차":17.0,
            "가까운역이름":"NA",
            "가까운역거리":"NA",
            "역세권여부":"NA",
            "30분이내주요거점역":"NA",
            "1시간이내주요거점역":"NA",
            "3km이내백화점수":0,
            "5km이내아울렛몰수":0,
            "1km이내대형먀트수":0,
            "500m이내은행수":1,
            "500m이내병원수":6,
            "5km이내대형병원수":0,
            "500m이내공원수":0,
            "3km이내혐오시설수":0,
            "초등학교학업성취도":90.43,
            "중학교학업성취도":64.5,
            "용적률":211,
            "건폐율":21,
            "Y":35.875189,
            "X":127.072566,
            "rank":161.0,
            "area_info":"26평(86.68), 31평(105.75), 34평(113.79), 36평(121.39)",
            "last_sales":"2021-12-30,24500.0,36평(121.39)"
        },
        {
            "index":376,
            "아파트명":"우신동산",
            "투자타입":"재건축",
            "전용면적(m2)":"78.96",
            "전용면적(평)":"23평",
            "법정동주소":"전라북도 전주시 덕진구 여의동2가 643",
            "도로명주소":"전라북도 전주시 덕진구 편운로 54-68",
            "세대수":50,
            "입주년차":"--",
            "용적률점수":0,
            "건폐율점수":0,
            "세대당주차수":"--",
            "난방방식":"--",
            "공급면적":50,
            "전용률":60,
            "욕실수":"--",
            "현관타입":"--",
            "주거총점":20.5,
            "지역구공급총점":100.0,
            "역세권":"NA",
            "30분내 이동가능 거점":"NA",
            "1시간내 이동가능 거점":"NA",
            "교통총점":"NA",
            "백화점":0,
            "아울렛몰":0,
            "대형마트":0,
            "은행":0,
            "병원":60,
            "종합병원":0,
            "공원":100,
            "혐오시설":0,
            "인프라총점":9.0,
            "초등학군":89.5,
            "중학군":38.7,
            "학군총점":48.86,
            "인구수":35.49,
            "인구증감":-1.97,
            "인구총점":24.252,
            "일자리":6.1,
            "소득수준":56.99,
            "일자리총점":21.367,
            "가치 총점":22.99,
            "매매실거래년":20220105.0,
            "매매실거래가":5600.0,
            "전세실거래년":20210908.0,
            "전세실거래가":5500.0,
            "전세가율":98.21,
            "장기전세가율평균":81.44,
            "전세가율거품지수":-16.77,
            "검색코드":101165,
            "세대수":494.0,
            "준공년월":"1992-04-04",
            "준공년차":31.0,
            "가까운역이름":"NA",
            "가까운역거리":"NA",
            "역세권여부":"NA",
            "30분이내주요거점역":"NA",
            "1시간이내주요거점역":"NA",
            "3km이내백화점수":0,
            "5km이내아울렛몰수":0,
            "1km이내대형먀트수":0,
            "500m이내은행수":0,
            "500m이내병원수":13,
            "5km이내대형병원수":0,
            "500m이내공원수":4,
            "3km이내혐오시설수":0,
            "초등학교학업성취도":89.5,
            "중학교학업성취도":64.5,
            "용적률":0,
            "건폐율":0,
            "Y":35.872269,
            "X":127.081968,
            "rank":162.0,
            "area_info":"23평(78.96)",
            "last_sales":"2022-01-05,5600.0,23평(78.96)"
        },
        {
            "index":244,
            "아파트명":"롯데1단지",
            "투자타입":"재건축",
            "전용면적(m2)":"54.06",
            "전용면적(평)":"16평",
            "법정동주소":"전라북도 전주시 덕진구 송천동2가 561-19",
            "도로명주소":"전라북도 전주시 덕진구 시천로 83",
            "세대수":0,
            "입주년차":"--",
            "용적률점수":0,
            "건폐율점수":0,
            "세대당주차수":"--",
            "난방방식":"--",
            "공급면적":50,
            "전용률":80,
            "욕실수":"--",
            "현관타입":"--",
            "주거총점":6.5,
            "지역구공급총점":100.0,
            "역세권":"NA",
            "30분내 이동가능 거점":"NA",
            "1시간내 이동가능 거점":"NA",
            "교통총점":"NA",
            "백화점":0,
            "아울렛몰":0,
            "대형마트":0,
            "은행":0,
            "병원":30,
            "종합병원":100,
            "공원":0,
            "혐오시설":-50,
            "인프라총점":22.0,
            "초등학군":85.72,
            "중학군":37.44,
            "학군총점":47.096,
            "인구수":35.49,
            "인구증감":-1.97,
            "인구총점":24.252,
            "일자리":6.1,
            "소득수준":56.99,
            "일자리총점":21.367,
            "가치 총점":22.849,
            "매매실거래년":20220107.0,
            "매매실거래가":7500.0,
            "전세실거래년":20220102.0,
            "전세실거래가":4000.0,
            "전세가율":53.33,
            "장기전세가율평균":81.44,
            "전세가율거품지수":28.11,
            "검색코드":5474,
            "세대수":240.0,
            "준공년월":"1985-07-31",
            "준공년차":38.0,
            "가까운역이름":"NA",
            "가까운역거리":"NA",
            "역세권여부":"NA",
            "30분이내주요거점역":"NA",
            "1시간이내주요거점역":"NA",
            "3km이내백화점수":0,
            "5km이내아울렛몰수":0,
            "1km이내대형먀트수":0,
            "500m이내은행수":0,
            "500m이내병원수":5,
            "5km이내대형병원수":2,
            "500m이내공원수":0,
            "3km이내혐오시설수":1,
            "초등학교학업성취도":85.72,
            "중학교학업성취도":62.4,
            "용적률":0,
            "건폐율":0,
            "Y":35.867352,
            "X":127.113727,
            "rank":163.0,
            "area_info":"16평(54.06)",
            "last_sales":"2022-01-07,7500.0,16평(54.06)"
        },
        {
            "index":245,
            "아파트명":"롯데2단지",
            "투자타입":"재건축",
            "전용면적(m2)":"59.85",
            "전용면적(평)":"18평",
            "법정동주소":"전라북도 전주시 덕진구 송천동2가 561-1",
            "도로명주소":"전라북도 전주시 덕진구 와룡2길 14",
            "세대수":0,
            "입주년차":"--",
            "용적률점수":0,
            "건폐율점수":0,
            "세대당주차수":"--",
            "난방방식":"--",
            "공급면적":50,
            "전용률":100,
            "욕실수":"--",
            "현관타입":"--",
            "주거총점":7.5,
            "지역구공급총점":100.0,
            "역세권":"NA",
            "30분내 이동가능 거점":"NA",
            "1시간내 이동가능 거점":"NA",
            "교통총점":"NA",
            "백화점":0,
            "아울렛몰":0,
            "대형마트":0,
            "은행":0,
            "병원":10,
            "종합병원":100,
            "공원":0,
            "혐오시설":-50,
            "인프라총점":20.0,
            "초등학군":85.72,
            "중학군":37.44,
            "학군총점":47.096,
            "인구수":35.49,
            "인구증감":-1.97,
            "인구총점":24.252,
            "일자리":6.1,
            "소득수준":56.99,
            "일자리총점":21.367,
            "가치 총점":22.399,
            "매매실거래년":"18000101",
            "매매실거래가":null,
            "전세실거래년":null,
            "전세실거래가":null,
            "전세가율":null,
            "장기전세가율평균":81.44,
            "전세가율거품지수":null,
            "검색코드":5471,
            "세대수":290.0,
            "준공년월":"1987-06-17",
            "준공년차":36.0,
            "가까운역이름":"NA",
            "가까운역거리":"NA",
            "역세권여부":"NA",
            "30분이내주요거점역":"NA",
            "1시간이내주요거점역":"NA",
            "3km이내백화점수":0,
            "5km이내아울렛몰수":0,
            "1km이내대형먀트수":0,
            "500m이내은행수":0,
            "500m이내병원수":4,
            "5km이내대형병원수":2,
            "500m이내공원수":0,
            "3km이내혐오시설수":1,
            "초등학교학업성취도":85.72,
            "중학교학업성취도":62.4,
            "용적률":0,
            "건폐율":0,
            "Y":35.86737,
            "X":127.112398,
            "rank":164.0,
            "area_info":"18평(59.85), 19평(65.52)",
            "last_sales":"1800-01-01,nan,18평(59.85)"
        },
        {
            "index":375,
            "아파트명":"백우2차",
            "투자타입":"재건축",
            "전용면적(m2)":"85.24",
            "전용면적(평)":"25평",
            "법정동주소":"전라북도 전주시 덕진구 여의동2가 647",
            "도로명주소":"전라북도 전주시 덕진구 편운로 37",
            "세대수":0,
            "입주년차":"--",
            "용적률점수":0,
            "건폐율점수":60,
            "세대당주차수":"--",
            "난방방식":"--",
            "공급면적":70,
            "전용률":60,
            "욕실수":"--",
            "현관타입":"--",
            "주거총점":18.5,
            "지역구공급총점":100.0,
            "역세권":"NA",
            "30분내 이동가능 거점":"NA",
            "1시간내 이동가능 거점":"NA",
            "교통총점":"NA",
            "백화점":0,
            "아울렛몰":0,
            "대형마트":0,
            "은행":0,
            "병원":60,
            "종합병원":0,
            "공원":100,
            "혐오시설":0,
            "인프라총점":9.0,
            "초등학군":89.5,
            "중학군":38.7,
            "학군총점":48.86,
            "인구수":35.49,
            "인구증감":-1.97,
            "인구총점":24.252,
            "일자리":6.1,
            "소득수준":56.99,
            "일자리총점":21.367,
            "가치 총점":22.29,
            "매매실거래년":20211124.0,
            "매매실거래가":6000.0,
            "전세실거래년":20190820.0,
            "전세실거래가":5000.0,
            "전세가율":83.33,
            "장기전세가율평균":81.44,
            "전세가율거품지수":-1.89,
            "검색코드":15017,
            "세대수":150.0,
            "준공년월":"1992-12-26",
            "준공년차":31.0,
            "가까운역이름":"NA",
            "가까운역거리":"NA",
            "역세권여부":"NA",
            "30분이내주요거점역":"NA",
            "1시간이내주요거점역":"NA",
            "3km이내백화점수":0,
            "5km이내아울렛몰수":0,
            "1km이내대형먀트수":0,
            "500m이내은행수":0,
            "500m이내병원수":20,
            "5km이내대형병원수":0,
            "500m이내공원수":5,
            "3km이내혐오시설수":0,
            "초등학교학업성취도":89.5,
            "중학교학업성취도":64.5,
            "용적률":325,
            "건폐율":33,
            "Y":35.872596,
            "X":127.079927,
            "rank":165.0,
            "area_info":"25평(85.24)",
            "last_sales":"2021-11-24,6000.0,25평(85.24)"
        },
        {
            "index":372,
            "아파트명":"대승2차",
            "투자타입":"일반",
            "전용면적(m2)":"70.83",
            "전용면적(평)":"21평",
            "법정동주소":"전라북도 전주시 덕진구 여의동2가 469-11",
            "도로명주소":"전라북도 전주시 덕진구 덕용1길 52",
            "세대수":0,
            "입주년차":0,
            "용적률점수":"--",
            "건폐율점수":"--",
            "세대당주차수":0,
            "난방방식":30,
            "공급면적":"--",
            "전용률":"--",
            "욕실수":50,
            "현관타입":10,
            "주거총점":9.0,
            "지역구공급총점":100.0,
            "역세권":"NA",
            "30분내 이동가능 거점":"NA",
            "1시간내 이동가능 거점":"NA",
            "교통총점":"NA",
            "백화점":0,
            "아울렛몰":0,
            "대형마트":0,
            "은행":0,
            "병원":60,
            "종합병원":0,
            "공원":100,
            "혐오시설":0,
            "인프라총점":9.0,
            "초등학군":89.5,
            "중학군":38.7,
            "학군총점":48.86,
            "인구수":35.49,
            "인구증감":-1.97,
            "인구총점":24.252,
            "일자리":6.1,
            "소득수준":56.99,
            "일자리총점":21.367,
            "가치 총점":18.965,
            "매매실거래년":20211020.0,
            "매매실거래가":5900.0,
            "전세실거래년":20190311.0,
            "전세실거래가":5000.0,
            "전세가율":125.0,
            "장기전세가율평균":81.44,
            "전세가율거품지수":-43.56,
            "검색코드":109585,
            "세대수":299.0,
            "준공년월":"1996-01-05",
            "준공년차":27.0,
            "가까운역이름":"NA",
            "가까운역거리":"NA",
            "역세권여부":"NA",
            "30분이내주요거점역":"NA",
            "1시간이내주요거점역":"NA",
            "3km이내백화점수":0,
            "5km이내아울렛몰수":0,
            "1km이내대형먀트수":0,
            "500m이내은행수":0,
            "500m이내병원수":17,
            "5km이내대형병원수":0,
            "500m이내공원수":4,
            "3km이내혐오시설수":0,
            "초등학교학업성취도":89.5,
            "중학교학업성취도":64.5,
            "용적률":324,
            "건폐율":26,
            "Y":35.870563,
            "X":127.081578,
            "rank":166.0,
            "area_info":"21평(70.83), 24평(80.74)",
            "last_sales":"2021-10-20,5900.0,24평(80.74)"
        },
        {
            "index":371,
            "아파트명":"대승",
            "투자타입":"일반",
            "전용면적(m2)":"81.07",
            "전용면적(평)":"24평",
            "법정동주소":"전라북도 전주시 덕진구 여의동2가 459-3",
            "도로명주소":"전라북도 전주시 덕진구 덕용1길 58",
            "세대수":0,
            "입주년차":0,
            "용적률점수":"--",
            "건폐율점수":"--",
            "세대당주차수":0,
            "난방방식":30,
            "공급면적":"--",
            "전용률":"--",
            "욕실수":50,
            "현관타입":10,
            "주거총점":9.0,
            "지역구공급총점":100.0,
            "역세권":"NA",
            "30분내 이동가능 거점":"NA",
            "1시간내 이동가능 거점":"NA",
            "교통총점":"NA",
            "백화점":0,
            "아울렛몰":0,
            "대형마트":0,
            "은행":0,
            "병원":30,
            "종합병원":0,
            "공원":100,
            "혐오시설":0,
            "인프라총점":6.0,
            "초등학군":89.5,
            "중학군":38.7,
            "학군총점":48.86,
            "인구수":35.49,
            "인구증감":-1.97,
            "인구총점":24.252,
            "일자리":6.1,
            "소득수준":56.99,
            "일자리총점":21.367,
            "가치 총점":17.765,
            "매매실거래년":20220113.0,
            "매매실거래가":7000.0,
            "전세실거래년":20211101.0,
            "전세실거래가":5500.0,
            "전세가율":78.57,
            "장기전세가율평균":81.44,
            "전세가율거품지수":2.87,
            "검색코드":26726,
            "세대수":283.0,
            "준공년월":"1996-01-05",
            "준공년차":27.0,
            "가까운역이름":"NA",
            "가까운역거리":"NA",
            "역세권여부":"NA",
            "30분이내주요거점역":"NA",
            "1시간이내주요거점역":"NA",
            "3km이내백화점수":0,
            "5km이내아울렛몰수":0,
            "1km이내대형먀트수":0,
            "500m이내은행수":0,
            "500m이내병원수":9,
            "5km이내대형병원수":0,
            "500m이내공원수":4,
            "3km이내혐오시설수":0,
            "초등학교학업성취도":89.5,
            "중학교학업성취도":64.5,
            "용적률":344,
            "건폐율":31,
            "Y":35.871415,
            "X":127.082277,
            "rank":167.0,
            "area_info":"24평(81.07)",
            "last_sales":"2022-01-13,7000.0,24평(81.07)"
        },
        {
            "index":133,
            "아파트명":"반월한강",
            "투자타입":"일반",
            "전용면적(m2)":"77.69",
            "전용면적(평)":"23평",
            "법정동주소":"전라북도 전주시 덕진구 반월동 386-7",
            "도로명주소":"전라북도 전주시 덕진구 쪽구름로 133",
            "세대수":0,
            "입주년차":0,
            "용적률점수":"--",
            "건폐율점수":"--",
            "세대당주차수":0,
            "난방방식":30,
            "공급면적":"--",
            "전용률":"--",
            "욕실수":50,
            "현관타입":10,
            "주거총점":9.0,
            "지역구공급총점":100.0,
            "역세권":"NA",
            "30분내 이동가능 거점":"NA",
            "1시간내 이동가능 거점":"NA",
            "교통총점":"NA",
            "백화점":0,
            "아울렛몰":0,
            "대형마트":0,
            "은행":0,
            "병원":10,
            "종합병원":0,
            "공원":80,
            "혐오시설":0,
            "인프라총점":3.4,
            "초등학군":90.43,
            "중학군":38.7,
            "학군총점":49.046,
            "인구수":35.49,
            "인구증감":-1.97,
            "인구총점":24.252,
            "일자리":6.1,
            "소득수준":56.99,
            "일자리총점":21.367,
            "가치 총점":16.7715,
            "매매실거래년":20211207.0,
            "매매실거래가":7500.0,
            "전세실거래년":20210728.0,
            "전세실거래가":6000.0,
            "전세가율":80.0,
            "장기전세가율평균":81.44,
            "전세가율거품지수":1.44,
            "검색코드":5301,
            "세대수":158.0,
            "준공년월":"1995-01-28",
            "준공년차":28.0,
            "가까운역이름":"NA",
            "가까운역거리":"NA",
            "역세권여부":"NA",
            "30분이내주요거점역":"NA",
            "1시간이내주요거점역":"NA",
            "3km이내백화점수":0,
            "5km이내아울렛몰수":0,
            "1km이내대형먀트수":0,
            "500m이내은행수":1,
            "500m이내병원수":4,
            "5km이내대형병원수":0,
            "500m이내공원수":1,
            "3km이내혐오시설수":0,
            "초등학교학업성취도":90.43,
            "중학교학업성취도":64.5,
            "용적률":0,
            "건폐율":0,
            "Y":35.873797,
            "X":127.070888,
            "rank":168.0,
            "area_info":"23평(77.69), 23평(77.54)",
            "last_sales":"2021-12-07,7500.0,23평(77.69)"
        },
        {
            "index":3,
            "아파트명":"고랑명성",
            "투자타입":"일반",
            "전용면적(m2)":"50.06",
            "전용면적(평)":"15평",
            "법정동주소":"전라북도 전주시 덕진구 고랑동 820-9",
            "도로명주소":"전라북도 전주시 덕진구 쪽구름5길 5",
            "세대수":0,
            "입주년차":0,
            "용적률점수":"--",
            "건폐율점수":"--",
            "세대당주차수":0,
            "난방방식":30,
            "공급면적":"--",
            "전용률":"--",
            "욕실수":50,
            "현관타입":10,
            "주거총점":9.0,
            "지역구공급총점":100.0,
            "역세권":"NA",
            "30분내 이동가능 거점":"NA",
            "1시간내 이동가능 거점":"NA",
            "교통총점":"NA",
            "백화점":0,
            "아울렛몰":0,
            "대형마트":0,
            "은행":0,
            "병원":0,
            "종합병원":0,
            "공원":0,
            "혐오시설":0,
            "인프라총점":0.0,
            "초등학군":90.43,
            "중학군":38.7,
            "학군총점":49.046,
            "인구수":35.49,
            "인구증감":-1.97,
            "인구총점":24.252,
            "일자리":6.1,
            "소득수준":56.99,
            "일자리총점":21.367,
            "가치 총점":15.4115,
            "매매실거래년":20211227.0,
            "매매실거래가":6900.0,
            "전세실거래년":20210313.0,
            "전세실거래가":3500.0,
            "전세가율":85.37,
            "장기전세가율평균":81.44,
            "전세가율거품지수":-3.93,
            "검색코드":17086,
            "세대수":297.0,
            "준공년월":"1998-10-26",
            "준공년차":25.0,
            "가까운역이름":"NA",
            "가까운역거리":"NA",
            "역세권여부":"NA",
            "30분이내주요거점역":"NA",
            "1시간이내주요거점역":"NA",
            "3km이내백화점수":0,
            "5km이내아울렛몰수":0,
            "1km이내대형먀트수":0,
            "500m이내은행수":0,
            "500m이내병원수":1,
            "5km이내대형병원수":0,
            "500m이내공원수":0,
            "3km이내혐오시설수":0,
            "초등학교학업성취도":90.43,
            "중학교학업성취도":64.5,
            "용적률":218,
            "건폐율":22,
            "Y":35.876663,
            "X":127.077853,
            "rank":169.0,
            "area_info":"15평(50.06), 15평(52.47), 21평(71.89), 22평(74.3), 24평(80.21)",
            "last_sales":"2021-12-27,6900.0,24평(80.21)"
        },
        {
            "index":377,
            "아파트명":"한강동산",
            "투자타입":"재건축",
            "전용면적(m2)":"80.54",
            "전용면적(평)":"24평",
            "법정동주소":"전라북도 전주시 덕진구 여의동2가 459-1",
            "도로명주소":"전라북도 전주시 덕진구 여산로 227",
            "세대수":0,
            "입주년차":"--",
            "용적률점수":0,
            "건폐율점수":0,
            "세대당주차수":"--",
            "난방방식":"--",
            "공급면적":50,
            "전용률":60,
            "욕실수":"--",
            "현관타입":"--",
            "주거총점":5.5,
            "지역구공급총점":100.0,
            "역세권":"NA",
            "30분내 이동가능 거점":"NA",
            "1시간내 이동가능 거점":"NA",
            "교통총점":"NA",
            "백화점":0,
            "아울렛몰":0,
            "대형마트":0,
            "은행":0,
            "병원":0,
            "종합병원":0,
            "공원":100,
            "혐오시설":0,
            "인프라총점":3.0,
            "초등학군":89.5,
            "중학군":38.7,
            "학군총점":48.86,
            "인구수":35.49,
            "인구증감":-1.97,
            "인구총점":24.252,
            "일자리":6.1,
            "소득수준":56.99,
            "일자리총점":21.367,
            "가치 총점":15.34,
            "매매실거래년":20211005.0,
            "매매실거래가":5000.0,
            "전세실거래년":20210602.0,
            "전세실거래가":5000.0,
            "전세가율":100.0,
            "장기전세가율평균":81.44,
            "전세가율거품지수":-18.56,
            "검색코드":106498,
            "세대수":148.0,
            "준공년월":"1992-03-27",
            "준공년차":31.0,
            "가까운역이름":"NA",
            "가까운역거리":"NA",
            "역세권여부":"NA",
            "30분이내주요거점역":"NA",
            "1시간이내주요거점역":"NA",
            "3km이내백화점수":0,
            "5km이내아울렛몰수":0,
            "1km이내대형먀트수":0,
            "500m이내은행수":0,
            "500m이내병원수":1,
            "5km이내대형병원수":0,
            "500m이내공원수":4,
            "3km이내혐오시설수":0,
            "초등학교학업성취도":89.5,
            "중학교학업성취도":64.5,
            "용적률":0,
            "건폐율":0,
            "Y":35.872555,
            "X":127.082851,
            "rank":170.0,
            "area_info":"24평(80.54)",
            "last_sales":"2021-10-05,5000.0,24평(80.54)"
        }
    ]
}