{
    "schema":{
        "fields":[
            {
                "name":"index",
                "type":"integer"
            },
            {
                "name":"아파트명",
                "type":"string"
            },
            {
                "name":"투자타입",
                "type":"string"
            },
            {
                "name":"전용면적(m2)",
                "type":"string"
            },
            {
                "name":"전용면적(평)",
                "type":"string"
            },
            {
                "name":"법정동주소",
                "type":"string"
            },
            {
                "name":"도로명주소",
                "type":"string"
            },
            {
                "name":"세대수",
                "type":"integer"
            },
            {
                "name":"입주년차",
                "type":"string"
            },
            {
                "name":"용적률점수",
                "type":"string"
            },
            {
                "name":"건폐율점수",
                "type":"string"
            },
            {
                "name":"세대당주차수",
                "type":"string"
            },
            {
                "name":"난방방식",
                "type":"string"
            },
            {
                "name":"공급면적",
                "type":"string"
            },
            {
                "name":"전용률",
                "type":"string"
            },
            {
                "name":"욕실수",
                "type":"string"
            },
            {
                "name":"현관타입",
                "type":"string"
            },
            {
                "name":"주거총점",
                "type":"number"
            },
            {
                "name":"지역구공급총점",
                "type":"number"
            },
            {
                "name":"역세권",
                "type":"string"
            },
            {
                "name":"30분내 이동가능 거점",
                "type":"string"
            },
            {
                "name":"1시간내 이동가능 거점",
                "type":"string"
            },
            {
                "name":"교통총점",
                "type":"string"
            },
            {
                "name":"백화점",
                "type":"integer"
            },
            {
                "name":"아울렛몰",
                "type":"integer"
            },
            {
                "name":"대형마트",
                "type":"integer"
            },
            {
                "name":"은행",
                "type":"integer"
            },
            {
                "name":"병원",
                "type":"integer"
            },
            {
                "name":"종합병원",
                "type":"integer"
            },
            {
                "name":"공원",
                "type":"integer"
            },
            {
                "name":"혐오시설",
                "type":"integer"
            },
            {
                "name":"인프라총점",
                "type":"number"
            },
            {
                "name":"초등학군",
                "type":"number"
            },
            {
                "name":"중학군",
                "type":"number"
            },
            {
                "name":"학군총점",
                "type":"number"
            },
            {
                "name":"인구수",
                "type":"number"
            },
            {
                "name":"인구증감",
                "type":"number"
            },
            {
                "name":"인구총점",
                "type":"number"
            },
            {
                "name":"일자리",
                "type":"number"
            },
            {
                "name":"소득수준",
                "type":"number"
            },
            {
                "name":"일자리총점",
                "type":"number"
            },
            {
                "name":"가치 총점",
                "type":"number"
            },
            {
                "name":"매매실거래년",
                "type":"string"
            },
            {
                "name":"매매실거래가",
                "type":"number"
            },
            {
                "name":"전세실거래년",
                "type":"number"
            },
            {
                "name":"전세실거래가",
                "type":"number"
            },
            {
                "name":"전세가율",
                "type":"number"
            },
            {
                "name":"장기전세가율평균",
                "type":"number"
            },
            {
                "name":"전세가율거품지수",
                "type":"number"
            },
            {
                "name":"검색코드",
                "type":"integer"
            },
            {
                "name":"세대수",
                "type":"number"
            },
            {
                "name":"준공년월",
                "type":"string"
            },
            {
                "name":"준공년차",
                "type":"number"
            },
            {
                "name":"가까운역이름",
                "type":"string"
            },
            {
                "name":"가까운역거리",
                "type":"string"
            },
            {
                "name":"역세권여부",
                "type":"string"
            },
            {
                "name":"30분이내주요거점역",
                "type":"string"
            },
            {
                "name":"1시간이내주요거점역",
                "type":"string"
            },
            {
                "name":"3km이내백화점수",
                "type":"integer"
            },
            {
                "name":"5km이내아울렛몰수",
                "type":"integer"
            },
            {
                "name":"1km이내대형먀트수",
                "type":"integer"
            },
            {
                "name":"500m이내은행수",
                "type":"integer"
            },
            {
                "name":"500m이내병원수",
                "type":"integer"
            },
            {
                "name":"5km이내대형병원수",
                "type":"integer"
            },
            {
                "name":"500m이내공원수",
                "type":"integer"
            },
            {
                "name":"3km이내혐오시설수",
                "type":"integer"
            },
            {
                "name":"초등학교학업성취도",
                "type":"number"
            },
            {
                "name":"중학교학업성취도",
                "type":"number"
            },
            {
                "name":"용적률",
                "type":"integer"
            },
            {
                "name":"건폐율",
                "type":"integer"
            },
            {
                "name":"Y",
                "type":"number"
            },
            {
                "name":"X",
                "type":"number"
            },
            {
                "name":"rank",
                "type":"number"
            },
            {
                "name":"area_info",
                "type":"string"
            },
            {
                "name":"last_sales",
                "type":"string"
            }
        ],
        "primaryKey":[
            "index"
        ],
        "pandas_version":"1.4.0"
    },
    "data":[
        {
            "index":96,
            "아파트명":"마산만아이파크",
            "투자타입":"일반",
            "전용면적(m2)":"116.16",
            "전용면적(평)":"35평",
            "법정동주소":"경상남도 창원시 마산합포구 신포동1가 76",
            "도로명주소":"경상남도 창원시 마산합포구 제2부두로 17",
            "세대수":80,
            "입주년차":60,
            "용적률점수":"--",
            "건폐율점수":"--",
            "세대당주차수":60,
            "난방방식":30,
            "공급면적":"--",
            "전용률":"--",
            "욕실수":100,
            "현관타입":100,
            "주거총점":72.0,
            "지역구공급총점":0.0,
            "역세권":"NA",
            "30분내 이동가능 거점":"NA",
            "1시간내 이동가능 거점":"NA",
            "교통총점":"NA",
            "백화점":100,
            "아울렛몰":0,
            "대형마트":80,
            "은행":0,
            "병원":10,
            "종합병원":100,
            "공원":100,
            "혐오시설":0,
            "인프라총점":66.0,
            "초등학군":88.58,
            "중학군":53.36,
            "학군총점":60.404,
            "인구수":18.78,
            "인구증감":23.69,
            "인구총점":20.253,
            "일자리":2.3,
            "소득수준":67.86,
            "일자리총점":21.968,
            "가치 총점":66.701,
            "매매실거래년":20211005.0,
            "매매실거래가":65000.0,
            "전세실거래년":20170422.0,
            "전세실거래가":27000.0,
            "전세가율":78.26,
            "장기전세가율평균":75.3,
            "전세가율거품지수":-2.96,
            "검색코드":101517,
            "세대수":780.0,
            "준공년월":"2010-04-15",
            "준공년차":13.0,
            "가까운역이름":"NA",
            "가까운역거리":"NA",
            "역세권여부":"NA",
            "30분이내주요거점역":"NA",
            "1시간이내주요거점역":"NA",
            "3km이내백화점수":2,
            "5km이내아울렛몰수":0,
            "1km이내대형먀트수":1,
            "500m이내은행수":0,
            "500m이내병원수":2,
            "5km이내대형병원수":3,
            "500m이내공원수":3,
            "3km이내혐오시설수":0,
            "초등학교학업성취도":88.58,
            "중학교학업성취도":87.6,
            "용적률":249,
            "건폐율":13,
            "Y":35.196896,
            "X":128.573203,
            "rank":1.0,
            "area_info":"35평(116.16), 35평(117.02), 35평(117.06), 35평(117.04), 51평(169.44), 62평(207.82), 69평(230.86), 84평(279.12)",
            "last_sales":"2021-10-05,65000.0,62평(207.82)"
        },
        {
            "index":269,
            "아파트명":"월포벽산블루밍",
            "투자타입":"일반",
            "전용면적(m2)":"79.68",
            "전용면적(평)":"24평",
            "법정동주소":"경상남도 창원시 마산합포구 월포동 1-1",
            "도로명주소":"경상남도 창원시 마산합포구 3·15대로 154-1",
            "세대수":80,
            "입주년차":40,
            "용적률점수":"--",
            "건폐율점수":"--",
            "세대당주차수":30,
            "난방방식":30,
            "공급면적":"--",
            "전용률":"--",
            "욕실수":100,
            "현관타입":100,
            "주거총점":63.5,
            "지역구공급총점":0.0,
            "역세권":"NA",
            "30분내 이동가능 거점":"NA",
            "1시간내 이동가능 거점":"NA",
            "교통총점":"NA",
            "백화점":100,
            "아울렛몰":0,
            "대형마트":80,
            "은행":20,
            "병원":60,
            "종합병원":100,
            "공원":0,
            "혐오시설":0,
            "인프라총점":70.0,
            "초등학군":84.82,
            "중학군":53.36,
            "학군총점":59.652,
            "인구수":18.78,
            "인구증감":23.69,
            "인구총점":20.253,
            "일자리":2.3,
            "소득수준":67.86,
            "일자리총점":21.968,
            "가치 총점":65.138,
            "매매실거래년":20211013.0,
            "매매실거래가":45000.0,
            "전세실거래년":20210523.0,
            "전세실거래가":17700.0,
            "전세가율":80.45,
            "장기전세가율평균":75.3,
            "전세가율거품지수":-5.15,
            "검색코드":22595,
            "세대수":706.0,
            "준공년월":"2007-05-17",
            "준공년차":16.0,
            "가까운역이름":"NA",
            "가까운역거리":"NA",
            "역세권여부":"NA",
            "30분이내주요거점역":"NA",
            "1시간이내주요거점역":"NA",
            "3km이내백화점수":1,
            "5km이내아울렛몰수":0,
            "1km이내대형먀트수":1,
            "500m이내은행수":2,
            "500m이내병원수":13,
            "5km이내대형병원수":3,
            "500m이내공원수":0,
            "3km이내혐오시설수":0,
            "초등학교학업성취도":84.82,
            "중학교학업성취도":87.6,
            "용적률":286,
            "건폐율":17,
            "Y":35.192763,
            "X":128.566564,
            "rank":2.0,
            "area_info":"24평(79.68), 32평(106.9), 32평(107.77), 32평(108.27), 48평(161.59)",
            "last_sales":"2021-10-13,45000.0,48평(161.59)"
        },
        {
            "index":16,
            "아파트명":"창원롯데캐슬프리미어",
            "투자타입":"일반",
            "전용면적(m2)":"68.01",
            "전용면적(평)":"20평",
            "법정동주소":"경상남도 창원시 마산합포구 교방동 525",
            "도로명주소":"경상남도 창원시 마산합포구 노산서18길 80",
            "세대수":90,
            "입주년차":100,
            "용적률점수":"--",
            "건폐율점수":"--",
            "세대당주차수":30,
            "난방방식":30,
            "공급면적":"--",
            "전용률":"--",
            "욕실수":50,
            "현관타입":100,
            "주거총점":74.0,
            "지역구공급총점":0.0,
            "역세권":"NA",
            "30분내 이동가능 거점":"NA",
            "1시간내 이동가능 거점":"NA",
            "교통총점":"NA",
            "백화점":100,
            "아울렛몰":0,
            "대형마트":0,
            "은행":0,
            "병원":60,
            "종합병원":100,
            "공원":100,
            "혐오시설":0,
            "인프라총점":59.0,
            "초등학군":97.01,
            "중학군":47.32,
            "학군총점":57.258,
            "인구수":18.78,
            "인구증감":23.69,
            "인구총점":20.253,
            "일자리":2.3,
            "소득수준":67.86,
            "일자리총점":21.968,
            "가치 총점":63.8145,
            "매매실거래년":20200830.0,
            "매매실거래가":26600.0,
            "전세실거래년":null,
            "전세실거래가":null,
            "전세가율":null,
            "장기전세가율평균":75.3,
            "전세가율거품지수":null,
            "검색코드":120484,
            "세대수":999.0,
            "준공년월":"2020-07-28",
            "준공년차":3.0,
            "가까운역이름":"NA",
            "가까운역거리":"NA",
            "역세권여부":"NA",
            "30분이내주요거점역":"NA",
            "1시간이내주요거점역":"NA",
            "3km이내백화점수":2,
            "5km이내아울렛몰수":0,
            "1km이내대형먀트수":0,
            "500m이내은행수":1,
            "500m이내병원수":20,
            "5km이내대형병원수":4,
            "500m이내공원수":7,
            "3km이내혐오시설수":0,
            "초등학교학업성취도":97.01,
            "중학교학업성취도":76.2,
            "용적률":229,
            "건폐율":16,
            "Y":35.216099,
            "X":128.565965,
            "rank":3.0,
            "area_info":"20평(68.01), 24평(82.06), 27평(90.45), 34평(114.34), 34평(115.05)",
            "last_sales":"2020-08-30,26600.0,24평(82.06)"
        },
        {
            "index":21,
            "아파트명":"무학자이",
            "투자타입":"일반",
            "전용면적(m2)":"82.84",
            "전용면적(평)":"25평",
            "법정동주소":"경상남도 창원시 마산합포구 교원동 46",
            "도로명주소":"경상남도 창원시 마산합포구 노산서18길 19",
            "세대수":80,
            "입주년차":60,
            "용적률점수":"--",
            "건폐율점수":"--",
            "세대당주차수":30,
            "난방방식":30,
            "공급면적":"--",
            "전용률":"--",
            "욕실수":100,
            "현관타입":100,
            "주거총점":67.5,
            "지역구공급총점":0.0,
            "역세권":"NA",
            "30분내 이동가능 거점":"NA",
            "1시간내 이동가능 거점":"NA",
            "교통총점":"NA",
            "백화점":100,
            "아울렛몰":0,
            "대형마트":0,
            "은행":0,
            "병원":60,
            "종합병원":100,
            "공원":100,
            "혐오시설":0,
            "인프라총점":59.0,
            "초등학군":97.01,
            "중학군":47.32,
            "학군총점":57.258,
            "인구수":18.78,
            "인구증감":23.69,
            "인구총점":20.253,
            "일자리":2.3,
            "소득수준":67.86,
            "일자리총점":21.968,
            "가치 총점":61.5395,
            "매매실거래년":20220117.0,
            "매매실거래가":48000.0,
            "전세실거래년":20211117.0,
            "전세실거래가":26000.0,
            "전세가율":80.0,
            "장기전세가율평균":75.3,
            "전세가율거품지수":-4.7,
            "검색코드":102595,
            "세대수":705.0,
            "준공년월":"2011-04-22",
            "준공년차":12.0,
            "가까운역이름":"NA",
            "가까운역거리":"NA",
            "역세권여부":"NA",
            "30분이내주요거점역":"NA",
            "1시간이내주요거점역":"NA",
            "3km이내백화점수":2,
            "5km이내아울렛몰수":0,
            "1km이내대형먀트수":0,
            "500m이내은행수":1,
            "500m이내병원수":19,
            "5km이내대형병원수":4,
            "500m이내공원수":7,
            "3km이내혐오시설수":0,
            "초등학교학업성취도":97.01,
            "중학교학업성취도":76.2,
            "용적률":215,
            "건폐율":15,
            "Y":35.214558,
            "X":128.568846,
            "rank":4.0,
            "area_info":"25평(82.84), 25평(83.11), 33평(109.87), 33평(110.11), 39평(129.86), 39평(130.37), 43평(145.21), 48평(161.92)",
            "last_sales":"2022-01-17,48000.0,48평(161.92)"
        },
        {
            "index":201,
            "아파트명":"월영마크리움",
            "투자타입":"일반",
            "전용면적(m2)":"86.76",
            "전용면적(평)":"26평",
            "법정동주소":"경상남도 창원시 마산합포구 월남동5가 8",
            "도로명주소":"경상남도 창원시 마산합포구 3·15대로 9",
            "세대수":0,
            "입주년차":80,
            "용적률점수":"--",
            "건폐율점수":"--",
            "세대당주차수":30,
            "난방방식":30,
            "공급면적":"--",
            "전용률":"--",
            "욕실수":100,
            "현관타입":100,
            "주거총점":43.5,
            "지역구공급총점":0.0,
            "역세권":"NA",
            "30분내 이동가능 거점":"NA",
            "1시간내 이동가능 거점":"NA",
            "교통총점":"NA",
            "백화점":100,
            "아울렛몰":0,
            "대형마트":80,
            "은행":70,
            "병원":80,
            "종합병원":100,
            "공원":80,
            "혐오시설":0,
            "인프라총점":79.4,
            "초등학군":89.29,
            "중학군":48.98,
            "학군총점":57.042,
            "인구수":18.78,
            "인구증감":23.69,
            "인구총점":20.253,
            "일자리":2.3,
            "소득수준":67.86,
            "일자리총점":21.968,
            "가치 총점":61.2455,
            "매매실거래년":20220112.0,
            "매매실거래가":28000.0,
            "전세실거래년":20211215.0,
            "전세실거래가":23000.0,
            "전세가율":93.12,
            "장기전세가율평균":75.3,
            "전세가율거품지수":-17.82,
            "검색코드":119670,
            "세대수":148.0,
            "준공년월":"2017-12-20",
            "준공년차":6.0,
            "가까운역이름":"NA",
            "가까운역거리":"NA",
            "역세권여부":"NA",
            "30분이내주요거점역":"NA",
            "1시간이내주요거점역":"NA",
            "3km이내백화점수":1,
            "5km이내아울렛몰수":0,
            "1km이내대형먀트수":1,
            "500m이내은행수":3,
            "500m이내병원수":42,
            "5km이내대형병원수":3,
            "500m이내공원수":1,
            "3km이내혐오시설수":0,
            "초등학교학업성취도":89.29,
            "중학교학업성취도":80.1,
            "용적률":514,
            "건폐율":51,
            "Y":35.181286,
            "X":128.558227,
            "rank":5.0,
            "area_info":"26평(86.76), 26평(87.14)",
            "last_sales":"2022-01-12,28000.0,26평(87.14)"
        },
        {
            "index":48,
            "아파트명":"산호경동리인",
            "투자타입":"일반",
            "전용면적(m2)":"90.95",
            "전용면적(평)":"27평",
            "법정동주소":"경상남도 창원시 마산합포구 산호동 646",
            "도로명주소":"경상남도 창원시 마산합포구 산호동로 12",
            "세대수":50,
            "입주년차":80,
            "용적률점수":"--",
            "건폐율점수":"--",
            "세대당주차수":30,
            "난방방식":30,
            "공급면적":"--",
            "전용률":"--",
            "욕실수":100,
            "현관타입":100,
            "주거총점":61.0,
            "지역구공급총점":0.0,
            "역세권":"NA",
            "30분내 이동가능 거점":"NA",
            "1시간내 이동가능 거점":"NA",
            "교통총점":"NA",
            "백화점":100,
            "아울렛몰":0,
            "대형마트":100,
            "은행":0,
            "병원":30,
            "종합병원":100,
            "공원":0,
            "혐오시설":0,
            "인프라총점":68.0,
            "초등학군":89.05,
            "중학군":41.18,
            "학군총점":50.754,
            "인구수":18.78,
            "인구증감":23.69,
            "인구총점":20.253,
            "일자리":2.3,
            "소득수준":67.86,
            "일자리총점":21.968,
            "가치 총점":61.2385,
            "매매실거래년":20211011.0,
            "매매실거래가":40000.0,
            "전세실거래년":null,
            "전세실거래가":null,
            "전세가율":null,
            "장기전세가율평균":75.3,
            "전세가율거품지수":null,
            "검색코드":115324,
            "세대수":450.0,
            "준공년월":"2018-02-23",
            "준공년차":5.0,
            "가까운역이름":"NA",
            "가까운역거리":"NA",
            "역세권여부":"NA",
            "30분이내주요거점역":"NA",
            "1시간이내주요거점역":"NA",
            "3km이내백화점수":2,
            "5km이내아울렛몰수":0,
            "1km이내대형먀트수":2,
            "500m이내은행수":1,
            "500m이내병원수":5,
            "5km이내대형병원수":4,
            "500m이내공원수":0,
            "3km이내혐오시설수":0,
            "초등학교학업성취도":89.05,
            "중학교학업성취도":67.5,
            "용적률":348,
            "건폐율":17,
            "Y":35.215755,
            "X":128.588845,
            "rank":6.0,
            "area_info":"27평(90.95), 27평(92.35), 29평(98.57), 29평(98.85), 34평(113.24), 38평(128.67)",
            "last_sales":"2021-10-11,40000.0,38평(128.67)"
        },
        {
            "index":265,
            "아파트명":"경동메르빌",
            "투자타입":"일반",
            "전용면적(m2)":"80.04",
            "전용면적(평)":"24평",
            "법정동주소":"경상남도 창원시 마산합포구 월포동 1",
            "도로명주소":"경상남도 창원시 마산합포구 중앙동3길 22",
            "세대수":50,
            "입주년차":40,
            "용적률점수":"--",
            "건폐율점수":"--",
            "세대당주차수":30,
            "난방방식":30,
            "공급면적":"--",
            "전용률":"--",
            "욕실수":100,
            "현관타입":100,
            "주거총점":53.0,
            "지역구공급총점":0.0,
            "역세권":"NA",
            "30분내 이동가능 거점":"NA",
            "1시간내 이동가능 거점":"NA",
            "교통총점":"NA",
            "백화점":100,
            "아울렛몰":0,
            "대형마트":80,
            "은행":0,
            "병원":60,
            "종합병원":100,
            "공원":0,
            "혐오시설":0,
            "인프라총점":68.0,
            "초등학군":84.82,
            "중학군":53.36,
            "학군총점":59.652,
            "인구수":18.78,
            "인구증감":23.69,
            "인구총점":20.253,
            "일자리":2.3,
            "소득수준":67.86,
            "일자리총점":21.968,
            "가치 총점":60.663,
            "매매실거래년":20211218.0,
            "매매실거래가":29500.0,
            "전세실거래년":20211106.0,
            "전세실거래가":25000.0,
            "전세가율":100.4,
            "장기전세가율평균":75.3,
            "전세가율거품지수":-25.1,
            "검색코드":18911,
            "세대수":622.0,
            "준공년월":"2005-12-09",
            "준공년차":18.0,
            "가까운역이름":"NA",
            "가까운역거리":"NA",
            "역세권여부":"NA",
            "30분이내주요거점역":"NA",
            "1시간이내주요거점역":"NA",
            "3km이내백화점수":1,
            "5km이내아울렛몰수":0,
            "1km이내대형먀트수":1,
            "500m이내은행수":1,
            "500m이내병원수":11,
            "5km이내대형병원수":3,
            "500m이내공원수":0,
            "3km이내혐오시설수":0,
            "초등학교학업성취도":84.82,
            "중학교학업성취도":87.6,
            "용적률":298,
            "건폐율":59,
            "Y":35.193775,
            "X":128.567922,
            "rank":7.0,
            "area_info":"24평(80.04), 28평(94.66), 32평(108.51), 44평(148.37)",
            "last_sales":"2021-12-18,29500.0,32평(108.51)"
        },
        {
            "index":353,
            "아파트명":"경남창포",
            "투자타입":"재건축",
            "전용면적(m2)":"89.15",
            "전용면적(평)":"26평",
            "법정동주소":"경상남도 창원시 마산합포구 창포동2가 2",
            "도로명주소":"경상남도 창원시 마산합포구 문화동7길 36",
            "세대수":0,
            "입주년차":"--",
            "용적률점수":100,
            "건폐율점수":0,
            "세대당주차수":"--",
            "난방방식":"--",
            "공급면적":70,
            "전용률":80,
            "욕실수":"--",
            "현관타입":"--",
            "주거총점":47.5,
            "지역구공급총점":0.0,
            "역세권":"NA",
            "30분내 이동가능 거점":"NA",
            "1시간내 이동가능 거점":"NA",
            "교통총점":"NA",
            "백화점":100,
            "아울렛몰":0,
            "대형마트":80,
            "은행":20,
            "병원":60,
            "종합병원":100,
            "공원":0,
            "혐오시설":0,
            "인프라총점":70.0,
            "초등학군":89.29,
            "중학군":48.58,
            "학군총점":56.722,
            "인구수":18.78,
            "인구증감":23.69,
            "인구총점":20.253,
            "일자리":2.3,
            "소득수준":67.86,
            "일자리총점":21.968,
            "가치 총점":58.8055,
            "매매실거래년":20211204.0,
            "매매실거래가":24500.0,
            "전세실거래년":null,
            "전세실거래가":null,
            "전세가율":null,
            "장기전세가율평균":75.3,
            "전세가율거품지수":null,
            "검색코드":6773,
            "세대수":281.0,
            "준공년월":"1990-02-16",
            "준공년차":33.0,
            "가까운역이름":"NA",
            "가까운역거리":"NA",
            "역세권여부":"NA",
            "30분이내주요거점역":"NA",
            "1시간이내주요거점역":"NA",
            "3km이내백화점수":1,
            "5km이내아울렛몰수":0,
            "1km이내대형먀트수":1,
            "500m이내은행수":2,
            "500m이내병원수":27,
            "5km이내대형병원수":3,
            "500m이내공원수":0,
            "3km이내혐오시설수":0,
            "초등학교학업성취도":89.29,
            "중학교학업성취도":79.7,
            "용적률":115,
            "건폐율":0,
            "Y":35.183725,
            "X":128.562109,
            "rank":8.0,
            "area_info":"26평(89.15), 27평(91.16), 30평(100.37), 30평(100.56), 32평(108.24), 43평(145.14), 46평(152.99), 46평(155.14)",
            "last_sales":"2021-12-04,24500.0,46평(152.99)"
        },
        {
            "index":208,
            "아파트명":"마린애시앙부영",
            "투자타입":"일반",
            "전용면적(m2)":"112.52",
            "전용면적(평)":"34평",
            "법정동주소":"경상남도 창원시 마산합포구 월영동 738",
            "도로명주소":"경상남도 창원시 마산합포구 가포순환로 33",
            "세대수":100,
            "입주년차":100,
            "용적률점수":"--",
            "건폐율점수":"--",
            "세대당주차수":60,
            "난방방식":30,
            "공급면적":"--",
            "전용률":"--",
            "욕실수":100,
            "현관타입":100,
            "주거총점":87.0,
            "지역구공급총점":0.0,
            "역세권":"NA",
            "30분내 이동가능 거점":"NA",
            "1시간내 이동가능 거점":"NA",
            "교통총점":"NA",
            "백화점":0,
            "아울렛몰":0,
            "대형마트":80,
            "은행":0,
            "병원":0,
            "종합병원":100,
            "공원":100,
            "혐오시설":0,
            "인프라총점":35.0,
            "초등학군":90.0,
            "중학군":47.34,
            "학군총점":55.872,
            "인구수":18.78,
            "인구증감":23.69,
            "인구총점":20.253,
            "일자리":2.3,
            "소득수준":67.86,
            "일자리총점":21.968,
            "가치 총점":58.418,
            "매매실거래년":20211215.0,
            "매매실거래가":66000.0,
            "전세실거래년":20220109.0,
            "전세실거래가":36000.0,
            "전세가율":116.13,
            "장기전세가율평균":75.3,
            "전세가율거품지수":-40.83,
            "검색코드":112716,
            "세대수":4298.0,
            "준공년월":"2019-12-09",
            "준공년차":4.0,
            "가까운역이름":"NA",
            "가까운역거리":"NA",
            "역세권여부":"NA",
            "30분이내주요거점역":"NA",
            "1시간이내주요거점역":"NA",
            "3km이내백화점수":0,
            "5km이내아울렛몰수":0,
            "1km이내대형먀트수":1,
            "500m이내은행수":0,
            "500m이내병원수":0,
            "5km이내대형병원수":3,
            "500m이내공원수":3,
            "3km이내혐오시설수":0,
            "초등학교학업성취도":90.0,
            "중학교학업성취도":77.7,
            "용적률":249,
            "건폐율":13,
            "Y":35.174413,
            "X":128.565012,
            "rank":9.0,
            "area_info":"34평(112.52), 34평(112.66), 34평(112.99), 34평(112.72), 45평(151.89), 46평(152.13), 46평(152.14), 53평(176.08), 53평(176.69), 53평(176.7)",
            "last_sales":"2021-12-15,66000.0,46평(152.14)"
        },
        {
            "index":106,
            "아파트명":"센트럴",
            "투자타입":"일반",
            "전용면적(m2)":"72.8",
            "전용면적(평)":"22평",
            "법정동주소":"경상남도 창원시 마산합포구 신포동1가 13-1",
            "도로명주소":"경상남도 창원시 마산합포구 서성로 23",
            "세대수":80,
            "입주년차":20,
            "용적률점수":"--",
            "건폐율점수":"--",
            "세대당주차수":0,
            "난방방식":30,
            "공급면적":"--",
            "전용률":"--",
            "욕실수":50,
            "현관타입":100,
            "주거총점":50.0,
            "지역구공급총점":0.0,
            "역세권":"NA",
            "30분내 이동가능 거점":"NA",
            "1시간내 이동가능 거점":"NA",
            "교통총점":"NA",
            "백화점":100,
            "아울렛몰":0,
            "대형마트":80,
            "은행":0,
            "병원":60,
            "종합병원":100,
            "공원":100,
            "혐오시설":0,
            "인프라총점":71.0,
            "초등학군":88.58,
            "중학군":38.68,
            "학군총점":48.66,
            "인구수":18.78,
            "인구증감":23.69,
            "인구총점":20.253,
            "일자리":2.3,
            "소득수준":67.86,
            "일자리총점":21.968,
            "가치 총점":58.065,
            "매매실거래년":20211115.0,
            "매매실거래가":25500.0,
            "전세실거래년":20211222.0,
            "전세실거래가":9800.0,
            "전세가율":67.59,
            "장기전세가율평균":75.3,
            "전세가율거품지수":7.71,
            "검색코드":18482,
            "세대수":766.0,
            "준공년월":"2001-06-26",
            "준공년차":22.0,
            "가까운역이름":"NA",
            "가까운역거리":"NA",
            "역세권여부":"NA",
            "30분이내주요거점역":"NA",
            "1시간이내주요거점역":"NA",
            "3km이내백화점수":2,
            "5km이내아울렛몰수":0,
            "1km이내대형먀트수":1,
            "500m이내은행수":1,
            "500m이내병원수":25,
            "5km이내대형병원수":3,
            "500m이내공원수":3,
            "3km이내혐오시설수":0,
            "초등학교학업성취도":88.58,
            "중학교학업성취도":63.8,
            "용적률":297,
            "건폐율":22,
            "Y":35.200094,
            "X":128.569964,
            "rank":10.0,
            "area_info":"22평(72.8), 23평(76.61), 24평(82.31), 25평(83.23), 32평(108.18)",
            "last_sales":"2021-11-15,25500.0,32평(108.18)"
        },
        {
            "index":152,
            "아파트명":"중앙마린파이브",
            "투자타입":"일반",
            "전용면적(m2)":"101.55",
            "전용면적(평)":"30평",
            "법정동주소":"경상남도 창원시 마산합포구 오동동 322",
            "도로명주소":"경상남도 창원시 마산합포구 오동동14길 67",
            "세대수":50,
            "입주년차":80,
            "용적률점수":"--",
            "건폐율점수":"--",
            "세대당주차수":30,
            "난방방식":30,
            "공급면적":"--",
            "전용률":"--",
            "욕실수":100,
            "현관타입":100,
            "주거총점":61.0,
            "지역구공급총점":0.0,
            "역세권":"NA",
            "30분내 이동가능 거점":"NA",
            "1시간내 이동가능 거점":"NA",
            "교통총점":"NA",
            "백화점":100,
            "아울렛몰":0,
            "대형마트":0,
            "은행":0,
            "병원":60,
            "종합병원":100,
            "공원":80,
            "혐오시설":0,
            "인프라총점":58.4,
            "초등학군":87.51,
            "중학군":41.18,
            "학군총점":50.446,
            "인구수":18.78,
            "인구증감":23.69,
            "인구총점":20.253,
            "일자리":2.3,
            "소득수준":67.86,
            "일자리총점":21.968,
            "가치 총점":57.3215,
            "매매실거래년":20220103.0,
            "매매실거래가":34000.0,
            "전세실거래년":20220113.0,
            "전세실거래가":25000.0,
            "전세가율":75.76,
            "장기전세가율평균":75.3,
            "전세가율거품지수":-0.46,
            "검색코드":111100,
            "세대수":536.0,
            "준공년월":"2014-07-31",
            "준공년차":9.0,
            "가까운역이름":"NA",
            "가까운역거리":"NA",
            "역세권여부":"NA",
            "30분이내주요거점역":"NA",
            "1시간이내주요거점역":"NA",
            "3km이내백화점수":2,
            "5km이내아울렛몰수":0,
            "1km이내대형먀트수":0,
            "500m이내은행수":1,
            "500m이내병원수":17,
            "5km이내대형병원수":4,
            "500m이내공원수":1,
            "3km이내혐오시설수":0,
            "초등학교학업성취도":87.51,
            "중학교학업성취도":67.5,
            "용적률":394,
            "건폐율":78,
            "Y":35.206705,
            "X":128.583065,
            "rank":11.0,
            "area_info":"30평(101.55), 34평(115.5), 34평(115.33)",
            "last_sales":"2022-01-03,34000.0,34평(115.5)"
        },
        {
            "index":301,
            "아파트명":"중앙우방",
            "투자타입":"일반",
            "전용면적(m2)":"74.11",
            "전용면적(평)":"22평",
            "법정동주소":"경상남도 창원시 마산합포구 중앙동2가 1-498",
            "도로명주소":"경상남도 창원시 마산합포구 중앙동로 10",
            "세대수":50,
            "입주년차":0,
            "용적률점수":"--",
            "건폐율점수":"--",
            "세대당주차수":30,
            "난방방식":30,
            "공급면적":"--",
            "전용률":"--",
            "욕실수":50,
            "현관타입":100,
            "주거총점":40.0,
            "지역구공급총점":0.0,
            "역세권":"NA",
            "30분내 이동가능 거점":"NA",
            "1시간내 이동가능 거점":"NA",
            "교통총점":"NA",
            "백화점":100,
            "아울렛몰":0,
            "대형마트":80,
            "은행":0,
            "병원":60,
            "종합병원":100,
            "공원":100,
            "혐오시설":0,
            "인프라총점":71.0,
            "초등학군":84.82,
            "중학군":53.36,
            "학군총점":59.652,
            "인구수":18.78,
            "인구증감":23.69,
            "인구총점":20.253,
            "일자리":2.3,
            "소득수준":67.86,
            "일자리총점":21.968,
            "가치 총점":57.313,
            "매매실거래년":20211016.0,
            "매매실거래가":28000.0,
            "전세실거래년":20210717.0,
            "전세실거래가":15000.0,
            "전세가율":91.46,
            "장기전세가율평균":75.3,
            "전세가율거품지수":-16.16,
            "검색코드":6763,
            "세대수":459.0,
            "준공년월":"1997-12-30",
            "준공년차":26.0,
            "가까운역이름":"NA",
            "가까운역거리":"NA",
            "역세권여부":"NA",
            "30분이내주요거점역":"NA",
            "1시간이내주요거점역":"NA",
            "3km이내백화점수":1,
            "5km이내아울렛몰수":0,
            "1km이내대형먀트수":1,
            "500m이내은행수":1,
            "500m이내병원수":11,
            "5km이내대형병원수":3,
            "500m이내공원수":2,
            "3km이내혐오시설수":0,
            "초등학교학업성취도":84.82,
            "중학교학업성취도":87.6,
            "용적률":313,
            "건폐율":26,
            "Y":35.19586,
            "X":128.56781,
            "rank":12.0,
            "area_info":"22평(74.11), 26평(86.44), 31평(104.93), 43평(143.03), 52평(172.83), 56평(186.73)",
            "last_sales":"2021-10-16,28000.0,56평(186.73)"
        },
        {
            "index":29,
            "아파트명":"대내주공",
            "투자타입":"일반",
            "전용면적(m2)":"66.68",
            "전용면적(평)":"20평",
            "법정동주소":"경상남도 창원시 마산합포구 대내동 7-14",
            "도로명주소":"경상남도 창원시 마산합포구 월영북15길 21",
            "세대수":0,
            "입주년차":40,
            "용적률점수":"--",
            "건폐율점수":"--",
            "세대당주차수":30,
            "난방방식":30,
            "공급면적":"--",
            "전용률":"--",
            "욕실수":50,
            "현관타입":100,
            "주거총점":30.5,
            "지역구공급총점":0.0,
            "역세권":"NA",
            "30분내 이동가능 거점":"NA",
            "1시간내 이동가능 거점":"NA",
            "교통총점":"NA",
            "백화점":100,
            "아울렛몰":0,
            "대형마트":80,
            "은행":70,
            "병원":80,
            "종합병원":100,
            "공원":80,
            "혐오시설":0,
            "인프라총점":79.4,
            "초등학군":89.29,
            "중학군":48.98,
            "학군총점":57.042,
            "인구수":18.78,
            "인구증감":23.69,
            "인구총점":20.253,
            "일자리":2.3,
            "소득수준":67.86,
            "일자리총점":21.968,
            "가치 총점":56.6955,
            "매매실거래년":20211227.0,
            "매매실거래가":14800.0,
            "전세실거래년":20211017.0,
            "전세실거래가":10500.0,
            "전세가율":70.95,
            "장기전세가율평균":75.3,
            "전세가율거품지수":4.35,
            "검색코드":101086,
            "세대수":275.0,
            "준공년월":"2004-07-02",
            "준공년차":19.0,
            "가까운역이름":"NA",
            "가까운역거리":"NA",
            "역세권여부":"NA",
            "30분이내주요거점역":"NA",
            "1시간이내주요거점역":"NA",
            "3km이내백화점수":1,
            "5km이내아울렛몰수":0,
            "1km이내대형먀트수":1,
            "500m이내은행수":3,
            "500m이내병원수":41,
            "5km이내대형병원수":3,
            "500m이내공원수":1,
            "3km이내혐오시설수":0,
            "초등학교학업성취도":89.29,
            "중학교학업성취도":80.1,
            "용적률":258,
            "건폐율":22,
            "Y":35.182103,
            "X":128.55808,
            "rank":13.0,
            "area_info":"20평(66.68), 20평(67.13), 23평(78.15), 26평(87.74), 26평(88.02)",
            "last_sales":"2021-12-27,14800.0,20평(66.68)"
        },
        {
            "index":218,
            "아파트명":"월영SK오션뷰",
            "투자타입":"일반",
            "전용면적(m2)":"79.51",
            "전용면적(평)":"24평",
            "법정동주소":"경상남도 창원시 마산합포구 월영동 736",
            "도로명주소":"경상남도 창원시 마산합포구 월영남12길 12",
            "세대수":90,
            "입주년차":80,
            "용적률점수":"--",
            "건폐율점수":"--",
            "세대당주차수":30,
            "난방방식":30,
            "공급면적":"--",
            "전용률":"--",
            "욕실수":100,
            "현관타입":100,
            "주거총점":75.0,
            "지역구공급총점":0.0,
            "역세권":"NA",
            "30분내 이동가능 거점":"NA",
            "1시간내 이동가능 거점":"NA",
            "교통총점":"NA",
            "백화점":0,
            "아울렛몰":0,
            "대형마트":80,
            "은행":0,
            "병원":60,
            "종합병원":100,
            "공원":100,
            "혐오시설":0,
            "인프라총점":41.0,
            "초등학군":83.29,
            "중학군":48.98,
            "학군총점":55.842,
            "인구수":18.78,
            "인구증감":23.69,
            "인구총점":20.253,
            "일자리":2.3,
            "소득수준":67.86,
            "일자리총점":21.968,
            "가치 총점":56.6105,
            "매매실거래년":20211217.0,
            "매매실거래가":34000.0,
            "전세실거래년":20211021.0,
            "전세실거래가":17850.0,
            "전세가율":52.5,
            "장기전세가율평균":75.3,
            "전세가율거품지수":22.8,
            "검색코드":109350,
            "세대수":932.0,
            "준공년월":"2017-08-29",
            "준공년차":6.0,
            "가까운역이름":"NA",
            "가까운역거리":"NA",
            "역세권여부":"NA",
            "30분이내주요거점역":"NA",
            "1시간이내주요거점역":"NA",
            "3km이내백화점수":0,
            "5km이내아울렛몰수":0,
            "1km이내대형먀트수":1,
            "500m이내은행수":1,
            "500m이내병원수":19,
            "5km이내대형병원수":3,
            "500m이내공원수":4,
            "3km이내혐오시설수":0,
            "초등학교학업성취도":83.29,
            "중학교학업성취도":80.1,
            "용적률":248,
            "건폐율":16,
            "Y":35.175939,
            "X":128.560727,
            "rank":14.0,
            "area_info":"24평(79.51), 29평(98.11), 33평(111.12), 34평(112.49), 39평(131.65), 45평(150.18)",
            "last_sales":"2021-12-17,34000.0,24평(79.51)"
        },
        {
            "index":308,
            "아파트명":"신우희가로베스트",
            "투자타입":"일반",
            "전용면적(m2)":"78.84",
            "전용면적(평)":"23평",
            "법정동주소":"경상남도 창원시 마산합포구 중앙동3가 4-330",
            "도로명주소":"경상남도 창원시 마산합포구 중앙북1길 19",
            "세대수":30,
            "입주년차":40,
            "용적률점수":"--",
            "건폐율점수":"--",
            "세대당주차수":0,
            "난방방식":30,
            "공급면적":"--",
            "전용률":"--",
            "욕실수":50,
            "현관타입":100,
            "주거총점":36.5,
            "지역구공급총점":0.0,
            "역세권":"NA",
            "30분내 이동가능 거점":"NA",
            "1시간내 이동가능 거점":"NA",
            "교통총점":"NA",
            "백화점":100,
            "아울렛몰":0,
            "대형마트":80,
            "은행":0,
            "병원":60,
            "종합병원":100,
            "공원":100,
            "혐오시설":0,
            "인프라총점":71.0,
            "초등학군":92.02,
            "중학군":53.36,
            "학군총점":61.092,
            "인구수":18.78,
            "인구증감":23.69,
            "인구총점":20.253,
            "일자리":2.3,
            "소득수준":67.86,
            "일자리총점":21.968,
            "가치 총점":56.448,
            "매매실거래년":20211227.0,
            "매매실거래가":19900.0,
            "전세실거래년":20211118.0,
            "전세실거래가":20000.0,
            "전세가율":100.5,
            "장기전세가율평균":75.3,
            "전세가율거품지수":-25.2,
            "검색코드":100780,
            "세대수":319.0,
            "준공년월":"2006-03-14",
            "준공년차":17.0,
            "가까운역이름":"NA",
            "가까운역거리":"NA",
            "역세권여부":"NA",
            "30분이내주요거점역":"NA",
            "1시간이내주요거점역":"NA",
            "3km이내백화점수":2,
            "5km이내아울렛몰수":0,
            "1km이내대형먀트수":1,
            "500m이내은행수":1,
            "500m이내병원수":20,
            "5km이내대형병원수":3,
            "500m이내공원수":3,
            "3km이내혐오시설수":0,
            "초등학교학업성취도":92.02,
            "중학교학업성취도":87.6,
            "용적률":298,
            "건폐율":21,
            "Y":35.1981,
            "X":128.568369,
            "rank":15.0,
            "area_info":"23평(78.84), 33평(112.09), 34평(113.11)",
            "last_sales":"2021-12-27,19900.0,23평(78.84)"
        },
        {
            "index":9,
            "아파트명":"무학산벽산블루밍2단지",
            "투자타입":"일반",
            "전용면적(m2)":"80.73",
            "전용면적(평)":"24평",
            "법정동주소":"경상남도 창원시 마산합포구 교방동 355-1",
            "도로명주소":"경상남도 창원시 마산합포구 노산서18길 142",
            "세대수":50,
            "입주년차":60,
            "용적률점수":"--",
            "건폐율점수":"--",
            "세대당주차수":30,
            "난방방식":30,
            "공급면적":"--",
            "전용률":"--",
            "욕실수":100,
            "현관타입":100,
            "주거총점":57.0,
            "지역구공급총점":0.0,
            "역세권":"NA",
            "30분내 이동가능 거점":"NA",
            "1시간내 이동가능 거점":"NA",
            "교통총점":"NA",
            "백화점":100,
            "아울렛몰":0,
            "대형마트":0,
            "은행":0,
            "병원":10,
            "종합병원":100,
            "공원":100,
            "혐오시설":0,
            "인프라총점":54.0,
            "초등학군":97.01,
            "중학군":47.32,
            "학군총점":57.258,
            "인구수":18.78,
            "인구증감":23.69,
            "인구총점":20.253,
            "일자리":2.3,
            "소득수준":67.86,
            "일자리총점":21.968,
            "가치 총점":55.8645,
            "매매실거래년":20211123.0,
            "매매실거래가":34000.0,
            "전세실거래년":20211211.0,
            "전세실거래가":24500.0,
            "전세가율":94.23,
            "장기전세가율평균":75.3,
            "전세가율거품지수":-18.93,
            "검색코드":101209,
            "세대수":592.0,
            "준공년월":"2009-06-04",
            "준공년차":14.0,
            "가까운역이름":"NA",
            "가까운역거리":"NA",
            "역세권여부":"NA",
            "30분이내주요거점역":"NA",
            "1시간이내주요거점역":"NA",
            "3km이내백화점수":2,
            "5km이내아울렛몰수":0,
            "1km이내대형먀트수":0,
            "500m이내은행수":0,
            "500m이내병원수":3,
            "5km이내대형병원수":4,
            "500m이내공원수":2,
            "3km이내혐오시설수":0,
            "초등학교학업성취도":97.01,
            "중학교학업성취도":76.2,
            "용적률":249,
            "건폐율":16,
            "Y":35.215011,
            "X":128.562446,
            "rank":16.0,
            "area_info":"24평(80.73), 28평(95.24), 32평(108.66), 34평(113.51), 34평(114.96), 46평(154.79), 49평(162.84)",
            "last_sales":"2021-11-23,34000.0,34평(114.96)"
        },
        {
            "index":296,
            "아파트명":"경동메르빌2차",
            "투자타입":"일반",
            "전용면적(m2)":"80.51",
            "전용면적(평)":"24평",
            "법정동주소":"경상남도 창원시 마산합포구 중앙동2가 1-500",
            "도로명주소":"경상남도 창원시 마산합포구 중앙동3길 16",
            "세대수":0,
            "입주년차":40,
            "용적률점수":"--",
            "건폐율점수":"--",
            "세대당주차수":30,
            "난방방식":30,
            "공급면적":"--",
            "전용률":"--",
            "욕실수":100,
            "현관타입":100,
            "주거총점":35.5,
            "지역구공급총점":0.0,
            "역세권":"NA",
            "30분내 이동가능 거점":"NA",
            "1시간내 이동가능 거점":"NA",
            "교통총점":"NA",
            "백화점":100,
            "아울렛몰":0,
            "대형마트":80,
            "은행":0,
            "병원":60,
            "종합병원":100,
            "공원":0,
            "혐오시설":0,
            "인프라총점":68.0,
            "초등학군":84.82,
            "중학군":53.36,
            "학군총점":59.652,
            "인구수":18.78,
            "인구증감":23.69,
            "인구총점":20.253,
            "일자리":2.3,
            "소득수준":67.86,
            "일자리총점":21.968,
            "가치 총점":54.538,
            "매매실거래년":20211015.0,
            "매매실거래가":29400.0,
            "전세실거래년":20200310.0,
            "전세실거래가":14500.0,
            "전세가율":87.88,
            "장기전세가율평균":75.3,
            "전세가율거품지수":-12.58,
            "검색코드":101094,
            "세대수":239.0,
            "준공년월":"2007-01-12",
            "준공년차":16.0,
            "가까운역이름":"NA",
            "가까운역거리":"NA",
            "역세권여부":"NA",
            "30분이내주요거점역":"NA",
            "1시간이내주요거점역":"NA",
            "3km이내백화점수":1,
            "5km이내아울렛몰수":0,
            "1km이내대형먀트수":1,
            "500m이내은행수":1,
            "500m이내병원수":11,
            "5km이내대형병원수":3,
            "500m이내공원수":0,
            "3km이내혐오시설수":0,
            "초등학교학업성취도":84.82,
            "중학교학업성취도":87.6,
            "용적률":249,
            "건폐율":24,
            "Y":35.194266,
            "X":128.567112,
            "rank":17.0,
            "area_info":"24평(80.51), 32평(106.88)",
            "last_sales":"2021-10-15,29400.0,32평(106.88)"
        },
        {
            "index":85,
            "아파트명":"창원칸타빌오션뷰",
            "투자타입":"일반",
            "전용면적(m2)":"85.14",
            "전용면적(평)":"25평",
            "법정동주소":"경상남도 창원시 마산합포구 산호동 651",
            "도로명주소":"경상남도 창원시 마산합포구 합포동6길 8",
            "세대수":30,
            "입주년차":100,
            "용적률점수":"--",
            "건폐율점수":"--",
            "세대당주차수":30,
            "난방방식":30,
            "공급면적":"--",
            "전용률":"--",
            "욕실수":100,
            "현관타입":100,
            "주거총점":58.0,
            "지역구공급총점":0.0,
            "역세권":"NA",
            "30분내 이동가능 거점":"NA",
            "1시간내 이동가능 거점":"NA",
            "교통총점":"NA",
            "백화점":100,
            "아울렛몰":0,
            "대형마트":0,
            "은행":0,
            "병원":10,
            "종합병원":100,
            "공원":100,
            "혐오시설":0,
            "인프라총점":54.0,
            "초등학군":87.51,
            "중학군":41.18,
            "학군총점":50.446,
            "인구수":18.78,
            "인구증감":23.69,
            "인구총점":20.253,
            "일자리":2.3,
            "소득수준":67.86,
            "일자리총점":21.968,
            "가치 총점":54.5115,
            "매매실거래년":20211025.0,
            "매매실거래가":29800.0,
            "전세실거래년":20211010.0,
            "전세실거래가":28000.0,
            "전세가율":null,
            "장기전세가율평균":75.3,
            "전세가율거품지수":null,
            "검색코드":135893,
            "세대수":339.0,
            "준공년월":"2021-05-21",
            "준공년차":2.0,
            "가까운역이름":"NA",
            "가까운역거리":"NA",
            "역세권여부":"NA",
            "30분이내주요거점역":"NA",
            "1시간이내주요거점역":"NA",
            "3km이내백화점수":2,
            "5km이내아울렛몰수":0,
            "1km이내대형먀트수":0,
            "500m이내은행수":0,
            "500m이내병원수":4,
            "5km이내대형병원수":4,
            "500m이내공원수":2,
            "3km이내혐오시설수":0,
            "초등학교학업성취도":87.51,
            "중학교학업성취도":67.5,
            "용적률":508,
            "건폐율":74,
            "Y":35.211217,
            "X":128.585725,
            "rank":18.0,
            "area_info":"25평(85.14), 29평(98.95), 29평(99.12)",
            "last_sales":"2021-10-25,29800.0,29평(99.12)"
        },
        {
            "index":311,
            "아파트명":"혜성미",
            "투자타입":"일반",
            "전용면적(m2)":"88.64",
            "전용면적(평)":"26평",
            "법정동주소":"경상남도 창원시 마산합포구 중앙동3가 4-201",
            "도로명주소":"경상남도 창원시 마산합포구 중앙북2길 17",
            "세대수":0,
            "입주년차":40,
            "용적률점수":"--",
            "건폐율점수":"--",
            "세대당주차수":30,
            "난방방식":30,
            "공급면적":"--",
            "전용률":"--",
            "욕실수":50,
            "현관타입":100,
            "주거총점":30.5,
            "지역구공급총점":0.0,
            "역세권":"NA",
            "30분내 이동가능 거점":"NA",
            "1시간내 이동가능 거점":"NA",
            "교통총점":"NA",
            "백화점":100,
            "아울렛몰":0,
            "대형마트":80,
            "은행":0,
            "병원":60,
            "종합병원":100,
            "공원":100,
            "혐오시설":0,
            "인프라총점":71.0,
            "초등학군":92.02,
            "중학군":53.36,
            "학군총점":61.092,
            "인구수":18.78,
            "인구증감":23.69,
            "인구총점":20.253,
            "일자리":2.3,
            "소득수준":67.86,
            "일자리총점":21.968,
            "가치 총점":54.348,
            "매매실거래년":20210719.0,
            "매매실거래가":18400.0,
            "전세실거래년":20210626.0,
            "전세실거래가":15500.0,
            "전세가율":84.24,
            "장기전세가율평균":75.3,
            "전세가율거품지수":-8.94,
            "검색코드":100783,
            "세대수":127.0,
            "준공년월":"2006-10-30",
            "준공년차":17.0,
            "가까운역이름":"NA",
            "가까운역거리":"NA",
            "역세권여부":"NA",
            "30분이내주요거점역":"NA",
            "1시간이내주요거점역":"NA",
            "3km이내백화점수":2,
            "5km이내아울렛몰수":0,
            "1km이내대형먀트수":1,
            "500m이내은행수":1,
            "500m이내병원수":20,
            "5km이내대형병원수":3,
            "500m이내공원수":3,
            "3km이내혐오시설수":0,
            "초등학교학업성취도":92.02,
            "중학교학업성취도":87.6,
            "용적률":299,
            "건폐율":21,
            "Y":35.198597,
            "X":128.568186,
            "rank":19.0,
            "area_info":"26평(88.64)",
            "last_sales":"2021-07-19,18400.0,26평(88.64)"
        },
        {
            "index":54,
            "아파트명":"산호베스티움",
            "투자타입":"일반",
            "전용면적(m2)":"72.82",
            "전용면적(평)":"22평",
            "법정동주소":"경상남도 창원시 마산합포구 산호동 644",
            "도로명주소":"경상남도 창원시 마산합포구",
            "세대수":30,
            "입주년차":80,
            "용적률점수":"--",
            "건폐율점수":"--",
            "세대당주차수":30,
            "난방방식":30,
            "공급면적":"--",
            "전용률":"--",
            "욕실수":50,
            "현관타입":100,
            "주거총점":49.0,
            "지역구공급총점":0.0,
            "역세권":"NA",
            "30분내 이동가능 거점":"NA",
            "1시간내 이동가능 거점":"NA",
            "교통총점":"NA",
            "백화점":100,
            "아울렛몰":0,
            "대형마트":0,
            "은행":20,
            "병원":60,
            "종합병원":100,
            "공원":100,
            "혐오시설":0,
            "인프라총점":61.0,
            "초등학군":87.51,
            "중학군":41.18,
            "학군총점":50.446,
            "인구수":18.78,
            "인구증감":23.69,
            "인구총점":20.253,
            "일자리":2.3,
            "소득수준":67.86,
            "일자리총점":21.968,
            "가치 총점":54.1615,
            "매매실거래년":20220103.0,
            "매매실거래가":18000.0,
            "전세실거래년":20220114.0,
            "전세실거래가":14500.0,
            "전세가율":80.56,
            "장기전세가율평균":75.3,
            "전세가율거품지수":-5.26,
            "검색코드":111745,
            "세대수":302.0,
            "준공년월":"2016-01-08",
            "준공년차":7.0,
            "가까운역이름":"NA",
            "가까운역거리":"NA",
            "역세권여부":"NA",
            "30분이내주요거점역":"NA",
            "1시간이내주요거점역":"NA",
            "3km이내백화점수":2,
            "5km이내아울렛몰수":0,
            "1km이내대형먀트수":0,
            "500m이내은행수":2,
            "500m이내병원수":13,
            "5km이내대형병원수":4,
            "500m이내공원수":4,
            "3km이내혐오시설수":0,
            "초등학교학업성취도":87.51,
            "중학교학업성취도":67.5,
            "용적률":496,
            "건폐율":68,
            "Y":35.209321,
            "X":128.582055,
            "rank":20.0,
            "area_info":"22평(72.82), 22평(72.79), 22평(73.85), 25평(83.86), 34평(115.01), 34평(115.18)",
            "last_sales":"2022-01-03,18000.0,22평(72.82)"
        },
        {
            "index":34,
            "아파트명":"동성새롬미리내",
            "투자타입":"일반",
            "전용면적(m2)":"107.84",
            "전용면적(평)":"32평",
            "법정동주소":"경상남도 창원시 마산합포구 동성동 316",
            "도로명주소":"경상남도 창원시 마산합포구 수산1길 181",
            "세대수":0,
            "입주년차":40,
            "용적률점수":"--",
            "건폐율점수":"--",
            "세대당주차수":60,
            "난방방식":30,
            "공급면적":"--",
            "전용률":"--",
            "욕실수":100,
            "현관타입":100,
            "주거총점":40.0,
            "지역구공급총점":0.0,
            "역세권":"NA",
            "30분내 이동가능 거점":"NA",
            "1시간내 이동가능 거점":"NA",
            "교통총점":"NA",
            "백화점":100,
            "아울렛몰":0,
            "대형마트":0,
            "은행":100,
            "병원":80,
            "종합병원":100,
            "공원":0,
            "혐오시설":0,
            "인프라총점":68.0,
            "초등학군":86.55,
            "중학군":41.18,
            "학군총점":50.254,
            "인구수":18.78,
            "인구증감":23.69,
            "인구총점":20.253,
            "일자리":2.3,
            "소득수준":67.86,
            "일자리총점":21.968,
            "가치 총점":53.7635,
            "매매실거래년":20220106.0,
            "매매실거래가":20500.0,
            "전세실거래년":20210326.0,
            "전세실거래가":16000.0,
            "전세가율":78.05,
            "장기전세가율평균":75.3,
            "전세가율거품지수":-2.75,
            "검색코드":101003,
            "세대수":152.0,
            "준공년월":"2005-06-30",
            "준공년차":18.0,
            "가까운역이름":"NA",
            "가까운역거리":"NA",
            "역세권여부":"NA",
            "30분이내주요거점역":"NA",
            "1시간이내주요거점역":"NA",
            "3km이내백화점수":2,
            "5km이내아울렛몰수":0,
            "1km이내대형먀트수":0,
            "500m이내은행수":5,
            "500m이내병원수":31,
            "5km이내대형병원수":4,
            "500m이내공원수":0,
            "3km이내혐오시설수":0,
            "초등학교학업성취도":86.55,
            "중학교학업성취도":67.5,
            "용적률":0,
            "건폐율":0,
            "Y":35.203093,
            "X":128.57999,
            "rank":21.0,
            "area_info":"32평(107.84), 51평(170.2)",
            "last_sales":"2022-01-06,20500.0,32평(107.84)"
        },
        {
            "index":391,
            "아파트명":"씨티해오름",
            "투자타입":"일반",
            "전용면적(m2)":"108.98",
            "전용면적(평)":"32평",
            "법정동주소":"경상남도 창원시 마산합포구 해운동 48",
            "도로명주소":"경상남도 창원시 마산합포구 월영동11길 57",
            "세대수":0,
            "입주년차":40,
            "용적률점수":"--",
            "건폐율점수":"--",
            "세대당주차수":30,
            "난방방식":30,
            "공급면적":"--",
            "전용률":"--",
            "욕실수":100,
            "현관타입":100,
            "주거총점":35.5,
            "지역구공급총점":0.0,
            "역세권":"NA",
            "30분내 이동가능 거점":"NA",
            "1시간내 이동가능 거점":"NA",
            "교통총점":"NA",
            "백화점":100,
            "아울렛몰":0,
            "대형마트":80,
            "은행":0,
            "병원":30,
            "종합병원":100,
            "공원":100,
            "혐오시설":0,
            "인프라총점":68.0,
            "초등학군":90.0,
            "중학군":47.34,
            "학군총점":55.872,
            "인구수":18.78,
            "인구증감":23.69,
            "인구총점":20.253,
            "일자리":2.3,
            "소득수준":67.86,
            "일자리총점":21.968,
            "가치 총점":53.593,
            "매매실거래년":20211230.0,
            "매매실거래가":21000.0,
            "전세실거래년":20210930.0,
            "전세실거래가":22000.0,
            "전세가율":104.76,
            "장기전세가율평균":75.3,
            "전세가율거품지수":-29.46,
            "검색코드":100785,
            "세대수":160.0,
            "준공년월":"2005-09-07",
            "준공년차":18.0,
            "가까운역이름":"NA",
            "가까운역거리":"NA",
            "역세권여부":"NA",
            "30분이내주요거점역":"NA",
            "1시간이내주요거점역":"NA",
            "3km이내백화점수":1,
            "5km이내아울렛몰수":0,
            "1km이내대형먀트수":1,
            "500m이내은행수":0,
            "500m이내병원수":5,
            "5km이내대형병원수":3,
            "500m이내공원수":4,
            "3km이내혐오시설수":0,
            "초등학교학업성취도":90.0,
            "중학교학업성취도":77.7,
            "용적률":389,
            "건폐율":26,
            "Y":35.178937,
            "X":128.566128,
            "rank":22.0,
            "area_info":"32평(108.98), 42평(141.42)",
            "last_sales":"2021-12-30,21000.0,32평(108.98)"
        },
        {
            "index":60,
            "아파트명":"삼성타운",
            "투자타입":"일반",
            "전용면적(m2)":"74.81",
            "전용면적(평)":"22평",
            "법정동주소":"경상남도 창원시 마산합포구 산호동 18-1",
            "도로명주소":"경상남도 창원시 마산합포구 산호북1길 15",
            "세대수":50,
            "입주년차":0,
            "용적률점수":"--",
            "건폐율점수":"--",
            "세대당주차수":0,
            "난방방식":30,
            "공급면적":"--",
            "전용률":"--",
            "욕실수":50,
            "현관타입":100,
            "주거총점":35.5,
            "지역구공급총점":0.0,
            "역세권":"NA",
            "30분내 이동가능 거점":"NA",
            "1시간내 이동가능 거점":"NA",
            "교통총점":"NA",
            "백화점":100,
            "아울렛몰":0,
            "대형마트":100,
            "은행":0,
            "병원":30,
            "종합병원":100,
            "공원":100,
            "혐오시설":0,
            "인프라총점":71.0,
            "초등학군":89.05,
            "중학군":41.18,
            "학군총점":50.754,
            "인구수":18.78,
            "인구증감":23.69,
            "인구총점":20.253,
            "일자리":2.3,
            "소득수준":67.86,
            "일자리총점":21.968,
            "가치 총점":53.5135,
            "매매실거래년":20211102.0,
            "매매실거래가":17000.0,
            "전세실거래년":20211123.0,
            "전세실거래가":4000.0,
            "전세가율":26.67,
            "장기전세가율평균":75.3,
            "전세가율거품지수":48.63,
            "검색코드":6557,
            "세대수":448.0,
            "준공년월":"1996-01-27",
            "준공년차":27.0,
            "가까운역이름":"NA",
            "가까운역거리":"NA",
            "역세권여부":"NA",
            "30분이내주요거점역":"NA",
            "1시간이내주요거점역":"NA",
            "3km이내백화점수":2,
            "5km이내아울렛몰수":0,
            "1km이내대형먀트수":2,
            "500m이내은행수":1,
            "500m이내병원수":9,
            "5km이내대형병원수":4,
            "500m이내공원수":3,
            "3km이내혐오시설수":0,
            "초등학교학업성취도":89.05,
            "중학교학업성취도":67.5,
            "용적률":335,
            "건폐율":23,
            "Y":35.216919,
            "X":128.584076,
            "rank":23.0,
            "area_info":"22평(74.81), 30평(100.54), 30평(101.15), 38평(125.69), 41평(137.68)",
            "last_sales":"2021-11-02,17000.0,30평(100.54)"
        },
        {
            "index":389,
            "아파트명":"두산3차",
            "투자타입":"일반",
            "전용면적(m2)":"84.23",
            "전용면적(평)":"25평",
            "법정동주소":"경상남도 창원시 마산합포구 해운동 49",
            "도로명주소":"경상남도 창원시 마산합포구 월영동11길 42",
            "세대수":50,
            "입주년차":0,
            "용적률점수":"--",
            "건폐율점수":"--",
            "세대당주차수":0,
            "난방방식":80,
            "공급면적":"--",
            "전용률":"--",
            "욕실수":50,
            "현관타입":10,
            "주거총점":31.5,
            "지역구공급총점":0.0,
            "역세권":"NA",
            "30분내 이동가능 거점":"NA",
            "1시간내 이동가능 거점":"NA",
            "교통총점":"NA",
            "백화점":100,
            "아울렛몰":0,
            "대형마트":80,
            "은행":0,
            "병원":60,
            "종합병원":100,
            "공원":100,
            "혐오시설":0,
            "인프라총점":71.0,
            "초등학군":83.29,
            "중학군":47.34,
            "학군총점":54.53,
            "인구수":18.78,
            "인구증감":23.69,
            "인구총점":20.253,
            "일자리":2.3,
            "소득수준":67.86,
            "일자리총점":21.968,
            "가치 총점":53.0575,
            "매매실거래년":20211227.0,
            "매매실거래가":20300.0,
            "전세실거래년":20211224.0,
            "전세실거래가":16000.0,
            "전세가율":88.89,
            "장기전세가율평균":75.3,
            "전세가율거품지수":-13.59,
            "검색코드":6801,
            "세대수":594.0,
            "준공년월":"1995-10-30",
            "준공년차":28.0,
            "가까운역이름":"NA",
            "가까운역거리":"NA",
            "역세권여부":"NA",
            "30분이내주요거점역":"NA",
            "1시간이내주요거점역":"NA",
            "3km이내백화점수":1,
            "5km이내아울렛몰수":0,
            "1km이내대형먀트수":1,
            "500m이내은행수":0,
            "500m이내병원수":12,
            "5km이내대형병원수":3,
            "500m이내공원수":4,
            "3km이내혐오시설수":0,
            "초등학교학업성취도":83.29,
            "중학교학업성취도":77.7,
            "용적률":266,
            "건폐율":20,
            "Y":35.179158,
            "X":128.565295,
            "rank":24.0,
            "area_info":"25평(84.23), 32평(106.03)",
            "last_sales":"2021-12-27,20300.0,32평(106.03)"
        },
        {
            "index":243,
            "아파트명":"월영한백",
            "투자타입":"일반",
            "전용면적(m2)":"101.5",
            "전용면적(평)":"30평",
            "법정동주소":"경상남도 창원시 마산합포구 월영동 180",
            "도로명주소":"경상남도 창원시 마산합포구 문화서2길 5",
            "세대수":0,
            "입주년차":20,
            "용적률점수":"--",
            "건폐율점수":"--",
            "세대당주차수":60,
            "난방방식":30,
            "공급면적":"--",
            "전용률":"--",
            "욕실수":100,
            "현관타입":100,
            "주거총점":36.0,
            "지역구공급총점":0.0,
            "역세권":"NA",
            "30분내 이동가능 거점":"NA",
            "1시간내 이동가능 거점":"NA",
            "교통총점":"NA",
            "백화점":100,
            "아울렛몰":0,
            "대형마트":80,
            "은행":0,
            "병원":0,
            "종합병원":100,
            "공원":100,
            "혐오시설":0,
            "인프라총점":65.0,
            "초등학군":89.29,
            "중학군":48.58,
            "학군총점":56.722,
            "인구수":18.78,
            "인구증감":23.69,
            "인구총점":20.253,
            "일자리":2.3,
            "소득수준":67.86,
            "일자리총점":21.968,
            "가치 총점":52.7805,
            "매매실거래년":20211213.0,
            "매매실거래가":15200.0,
            "전세실거래년":20211208.0,
            "전세실거래가":8000.0,
            "전세가율":51.61,
            "장기전세가율평균":75.3,
            "전세가율거품지수":23.69,
            "검색코드":15461,
            "세대수":135.0,
            "준공년월":"2000-07-29",
            "준공년차":23.0,
            "가까운역이름":"NA",
            "가까운역거리":"NA",
            "역세권여부":"NA",
            "30분이내주요거점역":"NA",
            "1시간이내주요거점역":"NA",
            "3km이내백화점수":1,
            "5km이내아울렛몰수":0,
            "1km이내대형먀트수":1,
            "500m이내은행수":0,
            "500m이내병원수":0,
            "5km이내대형병원수":3,
            "500m이내공원수":3,
            "3km이내혐오시설수":0,
            "초등학교학업성취도":89.29,
            "중학교학업성취도":79.7,
            "용적률":276,
            "건폐율":24,
            "Y":35.186381,
            "X":128.552926,
            "rank":25.0,
            "area_info":"30평(101.5), 52평(172.37)",
            "last_sales":"2021-12-13,15200.0,52평(172.37)"
        },
        {
            "index":104,
            "아파트명":"새롬미리내",
            "투자타입":"일반",
            "전용면적(m2)":"108.38",
            "전용면적(평)":"32평",
            "법정동주소":"경상남도 창원시 마산합포구 신포동1가 1",
            "도로명주소":"경상남도 창원시 마산합포구 동서동3길 39",
            "세대수":0,
            "입주년차":20,
            "용적률점수":"--",
            "건폐율점수":"--",
            "세대당주차수":30,
            "난방방식":30,
            "공급면적":"--",
            "전용률":"--",
            "욕실수":100,
            "현관타입":100,
            "주거총점":31.5,
            "지역구공급총점":0.0,
            "역세권":"NA",
            "30분내 이동가능 거점":"NA",
            "1시간내 이동가능 거점":"NA",
            "교통총점":"NA",
            "백화점":100,
            "아울렛몰":0,
            "대형마트":80,
            "은행":20,
            "병원":60,
            "종합병원":100,
            "공원":100,
            "혐오시설":0,
            "인프라총점":73.0,
            "초등학군":88.58,
            "중학군":38.68,
            "학군총점":48.66,
            "인구수":18.78,
            "인구증감":23.69,
            "인구총점":20.253,
            "일자리":2.3,
            "소득수준":67.86,
            "일자리총점":21.968,
            "가치 총점":52.39,
            "매매실거래년":20211216.0,
            "매매실거래가":23500.0,
            "전세실거래년":20210321.0,
            "전세실거래가":16000.0,
            "전세가율":76.19,
            "장기전세가율평균":75.3,
            "전세가율거품지수":-0.89,
            "검색코드":101089,
            "세대수":152.0,
            "준공년월":"2003-06-02",
            "준공년차":20.0,
            "가까운역이름":"NA",
            "가까운역거리":"NA",
            "역세권여부":"NA",
            "30분이내주요거점역":"NA",
            "1시간이내주요거점역":"NA",
            "3km이내백화점수":2,
            "5km이내아울렛몰수":0,
            "1km이내대형먀트수":1,
            "500m이내은행수":2,
            "500m이내병원수":24,
            "5km이내대형병원수":3,
            "500m이내공원수":3,
            "3km이내혐오시설수":0,
            "초등학교학업성취도":88.58,
            "중학교학업성취도":63.8,
            "용적률":0,
            "건폐율":0,
            "Y":35.199538,
            "X":128.571113,
            "rank":26.0,
            "area_info":"32평(108.38), 42평(140.48)",
            "last_sales":"2021-12-16,23500.0,42평(140.48)"
        },
        {
            "index":361,
            "아파트명":"롯데빌리지",
            "투자타입":"일반",
            "전용면적(m2)":"36.8",
            "전용면적(평)":"11평",
            "법정동주소":"경상남도 창원시 마산합포구 창포동3가 8-2",
            "도로명주소":"경상남도 창원시 마산합포구 문화동15길 25",
            "세대수":0,
            "입주년차":40,
            "용적률점수":"--",
            "건폐율점수":"--",
            "세대당주차수":0,
            "난방방식":30,
            "공급면적":"--",
            "전용률":"--",
            "욕실수":50,
            "현관타입":100,
            "주거총점":26.0,
            "지역구공급총점":0.0,
            "역세권":"NA",
            "30분내 이동가능 거점":"NA",
            "1시간내 이동가능 거점":"NA",
            "교통총점":"NA",
            "백화점":100,
            "아울렛몰":0,
            "대형마트":80,
            "은행":20,
            "병원":80,
            "종합병원":100,
            "공원":0,
            "혐오시설":0,
            "인프라총점":72.0,
            "초등학군":89.29,
            "중학군":48.98,
            "학군총점":57.042,
            "인구수":18.78,
            "인구증감":23.69,
            "인구총점":20.253,
            "일자리":2.3,
            "소득수준":67.86,
            "일자리총점":21.968,
            "가치 총점":52.1605,
            "매매실거래년":20211217.0,
            "매매실거래가":7600.0,
            "전세실거래년":20210727.0,
            "전세실거래가":6000.0,
            "전세가율":78.95,
            "장기전세가율평균":75.3,
            "전세가율거품지수":-3.65,
            "검색코드":112740,
            "세대수":162.0,
            "준공년월":"2004-08-05",
            "준공년차":19.0,
            "가까운역이름":"NA",
            "가까운역거리":"NA",
            "역세권여부":"NA",
            "30분이내주요거점역":"NA",
            "1시간이내주요거점역":"NA",
            "3km이내백화점수":1,
            "5km이내아울렛몰수":0,
            "1km이내대형먀트수":1,
            "500m이내은행수":2,
            "500m이내병원수":42,
            "5km이내대형병원수":3,
            "500m이내공원수":0,
            "3km이내혐오시설수":0,
            "초등학교학업성취도":89.29,
            "중학교학업성취도":80.1,
            "용적률":497,
            "건폐율":70,
            "Y":35.181909,
            "X":128.560878,
            "rank":27.0,
            "area_info":"11평(36.8), 12평(41.73), 13평(45.45), 14평(48.11), 17평(57.49)",
            "last_sales":"2021-12-17,7600.0,11평(36.8)"
        },
        {
            "index":111,
            "아파트명":"신우희가로밀리온",
            "투자타입":"일반",
            "전용면적(m2)":"113.51",
            "전용면적(평)":"34평",
            "법정동주소":"경상남도 창원시 마산합포구 신포동1가 2-10",
            "도로명주소":"경상남도 창원시 마산합포구 동서동3길 16",
            "세대수":0,
            "입주년차":40,
            "용적률점수":"--",
            "건폐율점수":"--",
            "세대당주차수":30,
            "난방방식":30,
            "공급면적":"--",
            "전용률":"--",
            "욕실수":100,
            "현관타입":50,
            "주거총점":30.5,
            "지역구공급총점":0.0,
            "역세권":"NA",
            "30분내 이동가능 거점":"NA",
            "1시간내 이동가능 거점":"NA",
            "교통총점":"NA",
            "백화점":100,
            "아울렛몰":0,
            "대형마트":80,
            "은행":20,
            "병원":60,
            "종합병원":100,
            "공원":100,
            "혐오시설":0,
            "인프라총점":73.0,
            "초등학군":88.58,
            "중학군":38.68,
            "학군총점":48.66,
            "인구수":18.78,
            "인구증감":23.69,
            "인구총점":20.253,
            "일자리":2.3,
            "소득수준":67.86,
            "일자리총점":21.968,
            "가치 총점":52.04,
            "매매실거래년":20110715.0,
            "매매실거래가":22000.0,
            "전세실거래년":null,
            "전세실거래가":null,
            "전세가율":null,
            "장기전세가율평균":75.3,
            "전세가율거품지수":null,
            "검색코드":100993,
            "세대수":133.0,
            "준공년월":"2004-12-21",
            "준공년차":19.0,
            "가까운역이름":"NA",
            "가까운역거리":"NA",
            "역세권여부":"NA",
            "30분이내주요거점역":"NA",
            "1시간이내주요거점역":"NA",
            "3km이내백화점수":2,
            "5km이내아울렛몰수":0,
            "1km이내대형먀트수":1,
            "500m이내은행수":2,
            "500m이내병원수":20,
            "5km이내대형병원수":3,
            "500m이내공원수":3,
            "3km이내혐오시설수":0,
            "초등학교학업성취도":88.58,
            "중학교학업성취도":63.8,
            "용적률":492,
            "건폐율":43,
            "Y":35.198744,
            "X":128.571448,
            "rank":28.0,
            "area_info":"34평(113.51), 34평(115.69), 45평(149.99)",
            "last_sales":"2011-07-15,22000.0,45평(149.99)"
        },
        {
            "index":349,
            "아파트명":"창포한백",
            "투자타입":"일반",
            "전용면적(m2)":"92.13",
            "전용면적(평)":"27평",
            "법정동주소":"경상남도 창원시 마산합포구 창포동1가 20",
            "도로명주소":"경상남도 창원시 마산합포구 문화동15길 95",
            "세대수":0,
            "입주년차":20,
            "용적률점수":"--",
            "건폐율점수":"--",
            "세대당주차수":30,
            "난방방식":30,
            "공급면적":"--",
            "전용률":"--",
            "욕실수":50,
            "현관타입":100,
            "주거총점":26.5,
            "지역구공급총점":0.0,
            "역세권":"NA",
            "30분내 이동가능 거점":"NA",
            "1시간내 이동가능 거점":"NA",
            "교통총점":"NA",
            "백화점":100,
            "아울렛몰":0,
            "대형마트":80,
            "은행":20,
            "병원":60,
            "종합병원":100,
            "공원":0,
            "혐오시설":0,
            "인프라총점":70.0,
            "초등학군":89.29,
            "중학군":48.58,
            "학군총점":56.722,
            "인구수":18.78,
            "인구증감":23.69,
            "인구총점":20.253,
            "일자리":2.3,
            "소득수준":67.86,
            "일자리총점":21.968,
            "가치 총점":51.4555,
            "매매실거래년":20211129.0,
            "매매실거래가":24700.0,
            "전세실거래년":20211122.0,
            "전세실거래가":20000.0,
            "전세가율":101.52,
            "장기전세가율평균":75.3,
            "전세가율거품지수":-26.22,
            "검색코드":6779,
            "세대수":278.0,
            "준공년월":"2000-05-20",
            "준공년차":23.0,
            "가까운역이름":"NA",
            "가까운역거리":"NA",
            "역세권여부":"NA",
            "30분이내주요거점역":"NA",
            "1시간이내주요거점역":"NA",
            "3km이내백화점수":1,
            "5km이내아울렛몰수":0,
            "1km이내대형먀트수":1,
            "500m이내은행수":2,
            "500m이내병원수":21,
            "5km이내대형병원수":3,
            "500m이내공원수":0,
            "3km이내혐오시설수":0,
            "초등학교학업성취도":89.29,
            "중학교학업성취도":79.7,
            "용적률":304,
            "건폐율":23,
            "Y":35.184651,
            "X":128.5625,
            "rank":29.0,
            "area_info":"27평(92.13), 32평(107.49), 32평(107.08), 45평(151.45)",
            "last_sales":"2021-11-29,24700.0,32평(107.49)"
        },
        {
            "index":160,
            "아파트명":"대동한마음",
            "투자타입":"재건축",
            "전용면적(m2)":"102.34",
            "전용면적(평)":"30평",
            "법정동주소":"경상남도 창원시 마산합포구 완월동 306-9",
            "도로명주소":"경상남도 창원시 마산합포구 중앙서1길 55",
            "세대수":0,
            "입주년차":"--",
            "용적률점수":0,
            "건폐율점수":80,
            "세대당주차수":"--",
            "난방방식":"--",
            "공급면적":90,
            "전용률":80,
            "욕실수":"--",
            "현관타입":"--",
            "주거총점":24.5,
            "지역구공급총점":0.0,
            "역세권":"NA",
            "30분내 이동가능 거점":"NA",
            "1시간내 이동가능 거점":"NA",
            "교통총점":"NA",
            "백화점":100,
            "아울렛몰":0,
            "대형마트":80,
            "은행":20,
            "병원":60,
            "종합병원":100,
            "공원":0,
            "혐오시설":0,
            "인프라총점":70.0,
            "초등학군":83.74,
            "중학군":53.36,
            "학군총점":59.436,
            "인구수":18.78,
            "인구증감":23.69,
            "인구총점":20.253,
            "일자리":2.3,
            "소득수준":67.86,
            "일자리총점":21.968,
            "가치 총점":51.434,
            "매매실거래년":20211009.0,
            "매매실거래가":12500.0,
            "전세실거래년":20201211.0,
            "전세실거래가":9500.0,
            "전세가율":76.0,
            "장기전세가율평균":75.3,
            "전세가율거품지수":-0.7,
            "검색코드":15450,
            "세대수":152.0,
            "준공년월":"1992-09-29",
            "준공년차":31.0,
            "가까운역이름":"NA",
            "가까운역거리":"NA",
            "역세권여부":"NA",
            "30분이내주요거점역":"NA",
            "1시간이내주요거점역":"NA",
            "3km이내백화점수":1,
            "5km이내아울렛몰수":0,
            "1km이내대형먀트수":1,
            "500m이내은행수":2,
            "500m이내병원수":13,
            "5km이내대형병원수":3,
            "500m이내공원수":0,
            "3km이내혐오시설수":0,
            "초등학교학업성취도":83.74,
            "중학교학업성취도":87.6,
            "용적률":250,
            "건폐율":27,
            "Y":35.19491,
            "X":128.56324,
            "rank":30.0,
            "area_info":"30평(102.34)",
            "last_sales":"2021-10-09,12500.0,30평(102.34)"
        },
        {
            "index":401,
            "아파트명":"해운한백",
            "투자타입":"일반",
            "전용면적(m2)":"41.83",
            "전용면적(평)":"12평",
            "법정동주소":"경상남도 창원시 마산합포구 해운동 66-2",
            "도로명주소":"경상남도 창원시 마산합포구 월영동13길 14",
            "세대수":0,
            "입주년차":20,
            "용적률점수":"--",
            "건폐율점수":"--",
            "세대당주차수":0,
            "난방방식":30,
            "공급면적":"--",
            "전용률":"--",
            "욕실수":50,
            "현관타입":100,
            "주거총점":22.0,
            "지역구공급총점":0.0,
            "역세권":"NA",
            "30분내 이동가능 거점":"NA",
            "1시간내 이동가능 거점":"NA",
            "교통총점":"NA",
            "백화점":100,
            "아울렛몰":0,
            "대형마트":80,
            "은행":20,
            "병원":80,
            "종합병원":100,
            "공원":80,
            "혐오시설":0,
            "인프라총점":74.4,
            "초등학군":89.29,
            "중학군":47.34,
            "학군총점":55.73,
            "인구수":18.78,
            "인구증감":23.69,
            "인구총점":20.253,
            "일자리":2.3,
            "소득수준":67.86,
            "일자리총점":21.968,
            "가치 총점":51.3925,
            "매매실거래년":20211206.0,
            "매매실거래가":20200.0,
            "전세실거래년":20210810.0,
            "전세실거래가":5500.0,
            "전세가율":94.83,
            "장기전세가율평균":75.3,
            "전세가율거품지수":-19.53,
            "검색코드":6817,
            "세대수":140.0,
            "준공년월":"2001-08-10",
            "준공년차":22.0,
            "가까운역이름":"NA",
            "가까운역거리":"NA",
            "역세권여부":"NA",
            "30분이내주요거점역":"NA",
            "1시간이내주요거점역":"NA",
            "3km이내백화점수":1,
            "5km이내아울렛몰수":0,
            "1km이내대형먀트수":1,
            "500m이내은행수":2,
            "500m이내병원수":38,
            "5km이내대형병원수":3,
            "500m이내공원수":1,
            "3km이내혐오시설수":0,
            "초등학교학업성취도":89.29,
            "중학교학업성취도":77.7,
            "용적률":426,
            "건폐율":20,
            "Y":35.181576,
            "X":128.562786,
            "rank":31.0,
            "area_info":"12평(41.83), 18평(60.63), 21평(70.46), 33평(110.69)",
            "last_sales":"2021-12-06,20200.0,33평(110.69)"
        },
        {
            "index":386,
            "아파트명":"두산2차",
            "투자타입":"일반",
            "전용면적(m2)":"81.2",
            "전용면적(평)":"24평",
            "법정동주소":"경상남도 창원시 마산합포구 해운동 50",
            "도로명주소":"경상남도 창원시 마산합포구 월영동로 19",
            "세대수":50,
            "입주년차":0,
            "용적률점수":"--",
            "건폐율점수":"--",
            "세대당주차수":0,
            "난방방식":30,
            "공급면적":"--",
            "전용률":"--",
            "욕실수":50,
            "현관타입":10,
            "주거총점":26.5,
            "지역구공급총점":0.0,
            "역세권":"NA",
            "30분내 이동가능 거점":"NA",
            "1시간내 이동가능 거점":"NA",
            "교통총점":"NA",
            "백화점":100,
            "아울렛몰":0,
            "대형마트":80,
            "은행":0,
            "병원":60,
            "종합병원":100,
            "공원":100,
            "혐오시설":0,
            "인프라총점":71.0,
            "초등학군":83.29,
            "중학군":47.34,
            "학군총점":54.53,
            "인구수":18.78,
            "인구증감":23.69,
            "인구총점":20.253,
            "일자리":2.3,
            "소득수준":67.86,
            "일자리총점":21.968,
            "가치 총점":51.3075,
            "매매실거래년":20220110.0,
            "매매실거래가":29000.0,
            "전세실거래년":20220112.0,
            "전세실거래가":16000.0,
            "전세가율":89.89,
            "장기전세가율평균":75.3,
            "전세가율거품지수":-14.59,
            "검색코드":6795,
            "세대수":612.0,
            "준공년월":"1993-12-29",
            "준공년차":30.0,
            "가까운역이름":"NA",
            "가까운역거리":"NA",
            "역세권여부":"NA",
            "30분이내주요거점역":"NA",
            "1시간이내주요거점역":"NA",
            "3km이내백화점수":1,
            "5km이내아울렛몰수":0,
            "1km이내대형먀트수":1,
            "500m이내은행수":1,
            "500m이내병원수":19,
            "5km이내대형병원수":3,
            "500m이내공원수":5,
            "3km이내혐오시설수":0,
            "초등학교학업성취도":83.29,
            "중학교학업성취도":77.7,
            "용적률":288,
            "건폐율":21,
            "Y":35.17882,
            "X":128.564205,
            "rank":32.0,
            "area_info":"24평(81.2), 31평(105.17), 47평(156.68)",
            "last_sales":"2022-01-10,29000.0,47평(156.68)"
        },
        {
            "index":190,
            "아파트명":"청구제네스",
            "투자타입":"일반",
            "전용면적(m2)":"105.54",
            "전용면적(평)":"31평",
            "법정동주소":"경상남도 창원시 마산합포구 완월동 421",
            "도로명주소":"경상남도 창원시 마산합포구 완월남로 45",
            "세대수":30,
            "입주년차":20,
            "용적률점수":"--",
            "건폐율점수":"--",
            "세대당주차수":30,
            "난방방식":30,
            "공급면적":"--",
            "전용률":"--",
            "욕실수":100,
            "현관타입":100,
            "주거총점":42.0,
            "지역구공급총점":0.0,
            "역세권":"NA",
            "30분내 이동가능 거점":"NA",
            "1시간내 이동가능 거점":"NA",
            "교통총점":"NA",
            "백화점":100,
            "아울렛몰":0,
            "대형마트":0,
            "은행":0,
            "병원":10,
            "종합병원":100,
            "공원":100,
            "혐오시설":0,
            "인프라총점":54.0,
            "초등학군":83.74,
            "중학군":53.36,
            "학군총점":59.436,
            "인구수":18.78,
            "인구증감":23.69,
            "인구총점":20.253,
            "일자리":2.3,
            "소득수준":67.86,
            "일자리총점":21.968,
            "가치 총점":51.159,
            "매매실거래년":20210907.0,
            "매매실거래가":22000.0,
            "전세실거래년":20210902.0,
            "전세실거래가":13000.0,
            "전세가율":80.25,
            "장기전세가율평균":75.3,
            "전세가율거품지수":-4.95,
            "검색코드":15455,
            "세대수":392.0,
            "준공년월":"2002-12-01",
            "준공년차":21.0,
            "가까운역이름":"NA",
            "가까운역거리":"NA",
            "역세권여부":"NA",
            "30분이내주요거점역":"NA",
            "1시간이내주요거점역":"NA",
            "3km이내백화점수":1,
            "5km이내아울렛몰수":0,
            "1km이내대형먀트수":0,
            "500m이내은행수":0,
            "500m이내병원수":2,
            "5km이내대형병원수":3,
            "500m이내공원수":2,
            "3km이내혐오시설수":0,
            "초등학교학업성취도":83.74,
            "중학교학업성취도":87.6,
            "용적률":287,
            "건폐율":22,
            "Y":35.197124,
            "X":128.557315,
            "rank":33.0,
            "area_info":"31평(105.54), 31평(105.1), 42평(141.92), 50평(165.62)",
            "last_sales":"2021-09-07,22000.0,50평(165.62)"
        },
        {
            "index":366,
            "아파트명":"리치클하우스(도시형)",
            "투자타입":"일반",
            "전용면적(m2)":"27.12",
            "전용면적(평)":"8평",
            "법정동주소":"경상남도 창원시 마산합포구 창포동3가 6-1",
            "도로명주소":"경상남도 창원시 마산합포구 문화동12길 16",
            "세대수":0,
            "입주년차":60,
            "용적률점수":"--",
            "건폐율점수":"--",
            "세대당주차수":0,
            "난방방식":30,
            "공급면적":"--",
            "전용률":"--",
            "욕실수":50,
            "현관타입":10,
            "주거총점":21.0,
            "지역구공급총점":0.0,
            "역세권":"NA",
            "30분내 이동가능 거점":"NA",
            "1시간내 이동가능 거점":"NA",
            "교통총점":"NA",
            "백화점":100,
            "아울렛몰":0,
            "대형마트":80,
            "은행":20,
            "병원":80,
            "종합병원":100,
            "공원":0,
            "혐오시설":0,
            "인프라총점":72.0,
            "초등학군":89.29,
            "중학군":48.98,
            "학군총점":57.042,
            "인구수":18.78,
            "인구증감":23.69,
            "인구총점":20.253,
            "일자리":2.3,
            "소득수준":67.86,
            "일자리총점":21.968,
            "가치 총점":50.4105,
            "매매실거래년":20211213.0,
            "매매실거래가":5800.0,
            "전세실거래년":20210406.0,
            "전세실거래가":4500.0,
            "전세가율":77.59,
            "장기전세가율평균":75.3,
            "전세가율거품지수":-2.29,
            "검색코드":112148,
            "세대수":128.0,
            "준공년월":"2011-02-23",
            "준공년차":12.0,
            "가까운역이름":"NA",
            "가까운역거리":"NA",
            "역세권여부":"NA",
            "30분이내주요거점역":"NA",
            "1시간이내주요거점역":"NA",
            "3km이내백화점수":1,
            "5km이내아울렛몰수":0,
            "1km이내대형먀트수":1,
            "500m이내은행수":2,
            "500m이내병원수":42,
            "5km이내대형병원수":3,
            "500m이내공원수":0,
            "3km이내혐오시설수":0,
            "초등학교학업성취도":89.29,
            "중학교학업성취도":80.1,
            "용적률":467,
            "건폐율":73,
            "Y":35.182266,
            "X":128.559892,
            "rank":34.0,
            "area_info":"8평(27.12), 8평(27.37), 9평(29.98), 8평(29.09), 10평(33.92), 11평(37.56)",
            "last_sales":"2021-12-13,5800.0,8평(27.12)"
        },
        {
            "index":379,
            "아파트명":"대동씨코아",
            "투자타입":"일반",
            "전용면적(m2)":"88.96",
            "전용면적(평)":"26평",
            "법정동주소":"경상남도 창원시 마산합포구 해운동 37-4",
            "도로명주소":"경상남도 창원시 마산합포구 월영동로 8",
            "세대수":0,
            "입주년차":0,
            "용적률점수":"--",
            "건폐율점수":"--",
            "세대당주차수":60,
            "난방방식":30,
            "공급면적":"--",
            "전용률":"--",
            "욕실수":50,
            "현관타입":10,
            "주거총점":18.0,
            "지역구공급총점":0.0,
            "역세권":"NA",
            "30분내 이동가능 거점":"NA",
            "1시간내 이동가능 거점":"NA",
            "교통총점":"NA",
            "백화점":100,
            "아울렛몰":0,
            "대형마트":80,
            "은행":20,
            "병원":80,
            "종합병원":100,
            "공원":100,
            "혐오시설":0,
            "인프라총점":75.0,
            "초등학군":83.29,
            "중학군":47.34,
            "학군총점":54.53,
            "인구수":18.78,
            "인구증감":23.69,
            "인구총점":20.253,
            "일자리":2.3,
            "소득수준":67.86,
            "일자리총점":21.968,
            "가치 총점":49.9325,
            "매매실거래년":20220111.0,
            "매매실거래가":15000.0,
            "전세실거래년":20220103.0,
            "전세실거래가":13000.0,
            "전세가율":86.67,
            "장기전세가율평균":75.3,
            "전세가율거품지수":-11.37,
            "검색코드":6787,
            "세대수":199.0,
            "준공년월":"1993-12-31",
            "준공년차":30.0,
            "가까운역이름":"NA",
            "가까운역거리":"NA",
            "역세권여부":"NA",
            "30분이내주요거점역":"NA",
            "1시간이내주요거점역":"NA",
            "3km이내백화점수":1,
            "5km이내아울렛몰수":0,
            "1km이내대형먀트수":1,
            "500m이내은행수":2,
            "500m이내병원수":41,
            "5km이내대형병원수":3,
            "500m이내공원수":3,
            "3km이내혐오시설수":0,
            "초등학교학업성취도":83.29,
            "중학교학업성취도":77.7,
            "용적률":684,
            "건폐율":72,
            "Y":35.17977,
            "X":128.5624,
            "rank":35.0,
            "area_info":"26평(88.96)",
            "last_sales":"2022-01-11,15000.0,26평(88.96)"
        },
        {
            "index":5,
            "아파트명":"무학산벽산블루밍1단지",
            "투자타입":"일반",
            "전용면적(m2)":"110.01",
            "전용면적(평)":"33평",
            "법정동주소":"경상남도 창원시 마산합포구 교방동 510",
            "도로명주소":"경상남도 창원시 마산합포구 교방시장2길 9",
            "세대수":0,
            "입주년차":60,
            "용적률점수":"--",
            "건폐율점수":"--",
            "세대당주차수":30,
            "난방방식":30,
            "공급면적":"--",
            "전용률":"--",
            "욕실수":100,
            "현관타입":100,
            "주거총점":39.5,
            "지역구공급총점":0.0,
            "역세권":"NA",
            "30분내 이동가능 거점":"NA",
            "1시간내 이동가능 거점":"NA",
            "교통총점":"NA",
            "백화점":100,
            "아울렛몰":0,
            "대형마트":0,
            "은행":0,
            "병원":10,
            "종합병원":100,
            "공원":100,
            "혐오시설":0,
            "인프라총점":54.0,
            "초등학군":97.01,
            "중학군":46.58,
            "학군총점":56.666,
            "인구수":18.78,
            "인구증감":23.69,
            "인구총점":20.253,
            "일자리":2.3,
            "소득수준":67.86,
            "일자리총점":21.968,
            "가치 총점":49.5915,
            "매매실거래년":20210717.0,
            "매매실거래가":31900.0,
            "전세실거래년":null,
            "전세실거래가":null,
            "전세가율":null,
            "장기전세가율평균":75.3,
            "전세가율거품지수":null,
            "검색코드":101210,
            "세대수":201.0,
            "준공년월":"2009-06-04",
            "준공년차":14.0,
            "가까운역이름":"NA",
            "가까운역거리":"NA",
            "역세권여부":"NA",
            "30분이내주요거점역":"NA",
            "1시간이내주요거점역":"NA",
            "3km이내백화점수":2,
            "5km이내아울렛몰수":0,
            "1km이내대형먀트수":0,
            "500m이내은행수":0,
            "500m이내병원수":3,
            "5km이내대형병원수":4,
            "500m이내공원수":3,
            "3km이내혐오시설수":0,
            "초등학교학업성취도":97.01,
            "중학교학업성취도":75.1,
            "용적률":249,
            "건폐율":24,
            "Y":35.216611,
            "X":128.561534,
            "rank":36.0,
            "area_info":"33평(110.01), 34평(113.6), 34평(115.13), 42평(139.64)",
            "last_sales":"2021-07-17,31900.0,42평(139.64)"
        },
        {
            "index":383,
            "아파트명":"두산1차",
            "투자타입":"재건축",
            "전용면적(m2)":"88.15",
            "전용면적(평)":"26평",
            "법정동주소":"경상남도 창원시 마산합포구 해운동 38",
            "도로명주소":"경상남도 창원시 마산합포구 월영동6길 39",
            "세대수":30,
            "입주년차":"--",
            "용적률점수":0,
            "건폐율점수":0,
            "세대당주차수":"--",
            "난방방식":"--",
            "공급면적":70,
            "전용률":60,
            "욕실수":"--",
            "현관타입":"--",
            "주거총점":15.5,
            "지역구공급총점":0.0,
            "역세권":"NA",
            "30분내 이동가능 거점":"NA",
            "1시간내 이동가능 거점":"NA",
            "교통총점":"NA",
            "백화점":100,
            "아울렛몰":0,
            "대형마트":80,
            "은행":20,
            "병원":80,
            "종합병원":100,
            "공원":100,
            "혐오시설":0,
            "인프라총점":75.0,
            "초등학군":83.29,
            "중학군":47.34,
            "학군총점":54.53,
            "인구수":18.78,
            "인구증감":23.69,
            "인구총점":20.253,
            "일자리":2.3,
            "소득수준":67.86,
            "일자리총점":21.968,
            "가치 총점":49.0575,
            "매매실거래년":20211101.0,
            "매매실거래가":26000.0,
            "전세실거래년":20210704.0,
            "전세실거래가":10000.0,
            "전세가율":58.82,
            "장기전세가율평균":75.3,
            "전세가율거품지수":16.48,
            "검색코드":6790,
            "세대수":390.0,
            "준공년월":"1991-01-01",
            "준공년차":32.0,
            "가까운역이름":"NA",
            "가까운역거리":"NA",
            "역세권여부":"NA",
            "30분이내주요거점역":"NA",
            "1시간이내주요거점역":"NA",
            "3km이내백화점수":1,
            "5km이내아울렛몰수":0,
            "1km이내대형먀트수":1,
            "500m이내은행수":2,
            "500m이내병원수":39,
            "5km이내대형병원수":3,
            "500m이내공원수":3,
            "3km이내혐오시설수":0,
            "초등학교학업성취도":83.29,
            "중학교학업성취도":77.7,
            "용적률":296,
            "건폐율":0,
            "Y":35.178801,
            "X":128.562547,
            "rank":37.0,
            "area_info":"26평(88.15), 32평(107.9), 47평(158.58)",
            "last_sales":"2021-11-01,26000.0,47평(158.58)"
        },
        {
            "index":342,
            "아파트명":"동성",
            "투자타입":"재건축",
            "전용면적(m2)":"73.44",
            "전용면적(평)":"22평",
            "법정동주소":"경상남도 창원시 마산합포구 창포동1가 1",
            "도로명주소":"경상남도 창원시 마산합포구 문화동7길 23",
            "세대수":0,
            "입주년차":"--",
            "용적률점수":0,
            "건폐율점수":80,
            "세대당주차수":"--",
            "난방방식":"--",
            "공급면적":50,
            "전용률":80,
            "욕실수":"--",
            "현관타입":"--",
            "주거총점":22.5,
            "지역구공급총점":0.0,
            "역세권":"NA",
            "30분내 이동가능 거점":"NA",
            "1시간내 이동가능 거점":"NA",
            "교통총점":"NA",
            "백화점":100,
            "아울렛몰":0,
            "대형마트":80,
            "은행":0,
            "병원":30,
            "종합병원":100,
            "공원":80,
            "혐오시설":0,
            "인프라총점":67.4,
            "초등학군":89.29,
            "중학군":48.58,
            "학군총점":56.722,
            "인구수":18.78,
            "인구증감":23.69,
            "인구총점":20.253,
            "일자리":2.3,
            "소득수준":67.86,
            "일자리총점":21.968,
            "가치 총점":49.0155,
            "매매실거래년":20211202.0,
            "매매실거래가":25300.0,
            "전세실거래년":20211015.0,
            "전세실거래가":12000.0,
            "전세가율":81.36,
            "장기전세가율평균":75.3,
            "전세가율거품지수":-6.06,
            "검색코드":6775,
            "세대수":222.0,
            "준공년월":"1992-12-31",
            "준공년차":31.0,
            "가까운역이름":"NA",
            "가까운역거리":"NA",
            "역세권여부":"NA",
            "30분이내주요거점역":"NA",
            "1시간이내주요거점역":"NA",
            "3km이내백화점수":1,
            "5km이내아울렛몰수":0,
            "1km이내대형먀트수":1,
            "500m이내은행수":1,
            "500m이내병원수":6,
            "5km이내대형병원수":3,
            "500m이내공원수":1,
            "3km이내혐오시설수":0,
            "초등학교학업성취도":89.29,
            "중학교학업성취도":79.7,
            "용적률":275,
            "건폐율":25,
            "Y":35.185052,
            "X":128.561668,
            "rank":38.0,
            "area_info":"22평(73.44), 31평(102.76), 31평(102.79), 37평(125.41), 48평(161.89), 50평(167.86), 66평(218.37)",
            "last_sales":"2021-12-02,25300.0,50평(167.86)"
        },
        {
            "index":130,
            "아파트명":"신한토탈",
            "투자타입":"일반",
            "전용면적(m2)":"79.33",
            "전용면적(평)":"23평",
            "법정동주소":"경상남도 창원시 마산합포구 신흥동 1-2",
            "도로명주소":"경상남도 창원시 마산합포구 장군천로 38",
            "세대수":0,
            "입주년차":0,
            "용적률점수":"--",
            "건폐율점수":"--",
            "세대당주차수":0,
            "난방방식":30,
            "공급면적":"--",
            "전용률":"--",
            "욕실수":50,
            "현관타입":100,
            "주거총점":18.0,
            "지역구공급총점":0.0,
            "역세권":"NA",
            "30분내 이동가능 거점":"NA",
            "1시간내 이동가능 거점":"NA",
            "교통총점":"NA",
            "백화점":100,
            "아울렛몰":0,
            "대형마트":80,
            "은행":0,
            "병원":60,
            "종합병원":100,
            "공원":0,
            "혐오시설":0,
            "인프라총점":68.0,
            "초등학군":92.02,
            "중학군":53.36,
            "학군총점":61.092,
            "인구수":18.78,
            "인구증감":23.69,
            "인구총점":20.253,
            "일자리":2.3,
            "소득수준":67.86,
            "일자리총점":21.968,
            "가치 총점":48.773,
            "매매실거래년":20211118.0,
            "매매실거래가":14400.0,
            "전세실거래년":20170621.0,
            "전세실거래가":9000.0,
            "전세가율":62.5,
            "장기전세가율평균":75.3,
            "전세가율거품지수":12.8,
            "검색코드":6760,
            "세대수":176.0,
            "준공년월":"1997-02-28",
            "준공년차":26.0,
            "가까운역이름":"NA",
            "가까운역거리":"NA",
            "역세권여부":"NA",
            "30분이내주요거점역":"NA",
            "1시간이내주요거점역":"NA",
            "3km이내백화점수":1,
            "5km이내아울렛몰수":0,
            "1km이내대형먀트수":1,
            "500m이내은행수":1,
            "500m이내병원수":13,
            "5km이내대형병원수":3,
            "500m이내공원수":0,
            "3km이내혐오시설수":0,
            "초등학교학업성취도":92.02,
            "중학교학업성취도":87.6,
            "용적률":284,
            "건폐율":26,
            "Y":35.196217,
            "X":128.566225,
            "rank":39.0,
            "area_info":"23평(79.33), 32평(106.96), 39평(130.4), 51평(170.85)",
            "last_sales":"2021-11-18,14400.0,23평(79.33)"
        },
        {
            "index":380,
            "아파트명":"동성",
            "투자타입":"일반",
            "전용면적(m2)":"71.8",
            "전용면적(평)":"21평",
            "법정동주소":"경상남도 창원시 마산합포구 해운동 59",
            "도로명주소":"경상남도 창원시 마산합포구 월영동16길 17",
            "세대수":0,
            "입주년차":0,
            "용적률점수":"--",
            "건폐율점수":"--",
            "세대당주차수":0,
            "난방방식":30,
            "공급면적":"--",
            "전용률":"--",
            "욕실수":50,
            "현관타입":100,
            "주거총점":18.0,
            "지역구공급총점":0.0,
            "역세권":"NA",
            "30분내 이동가능 거점":"NA",
            "1시간내 이동가능 거점":"NA",
            "교통총점":"NA",
            "백화점":100,
            "아울렛몰":0,
            "대형마트":80,
            "은행":0,
            "병원":60,
            "종합병원":100,
            "공원":80,
            "혐오시설":0,
            "인프라총점":70.4,
            "초등학군":89.29,
            "중학군":47.34,
            "학군총점":55.73,
            "인구수":18.78,
            "인구증감":23.69,
            "인구총점":20.253,
            "일자리":2.3,
            "소득수준":67.86,
            "일자리총점":21.968,
            "가치 총점":48.3925,
            "매매실거래년":20211113.0,
            "매매실거래가":18000.0,
            "전세실거래년":20211124.0,
            "전세실거래가":15000.0,
            "전세가율":83.33,
            "장기전세가율평균":75.3,
            "전세가율거품지수":-8.03,
            "검색코드":6815,
            "세대수":210.0,
            "준공년월":"1996-06-18",
            "준공년차":27.0,
            "가까운역이름":"NA",
            "가까운역거리":"NA",
            "역세권여부":"NA",
            "30분이내주요거점역":"NA",
            "1시간이내주요거점역":"NA",
            "3km이내백화점수":1,
            "5km이내아울렛몰수":0,
            "1km이내대형먀트수":1,
            "500m이내은행수":1,
            "500m이내병원수":21,
            "5km이내대형병원수":3,
            "500m이내공원수":1,
            "3km이내혐오시설수":0,
            "초등학교학업성취도":89.29,
            "중학교학업성취도":77.7,
            "용적률":335,
            "건폐율":32,
            "Y":35.183266,
            "X":128.56383,
            "rank":40.0,
            "area_info":"21평(71.8), 24평(79.61), 32평(106.68)",
            "last_sales":"2021-11-13,18000.0,21평(71.8)"
        },
        {
            "index":169,
            "아파트명":"완월서광",
            "투자타입":"일반",
            "전용면적(m2)":"90.68",
            "전용면적(평)":"27평",
            "법정동주소":"경상남도 창원시 마산합포구 완월동 282-14",
            "도로명주소":"경상남도 창원시 마산합포구 고운로 168",
            "세대수":0,
            "입주년차":0,
            "용적률점수":"--",
            "건폐율점수":"--",
            "세대당주차수":0,
            "난방방식":30,
            "공급면적":"--",
            "전용률":"--",
            "욕실수":50,
            "현관타입":100,
            "주거총점":18.0,
            "지역구공급총점":0.0,
            "역세권":"NA",
            "30분내 이동가능 거점":"NA",
            "1시간내 이동가능 거점":"NA",
            "교통총점":"NA",
            "백화점":100,
            "아울렛몰":0,
            "대형마트":80,
            "은행":0,
            "병원":30,
            "종합병원":100,
            "공원":80,
            "혐오시설":0,
            "인프라총점":67.4,
            "초등학군":83.74,
            "중학군":53.36,
            "학군총점":59.436,
            "인구수":18.78,
            "인구증감":23.69,
            "인구총점":20.253,
            "일자리":2.3,
            "소득수준":67.86,
            "일자리총점":21.968,
            "가치 총점":48.119,
            "매매실거래년":20220110.0,
            "매매실거래가":11500.0,
            "전세실거래년":20200707.0,
            "전세실거래가":7500.0,
            "전세가율":65.22,
            "장기전세가율평균":75.3,
            "전세가율거품지수":10.08,
            "검색코드":15451,
            "세대수":138.0,
            "준공년월":"1995-04-15",
            "준공년차":28.0,
            "가까운역이름":"NA",
            "가까운역거리":"NA",
            "역세권여부":"NA",
            "30분이내주요거점역":"NA",
            "1시간이내주요거점역":"NA",
            "3km이내백화점수":1,
            "5km이내아울렛몰수":0,
            "1km이내대형먀트수":1,
            "500m이내은행수":1,
            "500m이내병원수":7,
            "5km이내대형병원수":3,
            "500m이내공원수":1,
            "3km이내혐오시설수":0,
            "초등학교학업성취도":83.74,
            "중학교학업성취도":87.6,
            "용적률":383,
            "건폐율":48,
            "Y":35.19694,
            "X":128.56236,
            "rank":41.0,
            "area_info":"27평(90.68), 27평(90.34), 27평(90.52), 33평(111.29), 38평(127.45), 38평(128.24)",
            "last_sales":"2022-01-10,11500.0,27평(90.68)"
        },
        {
            "index":372,
            "아파트명":"창포경민",
            "투자타입":"재건축",
            "전용면적(m2)":"80.19",
            "전용면적(평)":"24평",
            "법정동주소":"경상남도 창원시 마산합포구 창포동3가 1-19",
            "도로명주소":"경상남도 창원시 마산합포구 문화동14길 46",
            "세대수":0,
            "입주년차":"--",
            "용적률점수":0,
            "건폐율점수":40,
            "세대당주차수":"--",
            "난방방식":"--",
            "공급면적":50,
            "전용률":60,
            "욕실수":"--",
            "현관타입":"--",
            "주거총점":13.5,
            "지역구공급총점":0.0,
            "역세권":"NA",
            "30분내 이동가능 거점":"NA",
            "1시간내 이동가능 거점":"NA",
            "교통총점":"NA",
            "백화점":100,
            "아울렛몰":0,
            "대형마트":80,
            "은행":20,
            "병원":80,
            "종합병원":100,
            "공원":0,
            "혐오시설":0,
            "인프라총점":72.0,
            "초등학군":89.29,
            "중학군":48.98,
            "학군총점":57.042,
            "인구수":18.78,
            "인구증감":23.69,
            "인구총점":20.253,
            "일자리":2.3,
            "소득수준":67.86,
            "일자리총점":21.968,
            "가치 총점":47.7855,
            "매매실거래년":20211117.0,
            "매매실거래가":14000.0,
            "전세실거래년":20210116.0,
            "전세실거래가":10000.0,
            "전세가율":71.43,
            "장기전세가율평균":75.3,
            "전세가율거품지수":3.87,
            "검색코드":15487,
            "세대수":147.0,
            "준공년월":"1992-08-01",
            "준공년차":31.0,
            "가까운역이름":"NA",
            "가까운역거리":"NA",
            "역세권여부":"NA",
            "30분이내주요거점역":"NA",
            "1시간이내주요거점역":"NA",
            "3km이내백화점수":1,
            "5km이내아울렛몰수":0,
            "1km이내대형먀트수":1,
            "500m이내은행수":2,
            "500m이내병원수":42,
            "5km이내대형병원수":3,
            "500m이내공원수":0,
            "3km이내혐오시설수":0,
            "초등학교학업성취도":89.29,
            "중학교학업성취도":80.1,
            "용적률":330,
            "건폐율":37,
            "Y":35.182169,
            "X":128.561341,
            "rank":42.0,
            "area_info":"24평(80.19), 35평(117.41)",
            "last_sales":"2021-11-17,14000.0,24평(80.19)"
        },
        {
            "index":147,
            "아파트명":"오동다숲(도시형)",
            "투자타입":"일반",
            "전용면적(m2)":"50.44",
            "전용면적(평)":"15평",
            "법정동주소":"경상남도 창원시 마산합포구 오동동 28-1",
            "도로명주소":"경상남도 창원시 마산합포구 오동북3길 5",
            "세대수":0,
            "입주년차":80,
            "용적률점수":"--",
            "건폐율점수":"--",
            "세대당주차수":0,
            "난방방식":30,
            "공급면적":"--",
            "전용률":"--",
            "욕실수":50,
            "현관타입":10,
            "주거총점":25.0,
            "지역구공급총점":0.0,
            "역세권":"NA",
            "30분내 이동가능 거점":"NA",
            "1시간내 이동가능 거점":"NA",
            "교통총점":"NA",
            "백화점":100,
            "아울렛몰":0,
            "대형마트":0,
            "은행":70,
            "병원":60,
            "종합병원":100,
            "공원":100,
            "혐오시설":0,
            "인프라총점":66.0,
            "초등학군":87.51,
            "중학군":41.18,
            "학군총점":50.446,
            "인구수":18.78,
            "인구증감":23.69,
            "인구총점":20.253,
            "일자리":2.3,
            "소득수준":67.86,
            "일자리총점":21.968,
            "가치 총점":47.7615,
            "매매실거래년":20171219.0,
            "매매실거래가":16700.0,
            "전세실거래년":null,
            "전세실거래가":null,
            "전세가율":null,
            "장기전세가율평균":75.3,
            "전세가율거품지수":null,
            "검색코드":115257,
            "세대수":120.0,
            "준공년월":"2017-12-14",
            "준공년차":6.0,
            "가까운역이름":"NA",
            "가까운역거리":"NA",
            "역세권여부":"NA",
            "30분이내주요거점역":"NA",
            "1시간이내주요거점역":"NA",
            "3km이내백화점수":2,
            "5km이내아울렛몰수":0,
            "1km이내대형먀트수":0,
            "500m이내은행수":3,
            "500m이내병원수":22,
            "5km이내대형병원수":4,
            "500m이내공원수":2,
            "3km이내혐오시설수":0,
            "초등학교학업성취도":87.51,
            "중학교학업성취도":67.5,
            "용적률":495,
            "건폐율":41,
            "Y":35.208124,
            "X":128.58058,
            "rank":43.0,
            "area_info":"15평(50.44), 22평(72.78), 21평(72.65), 21평(72.65), 21평(72.65)",
            "last_sales":"2017-12-19,16700.0,21평(72.65)"
        },
        {
            "index":376,
            "아파트명":"경민시티빌",
            "투자타입":"일반",
            "전용면적(m2)":"94.53",
            "전용면적(평)":"28평",
            "법정동주소":"경상남도 창원시 마산합포구 해운동 58",
            "도로명주소":"경상남도 창원시 마산합포구 해안대로 91",
            "세대수":0,
            "입주년차":0,
            "용적률점수":"--",
            "건폐율점수":"--",
            "세대당주차수":30,
            "난방방식":30,
            "공급면적":"--",
            "전용률":"--",
            "욕실수":50,
            "현관타입":10,
            "주거총점":13.5,
            "지역구공급총점":0.0,
            "역세권":"NA",
            "30분내 이동가능 거점":"NA",
            "1시간내 이동가능 거점":"NA",
            "교통총점":"NA",
            "백화점":100,
            "아울렛몰":0,
            "대형마트":80,
            "은행":20,
            "병원":60,
            "종합병원":100,
            "공원":80,
            "혐오시설":0,
            "인프라총점":72.4,
            "초등학군":89.29,
            "중학군":47.34,
            "학군총점":55.73,
            "인구수":18.78,
            "인구증감":23.69,
            "인구총점":20.253,
            "일자리":2.3,
            "소득수준":67.86,
            "일자리총점":21.968,
            "가치 총점":47.6175,
            "매매실거래년":20211026.0,
            "매매실거래가":18300.0,
            "전세실거래년":20200521.0,
            "전세실거래가":11000.0,
            "전세가율":55.0,
            "장기전세가율평균":75.3,
            "전세가율거품지수":20.3,
            "검색코드":15490,
            "세대수":128.0,
            "준공년월":"1998-05-19",
            "준공년차":25.0,
            "가까운역이름":"NA",
            "가까운역거리":"NA",
            "역세권여부":"NA",
            "30분이내주요거점역":"NA",
            "1시간이내주요거점역":"NA",
            "3km이내백화점수":1,
            "5km이내아울렛몰수":0,
            "1km이내대형먀트수":1,
            "500m이내은행수":2,
            "500m이내병원수":22,
            "5km이내대형병원수":3,
            "500m이내공원수":1,
            "3km이내혐오시설수":0,
            "초등학교학업성취도":89.29,
            "중학교학업성취도":77.7,
            "용적률":556,
            "건폐율":65,
            "Y":35.184079,
            "X":128.563473,
            "rank":44.0,
            "area_info":"28평(94.53), 28평(94.84), 30평(99.8)",
            "last_sales":"2021-10-26,18300.0,30평(99.8)"
        },
        {
            "index":374,
            "아파트명":"신추산",
            "투자타입":"일반",
            "전용면적(m2)":"51.57",
            "전용면적(평)":"15평",
            "법정동주소":"경상남도 창원시 마산합포구 추산동 49-1",
            "도로명주소":"경상남도 창원시 마산합포구 문신길 169",
            "세대수":30,
            "입주년차":0,
            "용적률점수":"--",
            "건폐율점수":"--",
            "세대당주차수":0,
            "난방방식":30,
            "공급면적":"--",
            "전용률":"--",
            "욕실수":50,
            "현관타입":100,
            "주거총점":28.5,
            "지역구공급총점":0.0,
            "역세권":"NA",
            "30분내 이동가능 거점":"NA",
            "1시간내 이동가능 거점":"NA",
            "교통총점":"NA",
            "백화점":100,
            "아울렛몰":0,
            "대형마트":0,
            "은행":0,
            "병원":60,
            "종합병원":100,
            "공원":100,
            "혐오시설":0,
            "인프라총점":59.0,
            "초등학군":86.55,
            "중학군":47.32,
            "학군총점":55.166,
            "인구수":18.78,
            "인구증감":23.69,
            "인구총점":20.253,
            "일자리":2.3,
            "소득수준":67.86,
            "일자리총점":21.968,
            "가치 총점":47.3665,
            "매매실거래년":20220113.0,
            "매매실거래가":4600.0,
            "전세실거래년":20210602.0,
            "전세실거래가":5000.0,
            "전세가율":108.7,
            "장기전세가율평균":75.3,
            "전세가율거품지수":-33.4,
            "검색코드":15447,
            "세대수":342.0,
            "준공년월":"1996-10-05",
            "준공년차":27.0,
            "가까운역이름":"NA",
            "가까운역거리":"NA",
            "역세권여부":"NA",
            "30분이내주요거점역":"NA",
            "1시간이내주요거점역":"NA",
            "3km이내백화점수":2,
            "5km이내아울렛몰수":0,
            "1km이내대형먀트수":0,
            "500m이내은행수":1,
            "500m이내병원수":10,
            "5km이내대형병원수":4,
            "500m이내공원수":2,
            "3km이내혐오시설수":0,
            "초등학교학업성취도":86.55,
            "중학교학업성취도":76.2,
            "용적률":0,
            "건폐율":0,
            "Y":35.207115,
            "X":128.570222,
            "rank":45.0,
            "area_info":"15평(51.57), 23평(76.64)",
            "last_sales":"2022-01-13,4600.0,15평(51.57)"
        },
        {
            "index":134,
            "아파트명":"기산",
            "투자타입":"일반",
            "전용면적(m2)":"59.36",
            "전용면적(평)":"17평",
            "법정동주소":"경상남도 창원시 마산합포구 오동동 18-61",
            "도로명주소":"경상남도 창원시 마산합포구 오동동14길 29",
            "세대수":0,
            "입주년차":0,
            "용적률점수":"--",
            "건폐율점수":"--",
            "세대당주차수":60,
            "난방방식":30,
            "공급면적":"--",
            "전용률":"--",
            "욕실수":50,
            "현관타입":100,
            "주거총점":27.0,
            "지역구공급총점":0.0,
            "역세권":"NA",
            "30분내 이동가능 거점":"NA",
            "1시간내 이동가능 거점":"NA",
            "교통총점":"NA",
            "백화점":100,
            "아울렛몰":0,
            "대형마트":0,
            "은행":70,
            "병원":60,
            "종합병원":100,
            "공원":0,
            "혐오시설":0,
            "인프라총점":63.0,
            "초등학군":87.51,
            "중학군":41.18,
            "학군총점":50.446,
            "인구수":18.78,
            "인구증감":23.69,
            "인구총점":20.253,
            "일자리":2.3,
            "소득수준":67.86,
            "일자리총점":21.968,
            "가치 총점":47.2615,
            "매매실거래년":20211208.0,
            "매매실거래가":15700.0,
            "전세실거래년":20200810.0,
            "전세실거래가":6500.0,
            "전세가율":77.38,
            "장기전세가율평균":75.3,
            "전세가율거품지수":-2.08,
            "검색코드":16618,
            "세대수":158.0,
            "준공년월":"1997-05-06",
            "준공년차":26.0,
            "가까운역이름":"NA",
            "가까운역거리":"NA",
            "역세권여부":"NA",
            "30분이내주요거점역":"NA",
            "1시간이내주요거점역":"NA",
            "3km이내백화점수":2,
            "5km이내아울렛몰수":0,
            "1km이내대형먀트수":0,
            "500m이내은행수":4,
            "500m이내병원수":26,
            "5km이내대형병원수":4,
            "500m이내공원수":0,
            "3km이내혐오시설수":0,
            "초등학교학업성취도":87.51,
            "중학교학업성취도":67.5,
            "용적률":529,
            "건폐율":73,
            "Y":35.20529,
            "X":128.58081,
            "rank":46.0,
            "area_info":"17평(59.36), 24평(80.87), 34평(114.02), 68평(225.08)",
            "last_sales":"2021-12-08,15700.0,34평(114.02)"
        },
        {
            "index":120,
            "아파트명":"삼익",
            "투자타입":"재건축",
            "전용면적(m2)":"61.16",
            "전용면적(평)":"18평",
            "법정동주소":"경상남도 창원시 마산합포구 신포동2가 54",
            "도로명주소":"경상남도 창원시 마산합포구 서성로 43",
            "세대수":30,
            "입주년차":"--",
            "용적률점수":0,
            "건폐율점수":0,
            "세대당주차수":"--",
            "난방방식":"--",
            "공급면적":50,
            "전용률":60,
            "욕실수":"--",
            "현관타입":"--",
            "주거총점":14.5,
            "지역구공급총점":0.0,
            "역세권":"NA",
            "30분내 이동가능 거점":"NA",
            "1시간내 이동가능 거점":"NA",
            "교통총점":"NA",
            "백화점":100,
            "아울렛몰":0,
            "대형마트":80,
            "은행":20,
            "병원":80,
            "종합병원":100,
            "공원":100,
            "혐오시설":0,
            "인프라총점":75.0,
            "초등학군":88.58,
            "중학군":38.68,
            "학군총점":48.66,
            "인구수":18.78,
            "인구증감":23.69,
            "인구총점":20.253,
            "일자리":2.3,
            "소득수준":67.86,
            "일자리총점":21.968,
            "가치 총점":47.24,
            "매매실거래년":20210927.0,
            "매매실거래가":15900.0,
            "전세실거래년":20210308.0,
            "전세실거래가":6500.0,
            "전세가율":71.43,
            "장기전세가율평균":75.3,
            "전세가율거품지수":3.87,
            "검색코드":6581,
            "세대수":346.0,
            "준공년월":"1979-08-23",
            "준공년차":44.0,
            "가까운역이름":"NA",
            "가까운역거리":"NA",
            "역세권여부":"NA",
            "30분이내주요거점역":"NA",
            "1시간이내주요거점역":"NA",
            "3km이내백화점수":2,
            "5km이내아울렛몰수":0,
            "1km이내대형먀트수":1,
            "500m이내은행수":2,
            "500m이내병원수":32,
            "5km이내대형병원수":3,
            "500m이내공원수":3,
            "3km이내혐오시설수":0,
            "초등학교학업성취도":88.58,
            "중학교학업성취도":63.8,
            "용적률":0,
            "건폐율":0,
            "Y":35.20136,
            "X":128.570863,
            "rank":47.0,
            "area_info":"18평(61.16), 25평(85.42), 25평(85.02), 34평(114.94), 34평(115.14), 34평(115.14), 42평(140.86), 42평(141.11), 54평(179.37), 54평(180.19)",
            "last_sales":"2021-09-27,15900.0,34평(115.14)"
        },
        {
            "index":405,
            "아파트명":"현대",
            "투자타입":"일반",
            "전용면적(m2)":"77.78",
            "전용면적(평)":"23평",
            "법정동주소":"경상남도 창원시 마산합포구 해운동 47-1",
            "도로명주소":"경상남도 창원시 마산합포구 월영동11길 37",
            "세대수":0,
            "입주년차":0,
            "용적률점수":"--",
            "건폐율점수":"--",
            "세대당주차수":0,
            "난방방식":30,
            "공급면적":"--",
            "전용률":"--",
            "욕실수":50,
            "현관타입":100,
            "주거총점":18.0,
            "지역구공급총점":0.0,
            "역세권":"NA",
            "30분내 이동가능 거점":"NA",
            "1시간내 이동가능 거점":"NA",
            "교통총점":"NA",
            "백화점":100,
            "아울렛몰":0,
            "대형마트":80,
            "은행":0,
            "병원":30,
            "종합병원":100,
            "공원":100,
            "혐오시설":0,
            "인프라총점":68.0,
            "초등학군":83.29,
            "중학군":47.34,
            "학군총점":54.53,
            "인구수":18.78,
            "인구증감":23.69,
            "인구총점":20.253,
            "일자리":2.3,
            "소득수준":67.86,
            "일자리총점":21.968,
            "가치 총점":47.1325,
            "매매실거래년":20211207.0,
            "매매실거래가":15000.0,
            "전세실거래년":20220106.0,
            "전세실거래가":13500.0,
            "전세가율":90.0,
            "장기전세가율평균":75.3,
            "전세가율거품지수":-14.7,
            "검색코드":6831,
            "세대수":140.0,
            "준공년월":"1995-08-22",
            "준공년차":28.0,
            "가까운역이름":"NA",
            "가까운역거리":"NA",
            "역세권여부":"NA",
            "30분이내주요거점역":"NA",
            "1시간이내주요거점역":"NA",
            "3km이내백화점수":1,
            "5km이내아울렛몰수":0,
            "1km이내대형먀트수":1,
            "500m이내은행수":0,
            "500m이내병원수":5,
            "5km이내대형병원수":3,
            "500m이내공원수":4,
            "3km이내혐오시설수":0,
            "초등학교학업성취도":83.29,
            "중학교학업성취도":77.7,
            "용적률":392,
            "건폐율":33,
            "Y":35.179686,
            "X":128.56591,
            "rank":48.0,
            "area_info":"23평(77.78), 23평(77.8), 33평(110.23)",
            "last_sales":"2021-12-07,15000.0,23평(77.78)"
        },
        {
            "index":396,
            "아파트명":"평화리버타운",
            "투자타입":"일반",
            "전용면적(m2)":"40.63",
            "전용면적(평)":"12평",
            "법정동주소":"경상남도 창원시 마산합포구 해운동 47",
            "도로명주소":"경상남도 창원시 마산합포구 월영동11길 29",
            "세대수":0,
            "입주년차":20,
            "용적률점수":"--",
            "건폐율점수":"--",
            "세대당주차수":0,
            "난방방식":30,
            "공급면적":"--",
            "전용률":"--",
            "욕실수":50,
            "현관타입":10,
            "주거총점":13.0,
            "지역구공급총점":0.0,
            "역세권":"NA",
            "30분내 이동가능 거점":"NA",
            "1시간내 이동가능 거점":"NA",
            "교통총점":"NA",
            "백화점":100,
            "아울렛몰":0,
            "대형마트":80,
            "은행":0,
            "병원":60,
            "종합병원":100,
            "공원":100,
            "혐오시설":0,
            "인프라총점":71.0,
            "초등학군":89.29,
            "중학군":47.34,
            "학군총점":55.73,
            "인구수":18.78,
            "인구증감":23.69,
            "인구총점":20.253,
            "일자리":2.3,
            "소득수준":67.86,
            "일자리총점":21.968,
            "가치 총점":46.8825,
            "매매실거래년":20211211.0,
            "매매실거래가":6100.0,
            "전세실거래년":20211223.0,
            "전세실거래가":6500.0,
            "전세가율":106.56,
            "장기전세가율평균":75.3,
            "전세가율거품지수":-31.26,
            "검색코드":121371,
            "세대수":224.0,
            "준공년월":"1999-03-03",
            "준공년차":24.0,
            "가까운역이름":"NA",
            "가까운역거리":"NA",
            "역세권여부":"NA",
            "30분이내주요거점역":"NA",
            "1시간이내주요거점역":"NA",
            "3km이내백화점수":1,
            "5km이내아울렛몰수":0,
            "1km이내대형먀트수":1,
            "500m이내은행수":0,
            "500m이내병원수":12,
            "5km이내대형병원수":3,
            "500m이내공원수":3,
            "3km이내혐오시설수":0,
            "초등학교학업성취도":89.29,
            "중학교학업성취도":77.7,
            "용적률":525,
            "건폐율":69,
            "Y":35.180193,
            "X":128.565486,
            "rank":49.0,
            "area_info":"12평(40.63), 13평(43.91)",
            "last_sales":"2021-12-11,6100.0,12평(40.63)"
        },
        {
            "index":393,
            "아파트명":"평화골든타워",
            "투자타입":"일반",
            "전용면적(m2)":"72.47",
            "전용면적(평)":"21평",
            "법정동주소":"경상남도 창원시 마산합포구 해운동 52",
            "도로명주소":"경상남도 창원시 마산합포구 월영동남로 16",
            "세대수":0,
            "입주년차":0,
            "용적률점수":"--",
            "건폐율점수":"--",
            "세대당주차수":0,
            "난방방식":30,
            "공급면적":"--",
            "전용률":"--",
            "욕실수":50,
            "현관타입":100,
            "주거총점":18.0,
            "지역구공급총점":0.0,
            "역세권":"NA",
            "30분내 이동가능 거점":"NA",
            "1시간내 이동가능 거점":"NA",
            "교통총점":"NA",
            "백화점":100,
            "아울렛몰":0,
            "대형마트":80,
            "은행":0,
            "병원":10,
            "종합병원":100,
            "공원":100,
            "혐오시설":0,
            "인프라총점":66.0,
            "초등학군":90.0,
            "중학군":47.34,
            "학군총점":55.872,
            "인구수":18.78,
            "인구증감":23.69,
            "인구총점":20.253,
            "일자리":2.3,
            "소득수준":67.86,
            "일자리총점":21.968,
            "가치 총점":46.668,
            "매매실거래년":20210819.0,
            "매매실거래가":16400.0,
            "전세실거래년":20210729.0,
            "전세실거래가":9000.0,
            "전세가율":100.0,
            "장기전세가율평균":75.3,
            "전세가율거품지수":-24.7,
            "검색코드":6805,
            "세대수":190.0,
            "준공년월":"1993-09-11",
            "준공년차":30.0,
            "가까운역이름":"NA",
            "가까운역거리":"NA",
            "역세권여부":"NA",
            "30분이내주요거점역":"NA",
            "1시간이내주요거점역":"NA",
            "3km이내백화점수":1,
            "5km이내아울렛몰수":0,
            "1km이내대형먀트수":1,
            "500m이내은행수":0,
            "500m이내병원수":4,
            "5km이내대형병원수":3,
            "500m이내공원수":4,
            "3km이내혐오시설수":0,
            "초등학교학업성취도":90.0,
            "중학교학업성취도":77.7,
            "용적률":390,
            "건폐율":26,
            "Y":35.177639,
            "X":128.566305,
            "rank":50.0,
            "area_info":"21평(72.47), 28평(93.34), 39평(131.63)",
            "last_sales":"2021-08-19,16400.0,39평(131.63)"
        },
        {
            "index":398,
            "아파트명":"한일비치맨션",
            "투자타입":"일반",
            "전용면적(m2)":"75.99",
            "전용면적(평)":"22평",
            "법정동주소":"경상남도 창원시 마산합포구 해운동 53",
            "도로명주소":"경상남도 창원시 마산합포구 월영동남로 22",
            "세대수":0,
            "입주년차":0,
            "용적률점수":"--",
            "건폐율점수":"--",
            "세대당주차수":0,
            "난방방식":30,
            "공급면적":"--",
            "전용률":"--",
            "욕실수":50,
            "현관타입":100,
            "주거총점":18.0,
            "지역구공급총점":0.0,
            "역세권":"NA",
            "30분내 이동가능 거점":"NA",
            "1시간내 이동가능 거점":"NA",
            "교통총점":"NA",
            "백화점":100,
            "아울렛몰":0,
            "대형마트":80,
            "은행":0,
            "병원":10,
            "종합병원":100,
            "공원":100,
            "혐오시설":0,
            "인프라총점":66.0,
            "초등학군":90.0,
            "중학군":47.34,
            "학군총점":55.872,
            "인구수":18.78,
            "인구증감":23.69,
            "인구총점":20.253,
            "일자리":2.3,
            "소득수준":67.86,
            "일자리총점":21.968,
            "가치 총점":46.668,
            "매매실거래년":20211130.0,
            "매매실거래가":13000.0,
            "전세실거래년":20200430.0,
            "전세실거래가":8500.0,
            "전세가율":82.52,
            "장기전세가율평균":75.3,
            "전세가율거품지수":-7.22,
            "검색코드":6810,
            "세대수":198.0,
            "준공년월":"1996-03-25",
            "준공년차":27.0,
            "가까운역이름":"NA",
            "가까운역거리":"NA",
            "역세권여부":"NA",
            "30분이내주요거점역":"NA",
            "1시간이내주요거점역":"NA",
            "3km이내백화점수":1,
            "5km이내아울렛몰수":0,
            "1km이내대형먀트수":1,
            "500m이내은행수":0,
            "500m이내병원수":4,
            "5km이내대형병원수":3,
            "500m이내공원수":4,
            "3km이내혐오시설수":0,
            "초등학교학업성취도":90.0,
            "중학교학업성취도":77.7,
            "용적률":398,
            "건폐율":31,
            "Y":35.17787,
            "X":128.566987,
            "rank":50.0,
            "area_info":"22평(75.99), 25평(83.21), 54평(181.17)",
            "last_sales":"2021-11-30,13000.0,25평(83.21)"
        },
        {
            "index":416,
            "아파트명":"중흥S-클래스프라디움3차",
            "투자타입":"일반",
            "전용면적(m2)":"109.94",
            "전용면적(평)":"33평",
            "법정동주소":"경상남도 창원시 마산합포구 현동 700",
            "도로명주소":"경상남도 창원시 마산합포구 현동1길 8",
            "세대수":90,
            "입주년차":80,
            "용적률점수":"--",
            "건폐율점수":"--",
            "세대당주차수":30,
            "난방방식":30,
            "공급면적":"--",
            "전용률":"--",
            "욕실수":100,
            "현관타입":100,
            "주거총점":75.0,
            "지역구공급총점":0.0,
            "역세권":"NA",
            "30분내 이동가능 거점":"NA",
            "1시간내 이동가능 거점":"NA",
            "교통총점":"NA",
            "백화점":0,
            "아울렛몰":0,
            "대형마트":0,
            "은행":0,
            "병원":0,
            "종합병원":80,
            "공원":0,
            "혐오시설":0,
            "인프라총점":16.0,
            "초등학군":88.67,
            "중학군":47.34,
            "학군총점":55.606,
            "인구수":18.78,
            "인구증감":23.69,
            "인구총점":20.253,
            "일자리":2.3,
            "소득수준":67.86,
            "일자리총점":21.968,
            "가치 총점":46.5515,
            "매매실거래년":20211229.0,
            "매매실거래가":43000.0,
            "전세실거래년":20220115.0,
            "전세실거래가":18000.0,
            "전세가율":57.51,
            "장기전세가율평균":75.3,
            "전세가율거품지수":17.79,
            "검색코드":109463,
            "세대수":1343.0,
            "준공년월":"2017-03-22",
            "준공년차":6.0,
            "가까운역이름":"NA",
            "가까운역거리":"NA",
            "역세권여부":"NA",
            "30분이내주요거점역":"NA",
            "1시간이내주요거점역":"NA",
            "3km이내백화점수":0,
            "5km이내아울렛몰수":0,
            "1km이내대형먀트수":0,
            "500m이내은행수":0,
            "500m이내병원수":1,
            "5km이내대형병원수":1,
            "500m이내공원수":0,
            "3km이내혐오시설수":0,
            "초등학교학업성취도":88.67,
            "중학교학업성취도":77.7,
            "용적률":169,
            "건폐율":12,
            "Y":35.14887,
            "X":128.56036,
            "rank":51.0,
            "area_info":"33평(109.94), 33평(110.84), 33평(110.18), 37평(122.34), 37평(122.58), 37평(124.03), 39평(129.33), 41평(136.56), 41평(137.59), 42평(139.28), 43평(143.38), 48평(159.8)",
            "last_sales":"2021-12-29,43000.0,39평(129.33)"
        },
        {
            "index":138,
            "아파트명":"서광아침의빛",
            "투자타입":"일반",
            "전용면적(m2)":"67.96",
            "전용면적(평)":"20평",
            "법정동주소":"경상남도 창원시 마산합포구 오동동 12-3",
            "도로명주소":"경상남도 창원시 마산합포구 오동동10길 73",
            "세대수":0,
            "입주년차":40,
            "용적률점수":"--",
            "건폐율점수":"--",
            "세대당주차수":0,
            "난방방식":30,
            "공급면적":"--",
            "전용률":"--",
            "욕실수":50,
            "현관타입":50,
            "주거총점":21.0,
            "지역구공급총점":0.0,
            "역세권":"NA",
            "30분내 이동가능 거점":"NA",
            "1시간내 이동가능 거점":"NA",
            "교통총점":"NA",
            "백화점":100,
            "아울렛몰":0,
            "대형마트":0,
            "은행":70,
            "병원":60,
            "종합병원":100,
            "공원":100,
            "혐오시설":0,
            "인프라총점":66.0,
            "초등학군":87.51,
            "중학군":41.18,
            "학군총점":50.446,
            "인구수":18.78,
            "인구증감":23.69,
            "인구총점":20.253,
            "일자리":2.3,
            "소득수준":67.86,
            "일자리총점":21.968,
            "가치 총점":46.3615,
            "매매실거래년":20210208.0,
            "매매실거래가":15500.0,
            "전세실거래년":null,
            "전세실거래가":null,
            "전세가율":null,
            "장기전세가율평균":75.3,
            "전세가율거품지수":null,
            "검색코드":27425,
            "세대수":214.0,
            "준공년월":"2008-05-02",
            "준공년차":15.0,
            "가까운역이름":"NA",
            "가까운역거리":"NA",
            "역세권여부":"NA",
            "30분이내주요거점역":"NA",
            "1시간이내주요거점역":"NA",
            "3km이내백화점수":2,
            "5km이내아울렛몰수":0,
            "1km이내대형먀트수":0,
            "500m이내은행수":3,
            "500m이내병원수":24,
            "5km이내대형병원수":4,
            "500m이내공원수":2,
            "3km이내혐오시설수":0,
            "초등학교학업성취도":87.51,
            "중학교학업성취도":67.5,
            "용적률":486,
            "건폐율":78,
            "Y":35.207144,
            "X":128.581106,
            "rank":52.0,
            "area_info":"20평(67.96), 22평(73.53), 28평(94.42), 32평(106.5), 34평(113.2), 34평(113.12), 34평(113.18), 34평(113.16), 34평(113.13)",
            "last_sales":"2021-02-08,15500.0,34평(113.16)"
        },
        {
            "index":408,
            "아파트명":"LH그린품애",
            "투자타입":"일반",
            "전용면적(m2)":"80.86",
            "전용면적(평)":"24평",
            "법정동주소":"경상남도 창원시 마산합포구 현동 620",
            "도로명주소":"경상남도 창원시 마산합포구 묘촌1길 28",
            "세대수":80,
            "입주년차":80,
            "용적률점수":"--",
            "건폐율점수":"--",
            "세대당주차수":30,
            "난방방식":30,
            "공급면적":"--",
            "전용률":"--",
            "욕실수":100,
            "현관타입":100,
            "주거총점":71.5,
            "지역구공급총점":0.0,
            "역세권":"NA",
            "30분내 이동가능 거점":"NA",
            "1시간내 이동가능 거점":"NA",
            "교통총점":"NA",
            "백화점":0,
            "아울렛몰":0,
            "대형마트":0,
            "은행":0,
            "병원":0,
            "종합병원":80,
            "공원":80,
            "혐오시설":0,
            "인프라총점":18.4,
            "초등학군":88.67,
            "중학군":47.34,
            "학군총점":55.606,
            "인구수":18.78,
            "인구증감":23.69,
            "인구총점":20.253,
            "일자리":2.3,
            "소득수준":67.86,
            "일자리총점":21.968,
            "가치 총점":46.2865,
            "매매실거래년":20220111.0,
            "매매실거래가":22000.0,
            "전세실거래년":20220111.0,
            "전세실거래가":20500.0,
            "전세가율":93.61,
            "장기전세가율평균":75.3,
            "전세가율거품지수":-18.31,
            "검색코드":107852,
            "세대수":838.0,
            "준공년월":"2015-10-16",
            "준공년차":8.0,
            "가까운역이름":"NA",
            "가까운역거리":"NA",
            "역세권여부":"NA",
            "30분이내주요거점역":"NA",
            "1시간이내주요거점역":"NA",
            "3km이내백화점수":0,
            "5km이내아울렛몰수":0,
            "1km이내대형먀트수":0,
            "500m이내은행수":0,
            "500m이내병원수":0,
            "5km이내대형병원수":1,
            "500m이내공원수":1,
            "3km이내혐오시설수":0,
            "초등학교학업성취도":88.67,
            "중학교학업성취도":77.7,
            "용적률":159,
            "건폐율":15,
            "Y":35.141501,
            "X":128.558428,
            "rank":53.0,
            "area_info":"24평(80.86), 24평(80.64), 30평(100.79), 30평(101.12), 34평(114.56), 34평(114.51)",
            "last_sales":"2022-01-11,22000.0,24평(80.64)"
        },
        {
            "index":82,
            "아파트명":"진웅네스빌",
            "투자타입":"일반",
            "전용면적(m2)":"99.53",
            "전용면적(평)":"30평",
            "법정동주소":"경상남도 창원시 마산합포구 산호동 421-1",
            "도로명주소":"경상남도 창원시 마산합포구 합포남2길 11",
            "세대수":0,
            "입주년차":20,
            "용적률점수":"--",
            "건폐율점수":"--",
            "세대당주차수":30,
            "난방방식":30,
            "공급면적":"--",
            "전용률":"--",
            "욕실수":100,
            "현관타입":100,
            "주거총점":31.5,
            "지역구공급총점":0.0,
            "역세권":"NA",
            "30분내 이동가능 거점":"NA",
            "1시간내 이동가능 거점":"NA",
            "교통총점":"NA",
            "백화점":100,
            "아울렛몰":0,
            "대형마트":0,
            "은행":0,
            "병원":30,
            "종합병원":100,
            "공원":100,
            "혐오시설":0,
            "인프라총점":56.0,
            "초등학군":87.51,
            "중학군":41.18,
            "학군총점":50.446,
            "인구수":18.78,
            "인구증감":23.69,
            "인구총점":20.253,
            "일자리":2.3,
            "소득수준":67.86,
            "일자리총점":21.968,
            "가치 총점":46.0365,
            "매매실거래년":20211223.0,
            "매매실거래가":17400.0,
            "전세실거래년":20210427.0,
            "전세실거래가":12000.0,
            "전세가율":86.33,
            "장기전세가율평균":75.3,
            "전세가율거품지수":-11.03,
            "검색코드":100991,
            "세대수":109.0,
            "준공년월":"2003-05-29",
            "준공년차":20.0,
            "가까운역이름":"NA",
            "가까운역거리":"NA",
            "역세권여부":"NA",
            "30분이내주요거점역":"NA",
            "1시간이내주요거점역":"NA",
            "3km이내백화점수":2,
            "5km이내아울렛몰수":0,
            "1km이내대형먀트수":0,
            "500m이내은행수":1,
            "500m이내병원수":8,
            "5km이내대형병원수":4,
            "500m이내공원수":4,
            "3km이내혐오시설수":0,
            "초등학교학업성취도":87.51,
            "중학교학업성취도":67.5,
            "용적률":499,
            "건폐율":56,
            "Y":35.209787,
            "X":128.582498,
            "rank":54.0,
            "area_info":"30평(99.53), 30평(99.48), 30평(99.51)",
            "last_sales":"2021-12-23,17400.0,30평(99.48)"
        },
        {
            "index":194,
            "아파트명":"화인",
            "투자타입":"일반",
            "전용면적(m2)":"74.88",
            "전용면적(평)":"22평",
            "법정동주소":"경상남도 창원시 마산합포구 완월동 478",
            "도로명주소":"경상남도 창원시 마산합포구 완월남8길 16",
            "세대수":30,
            "입주년차":0,
            "용적률점수":"--",
            "건폐율점수":"--",
            "세대당주차수":0,
            "난방방식":30,
            "공급면적":"--",
            "전용률":"--",
            "욕실수":50,
            "현관타입":100,
            "주거총점":28.5,
            "지역구공급총점":0.0,
            "역세권":"NA",
            "30분내 이동가능 거점":"NA",
            "1시간내 이동가능 거점":"NA",
            "교통총점":"NA",
            "백화점":100,
            "아울렛몰":0,
            "대형마트":0,
            "은행":0,
            "병원":0,
            "종합병원":100,
            "공원":100,
            "혐오시설":0,
            "인프라총점":53.0,
            "초등학군":83.74,
            "중학군":53.36,
            "학군총점":59.436,
            "인구수":18.78,
            "인구증감":23.69,
            "인구총점":20.253,
            "일자리":2.3,
            "소득수준":67.86,
            "일자리총점":21.968,
            "가치 총점":46.034,
            "매매실거래년":20211216.0,
            "매매실거래가":10500.0,
            "전세실거래년":20211203.0,
            "전세실거래가":8500.0,
            "전세가율":91.89,
            "장기전세가율평균":75.3,
            "전세가율거품지수":-16.59,
            "검색코드":15457,
            "세대수":352.0,
            "준공년월":"1994-04-21",
            "준공년차":29.0,
            "가까운역이름":"NA",
            "가까운역거리":"NA",
            "역세권여부":"NA",
            "30분이내주요거점역":"NA",
            "1시간이내주요거점역":"NA",
            "3km이내백화점수":1,
            "5km이내아울렛몰수":0,
            "1km이내대형먀트수":0,
            "500m이내은행수":0,
            "500m이내병원수":1,
            "5km이내대형병원수":3,
            "500m이내공원수":2,
            "3km이내혐오시설수":0,
            "초등학교학업성취도":83.74,
            "중학교학업성취도":87.6,
            "용적률":291,
            "건폐율":21,
            "Y":35.195506,
            "X":128.558292,
            "rank":55.0,
            "area_info":"22평(74.88), 31평(105.11), 31평(105.23), 51평(170.37), 51평(171.07)",
            "last_sales":"2021-12-16,10500.0,31평(105.23)"
        },
        {
            "index":307,
            "아파트명":"80시영(삼우)",
            "투자타입":"재건축",
            "전용면적(m2)":"42.81",
            "전용면적(평)":"12평",
            "법정동주소":"경상남도 창원시 마산합포구 중앙동3가 4-207",
            "도로명주소":"경상남도 창원시 마산합포구 중앙북1길 20",
            "세대수":0,
            "입주년차":"--",
            "용적률점수":0,
            "건폐율점수":0,
            "세대당주차수":"--",
            "난방방식":"--",
            "공급면적":50,
            "전용률":80,
            "욕실수":"--",
            "현관타입":"--",
            "주거총점":6.5,
            "지역구공급총점":0.0,
            "역세권":"NA",
            "30분내 이동가능 거점":"NA",
            "1시간내 이동가능 거점":"NA",
            "교통총점":"NA",
            "백화점":100,
            "아울렛몰":0,
            "대형마트":80,
            "은행":0,
            "병원":60,
            "종합병원":100,
            "공원":100,
            "혐오시설":0,
            "인프라총점":71.0,
            "초등학군":92.02,
            "중학군":53.36,
            "학군총점":61.092,
            "인구수":18.78,
            "인구증감":23.69,
            "인구총점":20.253,
            "일자리":2.3,
            "소득수준":67.86,
            "일자리총점":21.968,
            "가치 총점":45.948,
            "매매실거래년":20220113.0,
            "매매실거래가":6500.0,
            "전세실거래년":20211129.0,
            "전세실거래가":6000.0,
            "전세가율":92.31,
            "장기전세가율평균":75.3,
            "전세가율거품지수":-17.01,
            "검색코드":6757,
            "세대수":110.0,
            "준공년월":"1980-01-01",
            "준공년차":43.0,
            "가까운역이름":"NA",
            "가까운역거리":"NA",
            "역세권여부":"NA",
            "30분이내주요거점역":"NA",
            "1시간이내주요거점역":"NA",
            "3km이내백화점수":2,
            "5km이내아울렛몰수":0,
            "1km이내대형먀트수":1,
            "500m이내은행수":1,
            "500m이내병원수":12,
            "5km이내대형병원수":3,
            "500m이내공원수":3,
            "3km이내혐오시설수":0,
            "초등학교학업성취도":92.02,
            "중학교학업성취도":87.6,
            "용적률":0,
            "건폐율":0,
            "Y":35.197207,
            "X":128.568604,
            "rank":56.0,
            "area_info":"12평(42.81)",
            "last_sales":"2022-01-13,6500.0,12평(42.81)"
        },
        {
            "index":205,
            "아파트명":"동아1차",
            "투자타입":"일반",
            "전용면적(m2)":"76.65",
            "전용면적(평)":"23평",
            "법정동주소":"경상남도 창원시 마산합포구 월영동 614-7",
            "도로명주소":"경상남도 창원시 마산합포구 월영남로 43",
            "세대수":80,
            "입주년차":0,
            "용적률점수":"--",
            "건폐율점수":"--",
            "세대당주차수":0,
            "난방방식":30,
            "공급면적":"--",
            "전용률":"--",
            "욕실수":50,
            "현관타입":100,
            "주거총점":46.0,
            "지역구공급총점":0.0,
            "역세권":"NA",
            "30분내 이동가능 거점":"NA",
            "1시간내 이동가능 거점":"NA",
            "교통총점":"NA",
            "백화점":0,
            "아울렛몰":0,
            "대형마트":80,
            "은행":0,
            "병원":30,
            "종합병원":100,
            "공원":100,
            "혐오시설":0,
            "인프라총점":38.0,
            "초등학군":90.0,
            "중학군":48.98,
            "학군총점":57.184,
            "인구수":18.78,
            "인구증감":23.69,
            "인구총점":20.253,
            "일자리":2.3,
            "소득수준":67.86,
            "일자리총점":21.968,
            "가치 총점":45.596,
            "매매실거래년":20211222.0,
            "매매실거래가":21800.0,
            "전세실거래년":20220116.0,
            "전세실거래가":14000.0,
            "전세가율":82.35,
            "장기전세가율평균":75.3,
            "전세가율거품지수":-7.05,
            "검색코드":6669,
            "세대수":895.0,
            "준공년월":"1998-04-07",
            "준공년차":25.0,
            "가까운역이름":"NA",
            "가까운역거리":"NA",
            "역세권여부":"NA",
            "30분이내주요거점역":"NA",
            "1시간이내주요거점역":"NA",
            "3km이내백화점수":0,
            "5km이내아울렛몰수":0,
            "1km이내대형먀트수":1,
            "500m이내은행수":1,
            "500m이내병원수":6,
            "5km이내대형병원수":3,
            "500m이내공원수":3,
            "3km이내혐오시설수":0,
            "초등학교학업성취도":90.0,
            "중학교학업성취도":80.1,
            "용적률":299,
            "건폐율":19,
            "Y":35.174412,
            "X":128.5603,
            "rank":57.0,
            "area_info":"23평(76.65), 32평(108.99), 33평(109.25)",
            "last_sales":"2021-12-22,21800.0,33평(109.25)"
        },
        {
            "index":298,
            "아파트명":"마산현대",
            "투자타입":"재건축",
            "전용면적(m2)":"114.95",
            "전용면적(평)":"34평",
            "법정동주소":"경상남도 창원시 마산합포구 중앙동2가 5-1",
            "도로명주소":"경상남도 창원시 마산합포구 중앙남8길 7",
            "세대수":0,
            "입주년차":"--",
            "용적률점수":0,
            "건폐율점수":0,
            "세대당주차수":"--",
            "난방방식":"--",
            "공급면적":90,
            "전용률":60,
            "욕실수":"--",
            "현관타입":"--",
            "주거총점":7.5,
            "지역구공급총점":0.0,
            "역세권":"NA",
            "30분내 이동가능 거점":"NA",
            "1시간내 이동가능 거점":"NA",
            "교통총점":"NA",
            "백화점":100,
            "아울렛몰":0,
            "대형마트":80,
            "은행":20,
            "병원":60,
            "종합병원":100,
            "공원":0,
            "혐오시설":0,
            "인프라총점":70.0,
            "초등학군":84.82,
            "중학군":53.36,
            "학군총점":59.652,
            "인구수":18.78,
            "인구증감":23.69,
            "인구총점":20.253,
            "일자리":2.3,
            "소득수준":67.86,
            "일자리총점":21.968,
            "가치 총점":45.538,
            "매매실거래년":20211111.0,
            "매매실거래가":13100.0,
            "전세실거래년":null,
            "전세실거래가":null,
            "전세가율":null,
            "장기전세가율평균":75.3,
            "전세가율거품지수":null,
            "검색코드":6770,
            "세대수":108.0,
            "준공년월":"1985-07-09",
            "준공년차":38.0,
            "가까운역이름":"NA",
            "가까운역거리":"NA",
            "역세권여부":"NA",
            "30분이내주요거점역":"NA",
            "1시간이내주요거점역":"NA",
            "3km이내백화점수":1,
            "5km이내아울렛몰수":0,
            "1km이내대형먀트수":1,
            "500m이내은행수":2,
            "500m이내병원수":13,
            "5km이내대형병원수":3,
            "500m이내공원수":0,
            "3km이내혐오시설수":0,
            "초등학교학업성취도":84.82,
            "중학교학업성취도":87.6,
            "용적률":0,
            "건폐율":0,
            "Y":35.194501,
            "X":128.565638,
            "rank":58.0,
            "area_info":"34평(114.95), 35평(118.42), 51평(168.93)",
            "last_sales":"2021-11-11,13100.0,51평(168.93)"
        },
        {
            "index":44,
            "아파트명":"대한맨션",
            "투자타입":"재건축",
            "전용면적(m2)":"89.43",
            "전용면적(평)":"27평",
            "법정동주소":"경상남도 창원시 마산합포구 산호동 10-29",
            "도로명주소":"경상남도 창원시 마산합포구 산호북5길 26",
            "세대수":0,
            "입주년차":"--",
            "용적률점수":0,
            "건폐율점수":0,
            "세대당주차수":"--",
            "난방방식":"--",
            "공급면적":70,
            "전용률":60,
            "욕실수":"--",
            "현관타입":"--",
            "주거총점":6.5,
            "지역구공급총점":0.0,
            "역세권":"NA",
            "30분내 이동가능 거점":"NA",
            "1시간내 이동가능 거점":"NA",
            "교통총점":"NA",
            "백화점":100,
            "아울렛몰":0,
            "대형마트":100,
            "은행":20,
            "병원":60,
            "종합병원":100,
            "공원":100,
            "혐오시설":0,
            "인프라총점":76.0,
            "초등학군":89.05,
            "중학군":41.18,
            "학군총점":50.754,
            "인구수":18.78,
            "인구증감":23.69,
            "인구총점":20.253,
            "일자리":2.3,
            "소득수준":67.86,
            "일자리총점":21.968,
            "가치 총점":45.3635,
            "매매실거래년":20211206.0,
            "매매실거래가":15900.0,
            "전세실거래년":20171208.0,
            "전세실거래가":12000.0,
            "전세가율":102.56,
            "장기전세가율평균":75.3,
            "전세가율거품지수":-27.26,
            "검색코드":6549,
            "세대수":100.0,
            "준공년월":"1985-06-21",
            "준공년차":38.0,
            "가까운역이름":"NA",
            "가까운역거리":"NA",
            "역세권여부":"NA",
            "30분이내주요거점역":"NA",
            "1시간이내주요거점역":"NA",
            "3km이내백화점수":2,
            "5km이내아울렛몰수":0,
            "1km이내대형먀트수":2,
            "500m이내은행수":2,
            "500m이내병원수":19,
            "5km이내대형병원수":4,
            "500m이내공원수":3,
            "3km이내혐오시설수":0,
            "초등학교학업성취도":89.05,
            "중학교학업성취도":67.5,
            "용적률":0,
            "건폐율":0,
            "Y":35.21959,
            "X":128.58558,
            "rank":59.0,
            "area_info":"27평(89.43), 33평(112.29)",
            "last_sales":"2021-12-06,15900.0,33평(112.29)"
        },
        {
            "index":248,
            "아파트명":"현대1차",
            "투자타입":"일반",
            "전용면적(m2)":"76.41",
            "전용면적(평)":"23평",
            "법정동주소":"경상남도 창원시 마산합포구 월영동 705-2",
            "도로명주소":"경상남도 창원시 마산합포구 월영마을로 7",
            "세대수":80,
            "입주년차":0,
            "용적률점수":"--",
            "건폐율점수":"--",
            "세대당주차수":0,
            "난방방식":30,
            "공급면적":"--",
            "전용률":"--",
            "욕실수":50,
            "현관타입":100,
            "주거총점":46.0,
            "지역구공급총점":0.0,
            "역세권":"NA",
            "30분내 이동가능 거점":"NA",
            "1시간내 이동가능 거점":"NA",
            "교통총점":"NA",
            "백화점":0,
            "아울렛몰":0,
            "대형마트":80,
            "은행":0,
            "병원":10,
            "종합병원":100,
            "공원":100,
            "혐오시설":0,
            "인프라총점":36.0,
            "초등학군":99.41,
            "중학군":48.98,
            "학군총점":59.066,
            "인구수":18.78,
            "인구증감":23.69,
            "인구총점":20.253,
            "일자리":2.3,
            "소득수준":67.86,
            "일자리총점":21.968,
            "가치 총점":45.2665,
            "매매실거래년":20211231.0,
            "매매실거래가":18300.0,
            "전세실거래년":20220108.0,
            "전세실거래가":11550.0,
            "전세가율":63.11,
            "장기전세가율평균":75.3,
            "전세가율거품지수":12.19,
            "검색코드":6698,
            "세대수":755.0,
            "준공년월":"1998-04-21",
            "준공년차":25.0,
            "가까운역이름":"NA",
            "가까운역거리":"NA",
            "역세권여부":"NA",
            "30분이내주요거점역":"NA",
            "1시간이내주요거점역":"NA",
            "3km이내백화점수":0,
            "5km이내아울렛몰수":0,
            "1km이내대형먀트수":1,
            "500m이내은행수":1,
            "500m이내병원수":2,
            "5km이내대형병원수":3,
            "500m이내공원수":2,
            "3km이내혐오시설수":0,
            "초등학교학업성취도":99.41,
            "중학교학업성취도":80.1,
            "용적률":0,
            "건폐율":0,
            "Y":35.172772,
            "X":128.558301,
            "rank":60.0,
            "area_info":"23평(76.41), 23평(76.13), 32평(107.25), 32평(108.17), 32평(108.15), 51평(170.91)",
            "last_sales":"2021-12-31,18300.0,23평(76.41)"
        },
        {
            "index":65,
            "아파트명":"용마맨션",
            "투자타입":"재건축",
            "전용면적(m2)":"59.5",
            "전용면적(평)":"17평",
            "법정동주소":"경상남도 창원시 마산합포구 산호동 13-24",
            "도로명주소":"경상남도 창원시 마산합포구 산호북4길 30",
            "세대수":0,
            "입주년차":"--",
            "용적률점수":0,
            "건폐율점수":0,
            "세대당주차수":"--",
            "난방방식":"--",
            "공급면적":50,
            "전용률":60,
            "욕실수":"--",
            "현관타입":"--",
            "주거총점":5.5,
            "지역구공급총점":0.0,
            "역세권":"NA",
            "30분내 이동가능 거점":"NA",
            "1시간내 이동가능 거점":"NA",
            "교통총점":"NA",
            "백화점":100,
            "아울렛몰":0,
            "대형마트":100,
            "은행":20,
            "병원":60,
            "종합병원":100,
            "공원":100,
            "혐오시설":0,
            "인프라총점":76.0,
            "초등학군":89.05,
            "중학군":41.18,
            "학군총점":50.754,
            "인구수":18.78,
            "인구증감":23.69,
            "인구총점":20.253,
            "일자리":2.3,
            "소득수준":67.86,
            "일자리총점":21.968,
            "가치 총점":45.0135,
            "매매실거래년":20211003.0,
            "매매실거래가":19700.0,
            "전세실거래년":null,
            "전세실거래가":null,
            "전세가율":null,
            "장기전세가율평균":75.3,
            "전세가율거품지수":null,
            "검색코드":6563,
            "세대수":221.0,
            "준공년월":"1978-10-12",
            "준공년차":45.0,
            "가까운역이름":"NA",
            "가까운역거리":"NA",
            "역세권여부":"NA",
            "30분이내주요거점역":"NA",
            "1시간이내주요거점역":"NA",
            "3km이내백화점수":2,
            "5km이내아울렛몰수":0,
            "1km이내대형먀트수":2,
            "500m이내은행수":2,
            "500m이내병원수":11,
            "5km이내대형병원수":4,
            "500m이내공원수":3,
            "3km이내혐오시설수":0,
            "초등학교학업성취도":89.05,
            "중학교학업성취도":67.5,
            "용적률":0,
            "건폐율":0,
            "Y":35.218023,
            "X":128.586895,
            "rank":61.0,
            "area_info":"17평(59.5), 20평(66.12), 20평(66.12), 20평(69.42), 22평(76.03), 25평(85.95), 25평(85.95), 29평(95.87), 32평(105.79), 32평(109.09), 34평(115.7), 38평(125.62), 41평(135.54), 41평(138.84), 44평(148.76), 46평(155.37), 48평(158.68)",
            "last_sales":"2021-10-03,19700.0,48평(158.68)"
        },
        {
            "index":155,
            "아파트명":"경남맨션",
            "투자타입":"재건축",
            "전용면적(m2)":"74.71",
            "전용면적(평)":"22평",
            "법정동주소":"경상남도 창원시 마산합포구 완월동 218-1",
            "도로명주소":"경상남도 창원시 마산합포구 장장군로 3",
            "세대수":0,
            "입주년차":"--",
            "용적률점수":0,
            "건폐율점수":0,
            "세대당주차수":"--",
            "난방방식":"--",
            "공급면적":50,
            "전용률":60,
            "욕실수":"--",
            "현관타입":"--",
            "주거총점":5.5,
            "지역구공급총점":0.0,
            "역세권":"NA",
            "30분내 이동가능 거점":"NA",
            "1시간내 이동가능 거점":"NA",
            "교통총점":"NA",
            "백화점":100,
            "아울렛몰":0,
            "대형마트":80,
            "은행":0,
            "병원":30,
            "종합병원":100,
            "공원":100,
            "혐오시설":0,
            "인프라총점":68.0,
            "초등학군":83.74,
            "중학군":53.36,
            "학군총점":59.436,
            "인구수":18.78,
            "인구증감":23.69,
            "인구총점":20.253,
            "일자리":2.3,
            "소득수준":67.86,
            "일자리총점":21.968,
            "가치 총점":43.984,
            "매매실거래년":20211206.0,
            "매매실거래가":17800.0,
            "전세실거래년":20110118.0,
            "전세실거래가":5500.0,
            "전세가율":73.33,
            "장기전세가율평균":75.3,
            "전세가율거품지수":1.97,
            "검색코드":15448,
            "세대수":155.0,
            "준공년월":"1984-08-06",
            "준공년차":39.0,
            "가까운역이름":"NA",
            "가까운역거리":"NA",
            "역세권여부":"NA",
            "30분이내주요거점역":"NA",
            "1시간이내주요거점역":"NA",
            "3km이내백화점수":1,
            "5km이내아울렛몰수":0,
            "1km이내대형먀트수":1,
            "500m이내은행수":1,
            "500m이내병원수":9,
            "5km이내대형병원수":3,
            "500m이내공원수":2,
            "3km이내혐오시설수":0,
            "초등학교학업성취도":83.74,
            "중학교학업성취도":87.6,
            "용적률":257,
            "건폐율":0,
            "Y":35.19738,
            "X":128.56268,
            "rank":62.0,
            "area_info":"22평(74.71), 33평(110.83), 34평(113.39), 34평(115.28), 50평(168.18)",
            "last_sales":"2021-12-06,17800.0,50평(168.18)"
        },
        {
            "index":163,
            "아파트명":"신월(경남)",
            "투자타입":"재건축",
            "전용면적(m2)":"73.38",
            "전용면적(평)":"22평",
            "법정동주소":"경상남도 창원시 마산합포구 완월동 320",
            "도로명주소":"경상남도 창원시 마산합포구 완월남14길 12",
            "세대수":0,
            "입주년차":"--",
            "용적률점수":0,
            "건폐율점수":0,
            "세대당주차수":"--",
            "난방방식":"--",
            "공급면적":50,
            "전용률":60,
            "욕실수":"--",
            "현관타입":"--",
            "주거총점":5.5,
            "지역구공급총점":0.0,
            "역세권":"NA",
            "30분내 이동가능 거점":"NA",
            "1시간내 이동가능 거점":"NA",
            "교통총점":"NA",
            "백화점":100,
            "아울렛몰":0,
            "대형마트":80,
            "은행":0,
            "병원":30,
            "종합병원":100,
            "공원":80,
            "혐오시설":0,
            "인프라총점":67.4,
            "초등학군":83.74,
            "중학군":53.36,
            "학군총점":59.436,
            "인구수":18.78,
            "인구증감":23.69,
            "인구총점":20.253,
            "일자리":2.3,
            "소득수준":67.86,
            "일자리총점":21.968,
            "가치 총점":43.744,
            "매매실거래년":20211218.0,
            "매매실거래가":22700.0,
            "전세실거래년":20211004.0,
            "전세실거래가":8000.0,
            "전세가율":71.43,
            "장기전세가율평균":75.3,
            "전세가율거품지수":3.87,
            "검색코드":101004,
            "세대수":118.0,
            "준공년월":"1992-12-31",
            "준공년차":31.0,
            "가까운역이름":"NA",
            "가까운역거리":"NA",
            "역세권여부":"NA",
            "30분이내주요거점역":"NA",
            "1시간이내주요거점역":"NA",
            "3km이내백화점수":1,
            "5km이내아울렛몰수":0,
            "1km이내대형먀트수":1,
            "500m이내은행수":1,
            "500m이내병원수":8,
            "5km이내대형병원수":3,
            "500m이내공원수":1,
            "3km이내혐오시설수":0,
            "초등학교학업성취도":83.74,
            "중학교학업성취도":87.6,
            "용적률":0,
            "건폐율":0,
            "Y":35.193844,
            "X":128.561015,
            "rank":63.0,
            "area_info":"22평(73.38), 23평(78.57), 23평(78.02), 25평(83.66), 28평(93.51), 64평(214.61)",
            "last_sales":"2021-12-18,22700.0,64평(214.61)"
        },
        {
            "index":428,
            "아파트명":"창원현동중흥 S-클래스프라디움",
            "투자타입":"일반",
            "전용면적(m2)":"109.64",
            "전용면적(평)":"33평",
            "법정동주소":"경상남도 창원시 마산합포구 현동 210",
            "도로명주소":"경상남도 창원시 마산합포구 현동4길 20",
            "세대수":50,
            "입주년차":80,
            "용적률점수":"--",
            "건폐율점수":"--",
            "세대당주차수":30,
            "난방방식":30,
            "공급면적":"--",
            "전용률":"--",
            "욕실수":100,
            "현관타입":100,
            "주거총점":61.0,
            "지역구공급총점":0.0,
            "역세권":"NA",
            "30분내 이동가능 거점":"NA",
            "1시간내 이동가능 거점":"NA",
            "교통총점":"NA",
            "백화점":0,
            "아울렛몰":0,
            "대형마트":0,
            "은행":0,
            "병원":10,
            "종합병원":80,
            "공원":100,
            "혐오시설":0,
            "인프라총점":20.0,
            "초등학군":88.67,
            "중학군":48.98,
            "학군총점":56.918,
            "인구수":18.78,
            "인구증감":23.69,
            "인구총점":20.253,
            "일자리":2.3,
            "소득수준":67.86,
            "일자리총점":21.968,
            "가치 총점":43.5795,
            "매매실거래년":20211231.0,
            "매매실거래가":27000.0,
            "전세실거래년":20210903.0,
            "전세실거래가":15000.0,
            "전세가율":55.56,
            "장기전세가율평균":75.3,
            "전세가율거품지수":19.74,
            "검색코드":106192,
            "세대수":555.0,
            "준공년월":"2014-11-28",
            "준공년차":9.0,
            "가까운역이름":"NA",
            "가까운역거리":"NA",
            "역세권여부":"NA",
            "30분이내주요거점역":"NA",
            "1시간이내주요거점역":"NA",
            "3km이내백화점수":0,
            "5km이내아울렛몰수":0,
            "1km이내대형먀트수":0,
            "500m이내은행수":0,
            "500m이내병원수":3,
            "5km이내대형병원수":1,
            "500m이내공원수":2,
            "3km이내혐오시설수":0,
            "초등학교학업성취도":88.67,
            "중학교학업성취도":80.1,
            "용적률":164,
            "건폐율":17,
            "Y":35.151839,
            "X":128.550838,
            "rank":64.0,
            "area_info":"33평(109.64)",
            "last_sales":"2021-12-31,27000.0,33평(109.64)"
        },
        {
            "index":88,
            "아파트명":"상남서광",
            "투자타입":"일반",
            "전용면적(m2)":"81.34",
            "전용면적(평)":"24평",
            "법정동주소":"경상남도 창원시 마산합포구 상남동 71-2",
            "도로명주소":"경상남도 창원시 마산합포구 노산북6길 26",
            "세대수":0,
            "입주년차":0,
            "용적률점수":"--",
            "건폐율점수":"--",
            "세대당주차수":0,
            "난방방식":30,
            "공급면적":"--",
            "전용률":"--",
            "욕실수":50,
            "현관타입":100,
            "주거총점":18.0,
            "지역구공급총점":0.0,
            "역세권":"NA",
            "30분내 이동가능 거점":"NA",
            "1시간내 이동가능 거점":"NA",
            "교통총점":"NA",
            "백화점":100,
            "아울렛몰":0,
            "대형마트":0,
            "은행":0,
            "병원":60,
            "종합병원":100,
            "공원":100,
            "혐오시설":0,
            "인프라총점":59.0,
            "초등학군":82.65,
            "중학군":47.32,
            "학군총점":54.386,
            "인구수":18.78,
            "인구증감":23.69,
            "인구총점":20.253,
            "일자리":2.3,
            "소득수준":67.86,
            "일자리총점":21.968,
            "가치 총점":43.4965,
            "매매실거래년":20220111.0,
            "매매실거래가":11200.0,
            "전세실거래년":null,
            "전세실거래가":null,
            "전세가율":null,
            "장기전세가율평균":75.3,
            "전세가율거품지수":null,
            "검색코드":15446,
            "세대수":160.0,
            "준공년월":"1995-04-25",
            "준공년차":28.0,
            "가까운역이름":"NA",
            "가까운역거리":"NA",
            "역세권여부":"NA",
            "30분이내주요거점역":"NA",
            "1시간이내주요거점역":"NA",
            "3km이내백화점수":2,
            "5km이내아울렛몰수":0,
            "1km이내대형먀트수":0,
            "500m이내은행수":1,
            "500m이내병원수":19,
            "5km이내대형병원수":4,
            "500m이내공원수":5,
            "3km이내혐오시설수":0,
            "초등학교학업성취도":82.65,
            "중학교학업성취도":76.2,
            "용적률":268,
            "건폐율":26,
            "Y":35.21394,
            "X":128.57301,
            "rank":65.0,
            "area_info":"24평(81.34), 26평(88.84), 29평(97.73), 34평(115.17)",
            "last_sales":"2022-01-11,11200.0,26평(88.84)"
        },
        {
            "index":199,
            "아파트명":"해바라기",
            "투자타입":"재건축",
            "전용면적(m2)":"68.19",
            "전용면적(평)":"20평",
            "법정동주소":"경상남도 창원시 마산합포구 월남동1가 7",
            "도로명주소":"경상남도 창원시 마산합포구 문화동3길 17",
            "세대수":0,
            "입주년차":"--",
            "용적률점수":0,
            "건폐율점수":0,
            "세대당주차수":"--",
            "난방방식":"--",
            "공급면적":50,
            "전용률":80,
            "욕실수":"--",
            "현관타입":"--",
            "주거총점":6.5,
            "지역구공급총점":0.0,
            "역세권":"NA",
            "30분내 이동가능 거점":"NA",
            "1시간내 이동가능 거점":"NA",
            "교통총점":"NA",
            "백화점":100,
            "아울렛몰":0,
            "대형마트":80,
            "은행":20,
            "병원":10,
            "종합병원":100,
            "공원":100,
            "혐오시설":0,
            "인프라총점":68.0,
            "초등학군":84.82,
            "중학군":48.58,
            "학군총점":55.828,
            "인구수":18.78,
            "인구증감":23.69,
            "인구총점":20.253,
            "일자리":2.3,
            "소득수준":67.86,
            "일자리총점":21.968,
            "가치 총점":43.432,
            "매매실거래년":20211206.0,
            "매매실거래가":9450.0,
            "전세실거래년":20211210.0,
            "전세실거래가":4000.0,
            "전세가율":42.33,
            "장기전세가율평균":75.3,
            "전세가율거품지수":32.97,
            "검색코드":15458,
            "세대수":120.0,
            "준공년월":"1983-11-26",
            "준공년차":40.0,
            "가까운역이름":"NA",
            "가까운역거리":"NA",
            "역세권여부":"NA",
            "30분이내주요거점역":"NA",
            "1시간이내주요거점역":"NA",
            "3km이내백화점수":1,
            "5km이내아울렛몰수":0,
            "1km이내대형먀트수":1,
            "500m이내은행수":2,
            "500m이내병원수":4,
            "5km이내대형병원수":3,
            "500m이내공원수":2,
            "3km이내혐오시설수":0,
            "초등학교학업성취도":84.82,
            "중학교학업성취도":79.7,
            "용적률":0,
            "건폐율":0,
            "Y":35.1875,
            "X":128.562487,
            "rank":66.0,
            "area_info":"20평(68.19), 23평(76.47)",
            "last_sales":"2021-12-06,9450.0,20평(68.19)"
        },
        {
            "index":36,
            "아파트명":"국제비치타운",
            "투자타입":"일반",
            "전용면적(m2)":"85.69",
            "전용면적(평)":"25평",
            "법정동주소":"경상남도 창원시 마산합포구 산호동 332",
            "도로명주소":"경상남도 창원시 마산합포구 합포동5길 22",
            "세대수":50,
            "입주년차":0,
            "용적률점수":"--",
            "건폐율점수":"--",
            "세대당주차수":0,
            "난방방식":30,
            "공급면적":"--",
            "전용률":"--",
            "욕실수":50,
            "현관타입":10,
            "주거총점":26.5,
            "지역구공급총점":0.0,
            "역세권":"NA",
            "30분내 이동가능 거점":"NA",
            "1시간내 이동가능 거점":"NA",
            "교통총점":"NA",
            "백화점":100,
            "아울렛몰":0,
            "대형마트":0,
            "은행":0,
            "병원":10,
            "종합병원":100,
            "공원":80,
            "혐오시설":0,
            "인프라총점":53.4,
            "초등학군":87.51,
            "중학군":41.18,
            "학군총점":50.446,
            "인구수":18.78,
            "인구증감":23.69,
            "인구총점":20.253,
            "일자리":2.3,
            "소득수준":67.86,
            "일자리총점":21.968,
            "가치 총점":43.2465,
            "매매실거래년":20211129.0,
            "매매실거래가":21800.0,
            "전세실거래년":null,
            "전세실거래가":null,
            "전세가율":null,
            "장기전세가율평균":75.3,
            "전세가율거품지수":null,
            "검색코드":6545,
            "세대수":445.0,
            "준공년월":"1996-05-16",
            "준공년차":27.0,
            "가까운역이름":"NA",
            "가까운역거리":"NA",
            "역세권여부":"NA",
            "30분이내주요거점역":"NA",
            "1시간이내주요거점역":"NA",
            "3km이내백화점수":2,
            "5km이내아울렛몰수":0,
            "1km이내대형먀트수":0,
            "500m이내은행수":0,
            "500m이내병원수":3,
            "5km이내대형병원수":4,
            "500m이내공원수":1,
            "3km이내혐오시설수":0,
            "초등학교학업성취도":87.51,
            "중학교학업성취도":67.5,
            "용적률":389,
            "건폐율":38,
            "Y":35.209702,
            "X":128.585155,
            "rank":67.0,
            "area_info":"25평(85.69), 26평(88.24), 27평(89.72), 28평(93.02), 29평(98.82), 35평(116.8), 35평(118.59), 38평(126.32)",
            "last_sales":"2021-11-29,21800.0,38평(126.32)"
        },
        {
            "index":429,
            "아파트명":"현동코오롱하늘채",
            "투자타입":"일반",
            "전용면적(m2)":"80.51",
            "전용면적(평)":"24평",
            "법정동주소":"경상남도 창원시 마산합포구 현동 608",
            "도로명주소":"경상남도 창원시 마산합포구 현동9길 13",
            "세대수":50,
            "입주년차":80,
            "용적률점수":"--",
            "건폐율점수":"--",
            "세대당주차수":30,
            "난방방식":30,
            "공급면적":"--",
            "전용률":"--",
            "욕실수":100,
            "현관타입":100,
            "주거총점":61.0,
            "지역구공급총점":0.0,
            "역세권":"NA",
            "30분내 이동가능 거점":"NA",
            "1시간내 이동가능 거점":"NA",
            "교통총점":"NA",
            "백화점":0,
            "아울렛몰":0,
            "대형마트":0,
            "은행":0,
            "병원":0,
            "종합병원":80,
            "공원":100,
            "혐오시설":0,
            "인프라총점":19.0,
            "초등학군":88.67,
            "중학군":47.34,
            "학군총점":55.606,
            "인구수":18.78,
            "인구증감":23.69,
            "인구총점":20.253,
            "일자리":2.3,
            "소득수준":67.86,
            "일자리총점":21.968,
            "가치 총점":42.8515,
            "매매실거래년":20220108.0,
            "매매실거래가":24400.0,
            "전세실거래년":20211126.0,
            "전세실거래가":20700.0,
            "전세가율":84.84,
            "장기전세가율평균":75.3,
            "전세가율거품지수":-9.54,
            "검색코드":115782,
            "세대수":434.0,
            "준공년월":"2018-12-31",
            "준공년차":5.0,
            "가까운역이름":"NA",
            "가까운역거리":"NA",
            "역세권여부":"NA",
            "30분이내주요거점역":"NA",
            "1시간이내주요거점역":"NA",
            "3km이내백화점수":0,
            "5km이내아울렛몰수":0,
            "1km이내대형먀트수":0,
            "500m이내은행수":0,
            "500m이내병원수":1,
            "5km이내대형병원수":1,
            "500m이내공원수":3,
            "3km이내혐오시설수":0,
            "초등학교학업성취도":88.67,
            "중학교학업성취도":77.7,
            "용적률":159,
            "건폐율":14,
            "Y":35.145298,
            "X":128.557558,
            "rank":68.0,
            "area_info":"24평(80.51)",
            "last_sales":"2022-01-08,24400.0,24평(80.51)"
        },
        {
            "index":114,
            "아파트명":"경남신포맨션",
            "투자타입":"재건축",
            "전용면적(m2)":"77.28",
            "전용면적(평)":"23평",
            "법정동주소":"경상남도 창원시 마산합포구 신포동2가 105-1",
            "도로명주소":"경상남도 창원시 마산합포구 동서남1길 25",
            "세대수":0,
            "입주년차":"--",
            "용적률점수":0,
            "건폐율점수":0,
            "세대당주차수":"--",
            "난방방식":"--",
            "공급면적":50,
            "전용률":80,
            "욕실수":"--",
            "현관타입":"--",
            "주거총점":6.5,
            "지역구공급총점":0.0,
            "역세권":"NA",
            "30분내 이동가능 거점":"NA",
            "1시간내 이동가능 거점":"NA",
            "교통총점":"NA",
            "백화점":100,
            "아울렛몰":0,
            "대형마트":80,
            "은행":0,
            "병원":60,
            "종합병원":100,
            "공원":100,
            "혐오시설":0,
            "인프라총점":71.0,
            "초등학군":88.58,
            "중학군":38.68,
            "학군총점":48.66,
            "인구수":18.78,
            "인구증감":23.69,
            "인구총점":20.253,
            "일자리":2.3,
            "소득수준":67.86,
            "일자리총점":21.968,
            "가치 총점":42.84,
            "매매실거래년":20190718.0,
            "매매실거래가":11000.0,
            "전세실거래년":20201008.0,
            "전세실거래가":5000.0,
            "전세가율":35.71,
            "장기전세가율평균":75.3,
            "전세가율거품지수":39.59,
            "검색코드":16610,
            "세대수":105.0,
            "준공년월":"1988-03-02",
            "준공년차":35.0,
            "가까운역이름":"NA",
            "가까운역거리":"NA",
            "역세권여부":"NA",
            "30분이내주요거점역":"NA",
            "1시간이내주요거점역":"NA",
            "3km이내백화점수":2,
            "5km이내아울렛몰수":0,
            "1km이내대형먀트수":1,
            "500m이내은행수":1,
            "500m이내병원수":28,
            "5km이내대형병원수":3,
            "500m이내공원수":2,
            "3km이내혐오시설수":0,
            "초등학교학업성취도":88.58,
            "중학교학업성취도":63.8,
            "용적률":0,
            "건폐율":0,
            "Y":35.20135,
            "X":128.56988,
            "rank":69.0,
            "area_info":"23평(77.28), 30평(101.52), 30평(101.77), 30평(101.52), 30평(101.68), 45평(150.15)",
            "last_sales":"2019-07-18,11000.0,45평(150.15)"
        },
        {
            "index":161,
            "아파트명":"서광2차",
            "투자타입":"일반",
            "전용면적(m2)":"75.4",
            "전용면적(평)":"22평",
            "법정동주소":"경상남도 창원시 마산합포구 완월동 146-3",
            "도로명주소":"경상남도 창원시 마산합포구 완월남로 54",
            "세대수":0,
            "입주년차":0,
            "용적률점수":"--",
            "건폐율점수":"--",
            "세대당주차수":0,
            "난방방식":30,
            "공급면적":"--",
            "전용률":"--",
            "욕실수":50,
            "현관타입":100,
            "주거총점":18.0,
            "지역구공급총점":0.0,
            "역세권":"NA",
            "30분내 이동가능 거점":"NA",
            "1시간내 이동가능 거점":"NA",
            "교통총점":"NA",
            "백화점":100,
            "아울렛몰":0,
            "대형마트":0,
            "은행":0,
            "병원":10,
            "종합병원":100,
            "공원":100,
            "혐오시설":0,
            "인프라총점":54.0,
            "초등학군":83.74,
            "중학군":53.36,
            "학군총점":59.436,
            "인구수":18.78,
            "인구증감":23.69,
            "인구총점":20.253,
            "일자리":2.3,
            "소득수준":67.86,
            "일자리총점":21.968,
            "가치 총점":42.759,
            "매매실거래년":20211118.0,
            "매매실거래가":13950.0,
            "전세실거래년":20210126.0,
            "전세실거래가":9500.0,
            "전세가율":90.48,
            "장기전세가율평균":75.3,
            "전세가율거품지수":-15.18,
            "검색코드":15452,
            "세대수":157.0,
            "준공년월":"1997-05-24",
            "준공년차":26.0,
            "가까운역이름":"NA",
            "가까운역거리":"NA",
            "역세권여부":"NA",
            "30분이내주요거점역":"NA",
            "1시간이내주요거점역":"NA",
            "3km이내백화점수":1,
            "5km이내아울렛몰수":0,
            "1km이내대형먀트수":0,
            "500m이내은행수":0,
            "500m이내병원수":3,
            "5km이내대형병원수":3,
            "500m이내공원수":2,
            "3km이내혐오시설수":0,
            "초등학교학업성취도":83.74,
            "중학교학업성취도":87.6,
            "용적률":324,
            "건폐율":24,
            "Y":35.197866,
            "X":128.556771,
            "rank":70.0,
            "area_info":"22평(75.4), 30평(100.31)",
            "last_sales":"2021-11-18,13950.0,30평(100.31)"
        },
        {
            "index":281,
            "아파트명":"한백푸른",
            "투자타입":"일반",
            "전용면적(m2)":"75.62",
            "전용면적(평)":"22평",
            "법정동주소":"경상남도 창원시 마산합포구 자산동 13-1",
            "도로명주소":"경상남도 창원시 마산합포구 문신길 66",
            "세대수":0,
            "입주년차":0,
            "용적률점수":"--",
            "건폐율점수":"--",
            "세대당주차수":0,
            "난방방식":30,
            "공급면적":"--",
            "전용률":"--",
            "욕실수":50,
            "현관타입":100,
            "주거총점":18.0,
            "지역구공급총점":0.0,
            "역세권":"NA",
            "30분내 이동가능 거점":"NA",
            "1시간내 이동가능 거점":"NA",
            "교통총점":"NA",
            "백화점":100,
            "아울렛몰":0,
            "대형마트":0,
            "은행":0,
            "병원":10,
            "종합병원":100,
            "공원":100,
            "혐오시설":0,
            "인프라총점":54.0,
            "초등학군":88.58,
            "중학군":47.32,
            "학군총점":55.572,
            "인구수":18.78,
            "인구증감":23.69,
            "인구총점":20.253,
            "일자리":2.3,
            "소득수준":67.86,
            "일자리총점":21.968,
            "가치 총점":41.793,
            "매매실거래년":20211017.0,
            "매매실거래가":19500.0,
            "전세실거래년":20210125.0,
            "전세실거래가":9000.0,
            "전세가율":98.9,
            "장기전세가율평균":75.3,
            "전세가율거품지수":-23.6,
            "검색코드":15481,
            "세대수":120.0,
            "준공년월":"1997-06-09",
            "준공년차":26.0,
            "가까운역이름":"NA",
            "가까운역거리":"NA",
            "역세권여부":"NA",
            "30분이내주요거점역":"NA",
            "1시간이내주요거점역":"NA",
            "3km이내백화점수":2,
            "5km이내아울렛몰수":0,
            "1km이내대형먀트수":0,
            "500m이내은행수":0,
            "500m이내병원수":3,
            "5km이내대형병원수":4,
            "500m이내공원수":4,
            "3km이내혐오시설수":0,
            "초등학교학업성취도":88.58,
            "중학교학업성취도":76.2,
            "용적률":396,
            "건폐율":26,
            "Y":35.207024,
            "X":128.566465,
            "rank":71.0,
            "area_info":"22평(75.62), 32평(107.63), 52평(174.52)",
            "last_sales":"2021-10-17,19500.0,52평(174.52)"
        },
        {
            "index":329,
            "아파트명":"한일유앤아이",
            "투자타입":"일반",
            "전용면적(m2)":"108.29",
            "전용면적(평)":"32평",
            "법정동주소":"경상남도 창원시 마산합포구 진동면 진동리 592",
            "도로명주소":"경상남도 창원시 마산합포구 진북산업로 58",
            "세대수":80,
            "입주년차":40,
            "용적률점수":"--",
            "건폐율점수":"--",
            "세대당주차수":60,
            "난방방식":30,
            "공급면적":"--",
            "전용률":"--",
            "욕실수":100,
            "현관타입":100,
            "주거총점":68.0,
            "지역구공급총점":0.0,
            "역세권":"NA",
            "30분내 이동가능 거점":"NA",
            "1시간내 이동가능 거점":"NA",
            "교통총점":"NA",
            "백화점":0,
            "아울렛몰":0,
            "대형마트":80,
            "은행":0,
            "병원":10,
            "종합병원":0,
            "공원":100,
            "혐오시설":0,
            "인프라총점":16.0,
            "초등학군":86.59,
            "중학군":36.18,
            "학군총점":46.262,
            "인구수":18.78,
            "인구증감":23.69,
            "인구총점":20.253,
            "일자리":2.3,
            "소득수준":67.86,
            "일자리총점":21.968,
            "가치 총점":41.7655,
            "매매실거래년":20211224.0,
            "매매실거래가":32500.0,
            "전세실거래년":20211108.0,
            "전세실거래가":14000.0,
            "전세가율":76.09,
            "장기전세가율평균":75.3,
            "전세가율거품지수":-0.79,
            "검색코드":102410,
            "세대수":823.0,
            "준공년월":"2008-06-30",
            "준공년차":15.0,
            "가까운역이름":"NA",
            "가까운역거리":"NA",
            "역세권여부":"NA",
            "30분이내주요거점역":"NA",
            "1시간이내주요거점역":"NA",
            "3km이내백화점수":0,
            "5km이내아울렛몰수":0,
            "1km이내대형먀트수":1,
            "500m이내은행수":1,
            "500m이내병원수":2,
            "5km이내대형병원수":0,
            "500m이내공원수":2,
            "3km이내혐오시설수":0,
            "초등학교학업성취도":86.59,
            "중학교학업성취도":60.3,
            "용적률":281,
            "건폐율":20,
            "Y":35.121827,
            "X":128.488581,
            "rank":72.0,
            "area_info":"32평(108.29), 32평(108.28), 33평(109.43), 33평(110.73), 46평(152.87), 54평(180.93), 65평(217.57), 68평(227.47)",
            "last_sales":"2021-12-24,32500.0,65평(217.57)"
        },
        {
            "index":246,
            "아파트명":"현대",
            "투자타입":"일반",
            "전용면적(m2)":"78.47",
            "전용면적(평)":"23평",
            "법정동주소":"경상남도 창원시 마산합포구 월영동 704-1",
            "도로명주소":"경상남도 창원시 마산합포구 월영마을로 12",
            "세대수":50,
            "입주년차":0,
            "용적률점수":"--",
            "건폐율점수":"--",
            "세대당주차수":0,
            "난방방식":30,
            "공급면적":"--",
            "전용률":"--",
            "욕실수":50,
            "현관타입":100,
            "주거총점":35.5,
            "지역구공급총점":0.0,
            "역세권":"NA",
            "30분내 이동가능 거점":"NA",
            "1시간내 이동가능 거점":"NA",
            "교통총점":"NA",
            "백화점":0,
            "아울렛몰":0,
            "대형마트":80,
            "은행":0,
            "병원":30,
            "종합병원":100,
            "공원":100,
            "혐오시설":0,
            "인프라총점":38.0,
            "초등학군":83.29,
            "중학군":48.98,
            "학군총점":55.842,
            "인구수":18.78,
            "인구증감":23.69,
            "인구총점":20.253,
            "일자리":2.3,
            "소득수준":67.86,
            "일자리총점":21.968,
            "가치 총점":41.5855,
            "매매실거래년":"18000101",
            "매매실거래가":null,
            "전세실거래년":null,
            "전세실거래가":null,
            "전세가율":null,
            "장기전세가율평균":75.3,
            "전세가율거품지수":null,
            "검색코드":6694,
            "세대수":601.0,
            "준공년월":"1998-07-10",
            "준공년차":25.0,
            "가까운역이름":"NA",
            "가까운역거리":"NA",
            "역세권여부":"NA",
            "30분이내주요거점역":"NA",
            "1시간이내주요거점역":"NA",
            "3km이내백화점수":0,
            "5km이내아울렛몰수":0,
            "1km이내대형먀트수":1,
            "500m이내은행수":1,
            "500m이내병원수":6,
            "5km이내대형병원수":3,
            "500m이내공원수":3,
            "3km이내혐오시설수":0,
            "초등학교학업성취도":83.29,
            "중학교학업성취도":80.1,
            "용적률":264,
            "건폐율":19,
            "Y":35.174518,
            "X":128.556842,
            "rank":73.0,
            "area_info":"23평(78.47), 31평(104.59)",
            "last_sales":"1800-01-01,nan,23평(78.47)"
        },
        {
            "index":284,
            "아파트명":"한우",
            "투자타입":"재건축",
            "전용면적(m2)":"57.97",
            "전용면적(평)":"17평",
            "법정동주소":"경상남도 창원시 마산합포구 자산동 329-1",
            "도로명주소":"경상남도 창원시 마산합포구 자산솔밭로 52",
            "세대수":50,
            "입주년차":"--",
            "용적률점수":0,
            "건폐율점수":0,
            "세대당주차수":"--",
            "난방방식":"--",
            "공급면적":50,
            "전용률":80,
            "욕실수":"--",
            "현관타입":"--",
            "주거총점":21.5,
            "지역구공급총점":0.0,
            "역세권":"NA",
            "30분내 이동가능 거점":"NA",
            "1시간내 이동가능 거점":"NA",
            "교통총점":"NA",
            "백화점":100,
            "아울렛몰":0,
            "대형마트":0,
            "은행":0,
            "병원":10,
            "종합병원":100,
            "공원":100,
            "혐오시설":0,
            "인프라총점":54.0,
            "초등학군":92.02,
            "중학군":38.68,
            "학군총점":49.348,
            "인구수":18.78,
            "인구증감":23.69,
            "인구총점":20.253,
            "일자리":2.3,
            "소득수준":67.86,
            "일자리총점":21.968,
            "가치 총점":41.462,
            "매매실거래년":20211207.0,
            "매매실거래가":13000.0,
            "전세실거래년":20211215.0,
            "전세실거래가":7000.0,
            "전세가율":87.5,
            "장기전세가율평균":75.3,
            "전세가율거품지수":-12.2,
            "검색코드":6748,
            "세대수":676.0,
            "준공년월":"1986-04-04",
            "준공년차":37.0,
            "가까운역이름":"NA",
            "가까운역거리":"NA",
            "역세권여부":"NA",
            "30분이내주요거점역":"NA",
            "1시간이내주요거점역":"NA",
            "3km이내백화점수":1,
            "5km이내아울렛몰수":0,
            "1km이내대형먀트수":0,
            "500m이내은행수":0,
            "500m이내병원수":4,
            "5km이내대형병원수":3,
            "500m이내공원수":3,
            "3km이내혐오시설수":0,
            "초등학교학업성취도":92.02,
            "중학교학업성취도":63.8,
            "용적률":0,
            "건폐율":0,
            "Y":35.202721,
            "X":128.559341,
            "rank":74.0,
            "area_info":"17평(57.97), 18평(60.5), 18평(61.12), 18평(61.54), 19평(62.81), 19평(65.56), 20평(68.71), 20평(68.91), 21평(69.99), 21평(69.59), 24평(79.6), 28평(93.26)",
            "last_sales":"2021-12-07,13000.0,28평(93.26)"
        },
        {
            "index":203,
            "아파트명":"동성",
            "투자타입":"일반",
            "전용면적(m2)":"82.98",
            "전용면적(평)":"25평",
            "법정동주소":"경상남도 창원시 마산합포구 월영동 33",
            "도로명주소":"경상남도 창원시 마산합포구 무학로 214",
            "세대수":0,
            "입주년차":0,
            "용적률점수":"--",
            "건폐율점수":"--",
            "세대당주차수":0,
            "난방방식":30,
            "공급면적":"--",
            "전용률":"--",
            "욕실수":50,
            "현관타입":100,
            "주거총점":18.0,
            "지역구공급총점":0.0,
            "역세권":"NA",
            "30분내 이동가능 거점":"NA",
            "1시간내 이동가능 거점":"NA",
            "교통총점":"NA",
            "백화점":100,
            "아울렛몰":0,
            "대형마트":0,
            "은행":0,
            "병원":0,
            "종합병원":100,
            "공원":100,
            "혐오시설":0,
            "인프라총점":53.0,
            "초등학군":84.82,
            "중학군":48.58,
            "학군총점":55.828,
            "인구수":18.78,
            "인구증감":23.69,
            "인구총점":20.253,
            "일자리":2.3,
            "소득수준":67.86,
            "일자리총점":21.968,
            "가치 총점":41.457,
            "매매실거래년":20211227.0,
            "매매실거래가":7000.0,
            "전세실거래년":20211227.0,
            "전세실거래가":10000.0,
            "전세가율":142.86,
            "장기전세가율평균":75.3,
            "전세가율거품지수":-67.56,
            "검색코드":15469,
            "세대수":120.0,
            "준공년월":"1996-06-27",
            "준공년차":27.0,
            "가까운역이름":"NA",
            "가까운역거리":"NA",
            "역세권여부":"NA",
            "30분이내주요거점역":"NA",
            "1시간이내주요거점역":"NA",
            "3km이내백화점수":1,
            "5km이내아울렛몰수":0,
            "1km이내대형먀트수":0,
            "500m이내은행수":0,
            "500m이내병원수":0,
            "5km이내대형병원수":3,
            "500m이내공원수":3,
            "3km이내혐오시설수":0,
            "초등학교학업성취도":84.82,
            "중학교학업성취도":79.7,
            "용적률":291,
            "건폐율":26,
            "Y":35.190286,
            "X":128.556433,
            "rank":75.0,
            "area_info":"25평(82.98), 25평(82.94)",
            "last_sales":"2021-12-27,7000.0,25평(82.98)"
        },
        {
            "index":258,
            "아파트명":"화인아트",
            "투자타입":"재건축",
            "전용면적(m2)":"74.24",
            "전용면적(평)":"22평",
            "법정동주소":"경상남도 창원시 마산합포구 월영동 593",
            "도로명주소":"경상남도 창원시 마산합포구 무학로 32",
            "세대수":80,
            "입주년차":"--",
            "용적률점수":0,
            "건폐율점수":0,
            "세대당주차수":"--",
            "난방방식":"--",
            "공급면적":50,
            "전용률":80,
            "욕실수":"--",
            "현관타입":"--",
            "주거총점":30.5,
            "지역구공급총점":0.0,
            "역세권":"NA",
            "30분내 이동가능 거점":"NA",
            "1시간내 이동가능 거점":"NA",
            "교통총점":"NA",
            "백화점":0,
            "아울렛몰":0,
            "대형마트":80,
            "은행":0,
            "병원":60,
            "종합병원":100,
            "공원":100,
            "혐오시설":0,
            "인프라총점":41.0,
            "초등학군":83.29,
            "중학군":48.98,
            "학군총점":55.842,
            "인구수":18.78,
            "인구증감":23.69,
            "인구총점":20.253,
            "일자리":2.3,
            "소득수준":67.86,
            "일자리총점":21.968,
            "가치 총점":41.0355,
            "매매실거래년":20211110.0,
            "매매실거래가":16500.0,
            "전세실거래년":null,
            "전세실거래가":null,
            "전세가율":null,
            "장기전세가율평균":75.3,
            "전세가율거품지수":null,
            "검색코드":6712,
            "세대수":712.0,
            "준공년월":"1991-08-09",
            "준공년차":32.0,
            "가까운역이름":"NA",
            "가까운역거리":"NA",
            "역세권여부":"NA",
            "30분이내주요거점역":"NA",
            "1시간이내주요거점역":"NA",
            "3km이내백화점수":0,
            "5km이내아울렛몰수":0,
            "1km이내대형먀트수":1,
            "500m이내은행수":1,
            "500m이내병원수":14,
            "5km이내대형병원수":3,
            "500m이내공원수":2,
            "3km이내혐오시설수":0,
            "초등학교학업성취도":83.29,
            "중학교학업성취도":80.1,
            "용적률":264,
            "건폐율":0,
            "Y":35.175651,
            "X":128.55551,
            "rank":76.0,
            "area_info":"22평(74.24), 25평(82.79), 28평(94.67), 30평(101.67), 31평(102.49), 43평(142.47), 50평(166.33)",
            "last_sales":"2021-11-10,16500.0,50평(166.33)"
        },
        {
            "index":414,
            "아파트명":"중흥S-클래스프라디움2차",
            "투자타입":"일반",
            "전용면적(m2)":"109.31",
            "전용면적(평)":"33평",
            "법정동주소":"경상남도 창원시 마산합포구 현동 606",
            "도로명주소":"경상남도 창원시 마산합포구 현동9길 14",
            "세대수":30,
            "입주년차":80,
            "용적률점수":"--",
            "건폐율점수":"--",
            "세대당주차수":30,
            "난방방식":30,
            "공급면적":"--",
            "전용률":"--",
            "욕실수":100,
            "현관타입":100,
            "주거총점":54.0,
            "지역구공급총점":0.0,
            "역세권":"NA",
            "30분내 이동가능 거점":"NA",
            "1시간내 이동가능 거점":"NA",
            "교통총점":"NA",
            "백화점":0,
            "아울렛몰":0,
            "대형마트":0,
            "은행":0,
            "병원":0,
            "종합병원":80,
            "공원":100,
            "혐오시설":0,
            "인프라총점":19.0,
            "초등학군":88.67,
            "중학군":47.34,
            "학군총점":55.606,
            "인구수":18.78,
            "인구증감":23.69,
            "인구총점":20.253,
            "일자리":2.3,
            "소득수준":67.86,
            "일자리총점":21.968,
            "가치 총점":40.4015,
            "매매실거래년":20211109.0,
            "매매실거래가":34500.0,
            "전세실거래년":20211203.0,
            "전세실거래가":20000.0,
            "전세가율":57.97,
            "장기전세가율평균":75.3,
            "전세가율거품지수":17.33,
            "검색코드":108351,
            "세대수":394.0,
            "준공년월":"2015-12-02",
            "준공년차":8.0,
            "가까운역이름":"NA",
            "가까운역거리":"NA",
            "역세권여부":"NA",
            "30분이내주요거점역":"NA",
            "1시간이내주요거점역":"NA",
            "3km이내백화점수":0,
            "5km이내아울렛몰수":0,
            "1km이내대형먀트수":0,
            "500m이내은행수":0,
            "500m이내병원수":1,
            "5km이내대형병원수":1,
            "500m이내공원수":3,
            "3km이내혐오시설수":0,
            "초등학교학업성취도":88.67,
            "중학교학업성취도":77.7,
            "용적률":164,
            "건폐율":15,
            "Y":35.14503,
            "X":128.555577,
            "rank":77.0,
            "area_info":"33평(109.31), 33평(109.8)",
            "last_sales":"2021-11-09,34500.0,33평(109.31)"
        },
        {
            "index":277,
            "아파트명":"자산팔도타워맨션",
            "투자타입":"일반",
            "전용면적(m2)":"84.39",
            "전용면적(평)":"25평",
            "법정동주소":"경상남도 창원시 마산합포구 자산동 15-1",
            "도로명주소":"경상남도 창원시 마산합포구 자산삼거리로 97",
            "세대수":0,
            "입주년차":0,
            "용적률점수":"--",
            "건폐율점수":"--",
            "세대당주차수":0,
            "난방방식":30,
            "공급면적":"--",
            "전용률":"--",
            "욕실수":50,
            "현관타입":100,
            "주거총점":18.0,
            "지역구공급총점":0.0,
            "역세권":"NA",
            "30분내 이동가능 거점":"NA",
            "1시간내 이동가능 거점":"NA",
            "교통총점":"NA",
            "백화점":100,
            "아울렛몰":0,
            "대형마트":0,
            "은행":0,
            "병원":10,
            "종합병원":100,
            "공원":100,
            "혐오시설":0,
            "인프라총점":54.0,
            "초등학군":88.58,
            "중학군":38.68,
            "학군총점":48.66,
            "인구수":18.78,
            "인구증감":23.69,
            "인구총점":20.253,
            "일자리":2.3,
            "소득수준":67.86,
            "일자리총점":21.968,
            "가치 총점":40.065,
            "매매실거래년":20220108.0,
            "매매실거래가":10500.0,
            "전세실거래년":20190426.0,
            "전세실거래가":9000.0,
            "전세가율":107.14,
            "장기전세가율평균":75.3,
            "전세가율거품지수":-31.84,
            "검색코드":15478,
            "세대수":140.0,
            "준공년월":"1995-04-29",
            "준공년차":28.0,
            "가까운역이름":"NA",
            "가까운역거리":"NA",
            "역세권여부":"NA",
            "30분이내주요거점역":"NA",
            "1시간이내주요거점역":"NA",
            "3km이내백화점수":2,
            "5km이내아울렛몰수":0,
            "1km이내대형먀트수":0,
            "500m이내은행수":0,
            "500m이내병원수":3,
            "5km이내대형병원수":4,
            "500m이내공원수":5,
            "3km이내혐오시설수":0,
            "초등학교학업성취도":88.58,
            "중학교학업성취도":63.8,
            "용적률":379,
            "건폐율":30,
            "Y":35.206885,
            "X":128.563367,
            "rank":78.0,
            "area_info":"25평(84.39), 25평(84.22), 30평(100.02), 36평(119.33)",
            "last_sales":"2022-01-08,10500.0,30평(100.02)"
        },
        {
            "index":92,
            "아파트명":"우신뉴타워",
            "투자타입":"일반",
            "전용면적(m2)":"85.02",
            "전용면적(평)":"25평",
            "법정동주소":"경상남도 창원시 마산합포구 상남동 100-8",
            "도로명주소":"경상남도 창원시 마산합포구 천하장사로 87",
            "세대수":0,
            "입주년차":0,
            "용적률점수":"--",
            "건폐율점수":"--",
            "세대당주차수":0,
            "난방방식":30,
            "공급면적":"--",
            "전용률":"--",
            "욕실수":50,
            "현관타입":10,
            "주거총점":9.0,
            "지역구공급총점":0.0,
            "역세권":"NA",
            "30분내 이동가능 거점":"NA",
            "1시간내 이동가능 거점":"NA",
            "교통총점":"NA",
            "백화점":100,
            "아울렛몰":0,
            "대형마트":0,
            "은행":0,
            "병원":30,
            "종합병원":100,
            "공원":100,
            "혐오시설":0,
            "인프라총점":56.0,
            "초등학군":86.55,
            "중학군":47.32,
            "학군총점":55.166,
            "인구수":18.78,
            "인구증감":23.69,
            "인구총점":20.253,
            "일자리":2.3,
            "소득수준":67.86,
            "일자리총점":21.968,
            "가치 총점":39.3415,
            "매매실거래년":20220110.0,
            "매매실거래가":15000.0,
            "전세실거래년":20220104.0,
            "전세실거래가":12000.0,
            "전세가율":150.0,
            "장기전세가율평균":75.3,
            "전세가율거품지수":-74.7,
            "검색코드":6570,
            "세대수":108.0,
            "준공년월":"1996-04-19",
            "준공년차":27.0,
            "가까운역이름":"NA",
            "가까운역거리":"NA",
            "역세권여부":"NA",
            "30분이내주요거점역":"NA",
            "1시간이내주요거점역":"NA",
            "3km이내백화점수":2,
            "5km이내아울렛몰수":0,
            "1km이내대형먀트수":0,
            "500m이내은행수":0,
            "500m이내병원수":8,
            "5km이내대형병원수":4,
            "500m이내공원수":5,
            "3km이내혐오시설수":0,
            "초등학교학업성취도":86.55,
            "중학교학업성취도":76.2,
            "용적률":387,
            "건폐율":35,
            "Y":35.21147,
            "X":128.57251,
            "rank":79.0,
            "area_info":"25평(85.02), 26평(88.69), 27평(92.49), 36평(120.44)",
            "last_sales":"2022-01-10,15000.0,36평(120.44)"
        },
        {
            "index":323,
            "아파트명":"마산진동협성엠파이어",
            "투자타입":"일반",
            "전용면적(m2)":"83.3",
            "전용면적(평)":"25평",
            "법정동주소":"경상남도 창원시 마산합포구 진동면 진동리 424",
            "도로명주소":"경상남도 창원시 마산합포구 진북산업로 55",
            "세대수":50,
            "입주년차":80,
            "용적률점수":"--",
            "건폐율점수":"--",
            "세대당주차수":30,
            "난방방식":30,
            "공급면적":"--",
            "전용률":"--",
            "욕실수":100,
            "현관타입":100,
            "주거총점":61.0,
            "지역구공급총점":0.0,
            "역세권":"NA",
            "30분내 이동가능 거점":"NA",
            "1시간내 이동가능 거점":"NA",
            "교통총점":"NA",
            "백화점":0,
            "아울렛몰":0,
            "대형마트":80,
            "은행":0,
            "병원":10,
            "종합병원":0,
            "공원":100,
            "혐오시설":0,
            "인프라총점":16.0,
            "초등학군":86.59,
            "중학군":36.18,
            "학군총점":46.262,
            "인구수":18.78,
            "인구증감":23.69,
            "인구총점":20.253,
            "일자리":2.3,
            "소득수준":67.86,
            "일자리총점":21.968,
            "가치 총점":39.3155,
            "매매실거래년":20211217.0,
            "매매실거래가":22600.0,
            "전세실거래년":20210821.0,
            "전세실거래가":11000.0,
            "전세가율":64.71,
            "장기전세가율평균":75.3,
            "전세가율거품지수":10.59,
            "검색코드":105299,
            "세대수":537.0,
            "준공년월":"2014-06-20",
            "준공년차":9.0,
            "가까운역이름":"NA",
            "가까운역거리":"NA",
            "역세권여부":"NA",
            "30분이내주요거점역":"NA",
            "1시간이내주요거점역":"NA",
            "3km이내백화점수":0,
            "5km이내아울렛몰수":0,
            "1km이내대형먀트수":1,
            "500m이내은행수":1,
            "500m이내병원수":4,
            "5km이내대형병원수":0,
            "500m이내공원수":3,
            "3km이내혐오시설수":0,
            "초등학교학업성취도":86.59,
            "중학교학업성취도":60.3,
            "용적률":217,
            "건폐율":19,
            "Y":35.120374,
            "X":128.486729,
            "rank":80.0,
            "area_info":"25평(83.3), 25평(85.3), 28평(95.8), 29평(96.26), 33평(111.89), 33평(111.79)",
            "last_sales":"2021-12-17,22600.0,33평(111.89)"
        },
        {
            "index":237,
            "아파트명":"월영라이프",
            "투자타입":"일반",
            "전용면적(m2)":"84.03",
            "전용면적(평)":"25평",
            "법정동주소":"경상남도 창원시 마산합포구 월영동 602-11",
            "도로명주소":"경상남도 창원시 마산합포구 월영서3길 95",
            "세대수":0,
            "입주년차":0,
            "용적률점수":"--",
            "건폐율점수":"--",
            "세대당주차수":0,
            "난방방식":30,
            "공급면적":"--",
            "전용률":"--",
            "욕실수":50,
            "현관타입":100,
            "주거총점":18.0,
            "지역구공급총점":0.0,
            "역세권":"NA",
            "30분내 이동가능 거점":"NA",
            "1시간내 이동가능 거점":"NA",
            "교통총점":"NA",
            "백화점":0,
            "아울렛몰":0,
            "대형마트":80,
            "은행":70,
            "병원":60,
            "종합병원":100,
            "공원":80,
            "혐오시설":0,
            "인프라총점":47.4,
            "초등학군":83.29,
            "중학군":48.98,
            "학군총점":55.842,
            "인구수":18.78,
            "인구증감":23.69,
            "인구총점":20.253,
            "일자리":2.3,
            "소득수준":67.86,
            "일자리총점":21.968,
            "가치 총점":39.2205,
            "매매실거래년":20211221.0,
            "매매실거래가":12500.0,
            "전세실거래년":20170202.0,
            "전세실거래가":8000.0,
            "전세가율":118.52,
            "장기전세가율평균":75.3,
            "전세가율거품지수":-43.22,
            "검색코드":15462,
            "세대수":142.0,
            "준공년월":"1998-02-21",
            "준공년차":25.0,
            "가까운역이름":"NA",
            "가까운역거리":"NA",
            "역세권여부":"NA",
            "30분이내주요거점역":"NA",
            "1시간이내주요거점역":"NA",
            "3km이내백화점수":0,
            "5km이내아울렛몰수":0,
            "1km이내대형먀트수":1,
            "500m이내은행수":3,
            "500m이내병원수":18,
            "5km이내대형병원수":3,
            "500m이내공원수":1,
            "3km이내혐오시설수":0,
            "초등학교학업성취도":83.29,
            "중학교학업성취도":80.1,
            "용적률":261,
            "건폐율":22,
            "Y":35.176898,
            "X":128.554926,
            "rank":81.0,
            "area_info":"25평(84.03), 26평(88.54), 29평(95.97), 30평(100.87), 30평(102.26), 39평(131.72)",
            "last_sales":"2021-12-21,12500.0,39평(131.72)"
        },
        {
            "index":276,
            "아파트명":"자산",
            "투자타입":"재건축",
            "전용면적(m2)":"67.2",
            "전용면적(평)":"20평",
            "법정동주소":"경상남도 창원시 마산합포구 자산동 256-4",
            "도로명주소":"경상남도 창원시 마산합포구 자산서14길 26",
            "세대수":0,
            "입주년차":"--",
            "용적률점수":0,
            "건폐율점수":0,
            "세대당주차수":"--",
            "난방방식":"--",
            "공급면적":50,
            "전용률":60,
            "욕실수":"--",
            "현관타입":"--",
            "주거총점":5.5,
            "지역구공급총점":0.0,
            "역세권":"NA",
            "30분내 이동가능 거점":"NA",
            "1시간내 이동가능 거점":"NA",
            "교통총점":"NA",
            "백화점":100,
            "아울렛몰":0,
            "대형마트":0,
            "은행":0,
            "병원":10,
            "종합병원":100,
            "공원":100,
            "혐오시설":0,
            "인프라총점":54.0,
            "초등학군":92.02,
            "중학군":53.36,
            "학군총점":61.092,
            "인구수":18.78,
            "인구증감":23.69,
            "인구총점":20.253,
            "일자리":2.3,
            "소득수준":67.86,
            "일자리총점":21.968,
            "가치 총점":38.798,
            "매매실거래년":20211126.0,
            "매매실거래가":6000.0,
            "전세실거래년":20211008.0,
            "전세실거래가":2000.0,
            "전세가율":33.33,
            "장기전세가율평균":75.3,
            "전세가율거품지수":41.97,
            "검색코드":15474,
            "세대수":154.0,
            "준공년월":"1991-01-01",
            "준공년차":32.0,
            "가까운역이름":"NA",
            "가까운역거리":"NA",
            "역세권여부":"NA",
            "30분이내주요거점역":"NA",
            "1시간이내주요거점역":"NA",
            "3km이내백화점수":1,
            "5km이내아울렛몰수":0,
            "1km이내대형먀트수":0,
            "500m이내은행수":0,
            "500m이내병원수":2,
            "5km이내대형병원수":3,
            "500m이내공원수":4,
            "3km이내혐오시설수":0,
            "초등학교학업성취도":92.02,
            "중학교학업성취도":87.6,
            "용적률":296,
            "건폐율":0,
            "Y":35.20065,
            "X":128.55775,
            "rank":82.0,
            "area_info":"20평(67.2)",
            "last_sales":"2021-11-26,6000.0,20평(67.2)"
        },
        {
            "index":175,
            "아파트명":"전원파크맨션",
            "투자타입":"재건축",
            "전용면적(m2)":"67.84",
            "전용면적(평)":"20평",
            "법정동주소":"경상남도 창원시 마산합포구 완월동 150",
            "도로명주소":"경상남도 창원시 마산합포구 무학로 326",
            "세대수":0,
            "입주년차":"--",
            "용적률점수":0,
            "건폐율점수":0,
            "세대당주차수":"--",
            "난방방식":"--",
            "공급면적":50,
            "전용률":80,
            "욕실수":"--",
            "현관타입":"--",
            "주거총점":6.5,
            "지역구공급총점":0.0,
            "역세권":"NA",
            "30분내 이동가능 거점":"NA",
            "1시간내 이동가능 거점":"NA",
            "교통총점":"NA",
            "백화점":100,
            "아울렛몰":0,
            "대형마트":0,
            "은행":0,
            "병원":10,
            "종합병원":100,
            "공원":100,
            "혐오시설":0,
            "인프라총점":54.0,
            "초등학군":83.74,
            "중학군":53.36,
            "학군총점":59.436,
            "인구수":18.78,
            "인구증감":23.69,
            "인구총점":20.253,
            "일자리":2.3,
            "소득수준":67.86,
            "일자리총점":21.968,
            "가치 총점":38.734,
            "매매실거래년":20181014.0,
            "매매실거래가":10500.0,
            "전세실거래년":null,
            "전세실거래가":null,
            "전세가율":null,
            "장기전세가율평균":75.3,
            "전세가율거품지수":null,
            "검색코드":15453,
            "세대수":149.0,
            "준공년월":"1992-01-21",
            "준공년차":31.0,
            "가까운역이름":"NA",
            "가까운역거리":"NA",
            "역세권여부":"NA",
            "30분이내주요거점역":"NA",
            "1시간이내주요거점역":"NA",
            "3km이내백화점수":1,
            "5km이내아울렛몰수":0,
            "1km이내대형먀트수":0,
            "500m이내은행수":0,
            "500m이내병원수":3,
            "5km이내대형병원수":3,
            "500m이내공원수":3,
            "3km이내혐오시설수":0,
            "초등학교학업성취도":83.74,
            "중학교학업성취도":87.6,
            "용적률":0,
            "건폐율":0,
            "Y":35.198785,
            "X":128.556755,
            "rank":83.0,
            "area_info":"20평(67.84), 20평(68.79), 21평(71.26), 23평(77.1), 23평(78.2), 24평(80.49), 24평(80.38), 25평(84.55), 29평(97.86), 29평(97.59), 29평(98.25), 29평(98.63), 30평(99.63), 29평(99.01), 30평(99.63)",
            "last_sales":"2018-10-14,10500.0,30평(99.63)"
        },
        {
            "index":228,
            "아파트명":"월영동아2차",
            "투자타입":"일반",
            "전용면적(m2)":"76.55",
            "전용면적(평)":"23평",
            "법정동주소":"경상남도 창원시 마산합포구 월영동 708-2",
            "도로명주소":"경상남도 창원시 마산합포구 월영마을로 29",
            "세대수":80,
            "입주년차":0,
            "용적률점수":"--",
            "건폐율점수":"--",
            "세대당주차수":0,
            "난방방식":30,
            "공급면적":"--",
            "전용률":"--",
            "욕실수":50,
            "현관타입":50,
            "주거총점":41.0,
            "지역구공급총점":0.0,
            "역세권":"NA",
            "30분내 이동가능 거점":"NA",
            "1시간내 이동가능 거점":"NA",
            "교통총점":"NA",
            "백화점":0,
            "아울렛몰":0,
            "대형마트":0,
            "은행":0,
            "병원":10,
            "종합병원":100,
            "공원":100,
            "혐오시설":0,
            "인프라총점":24.0,
            "초등학군":90.0,
            "중학군":48.98,
            "학군총점":57.184,
            "인구수":18.78,
            "인구증감":23.69,
            "인구총점":20.253,
            "일자리":2.3,
            "소득수준":67.86,
            "일자리총점":21.968,
            "가치 총점":38.246,
            "매매실거래년":20210429.0,
            "매매실거래가":26500.0,
            "전세실거래년":20180104.0,
            "전세실거래가":12000.0,
            "전세가율":85.71,
            "장기전세가율평균":75.3,
            "전세가율거품지수":-10.41,
            "검색코드":6672,
            "세대수":893.0,
            "준공년월":"1998-11-30",
            "준공년차":25.0,
            "가까운역이름":"NA",
            "가까운역거리":"NA",
            "역세권여부":"NA",
            "30분이내주요거점역":"NA",
            "1시간이내주요거점역":"NA",
            "3km이내백화점수":0,
            "5km이내아울렛몰수":0,
            "1km이내대형먀트수":0,
            "500m이내은행수":1,
            "500m이내병원수":2,
            "5km이내대형병원수":3,
            "500m이내공원수":2,
            "3km이내혐오시설수":0,
            "초등학교학업성취도":90.0,
            "중학교학업성취도":80.1,
            "용적률":266,
            "건폐율":21,
            "Y":35.172206,
            "X":128.559779,
            "rank":84.0,
            "area_info":"23평(76.55), 24평(79.55), 32평(107.75), 35평(117.2), 40평(132.89), 46평(153.51), 48평(161.71), 52평(173.98), 68평(225.32)",
            "last_sales":"2021-04-29,26500.0,68평(225.32)"
        },
        {
            "index":224,
            "아파트명":"월영대동",
            "투자타입":"일반",
            "전용면적(m2)":"77.95",
            "전용면적(평)":"23평",
            "법정동주소":"경상남도 창원시 마산합포구 월영동 703-2",
            "도로명주소":"경상남도 창원시 마산합포구 월영마을로 10",
            "세대수":0,
            "입주년차":0,
            "용적률점수":"--",
            "건폐율점수":"--",
            "세대당주차수":30,
            "난방방식":30,
            "공급면적":"--",
            "전용률":"--",
            "욕실수":50,
            "현관타입":100,
            "주거총점":22.5,
            "지역구공급총점":0.0,
            "역세권":"NA",
            "30분내 이동가능 거점":"NA",
            "1시간내 이동가능 거점":"NA",
            "교통총점":"NA",
            "백화점":0,
            "아울렛몰":0,
            "대형마트":80,
            "은행":0,
            "병원":60,
            "종합병원":100,
            "공원":100,
            "혐오시설":0,
            "인프라총점":41.0,
            "초등학군":83.29,
            "중학군":48.98,
            "학군총점":55.842,
            "인구수":18.78,
            "인구증감":23.69,
            "인구총점":20.253,
            "일자리":2.3,
            "소득수준":67.86,
            "일자리총점":21.968,
            "가치 총점":38.2355,
            "매매실거래년":20211201.0,
            "매매실거래가":16100.0,
            "전세실거래년":20211105.0,
            "전세실거래가":15000.0,
            "전세가율":93.17,
            "장기전세가율평균":75.3,
            "전세가율거품지수":-17.87,
            "검색코드":15465,
            "세대수":290.0,
            "준공년월":"1998-04-21",
            "준공년차":25.0,
            "가까운역이름":"NA",
            "가까운역거리":"NA",
            "역세권여부":"NA",
            "30분이내주요거점역":"NA",
            "1시간이내주요거점역":"NA",
            "3km이내백화점수":0,
            "5km이내아울렛몰수":0,
            "1km이내대형먀트수":1,
            "500m이내은행수":1,
            "500m이내병원수":17,
            "5km이내대형병원수":3,
            "500m이내공원수":2,
            "3km이내혐오시설수":0,
            "초등학교학업성취도":83.29,
            "중학교학업성취도":80.1,
            "용적률":0,
            "건폐율":0,
            "Y":35.175216,
            "X":128.558,
            "rank":85.0,
            "area_info":"23평(77.95), 31평(105.77), 40평(133.17), 52평(173.08)",
            "last_sales":"2021-12-01,16100.0,23평(77.95)"
        },
        {
            "index":274,
            "아파트명":"우성",
            "투자타입":"재건축",
            "전용면적(m2)":"64.69",
            "전용면적(평)":"19평",
            "법정동주소":"경상남도 창원시 마산합포구 자산동 325-10",
            "도로명주소":"경상남도 창원시 마산합포구 무학로 378",
            "세대수":0,
            "입주년차":"--",
            "용적률점수":0,
            "건폐율점수":0,
            "세대당주차수":"--",
            "난방방식":"--",
            "공급면적":50,
            "전용률":80,
            "욕실수":"--",
            "현관타입":"--",
            "주거총점":6.5,
            "지역구공급총점":0.0,
            "역세권":"NA",
            "30분내 이동가능 거점":"NA",
            "1시간내 이동가능 거점":"NA",
            "교통총점":"NA",
            "백화점":100,
            "아울렛몰":0,
            "대형마트":0,
            "은행":0,
            "병원":30,
            "종합병원":100,
            "공원":100,
            "혐오시설":0,
            "인프라총점":56.0,
            "초등학군":92.02,
            "중학군":38.68,
            "학군총점":49.348,
            "인구수":18.78,
            "인구증감":23.69,
            "인구총점":20.253,
            "일자리":2.3,
            "소득수준":67.86,
            "일자리총점":21.968,
            "가치 총점":37.012,
            "매매실거래년":20220110.0,
            "매매실거래가":10000.0,
            "전세실거래년":20211030.0,
            "전세실거래가":6000.0,
            "전세가율":67.42,
            "장기전세가율평균":75.3,
            "전세가율거품지수":7.88,
            "검색코드":6737,
            "세대수":156.0,
            "준공년월":"1987-12-01",
            "준공년차":36.0,
            "가까운역이름":"NA",
            "가까운역거리":"NA",
            "역세권여부":"NA",
            "30분이내주요거점역":"NA",
            "1시간이내주요거점역":"NA",
            "3km이내백화점수":1,
            "5km이내아울렛몰수":0,
            "1km이내대형먀트수":0,
            "500m이내은행수":0,
            "500m이내병원수":5,
            "5km이내대형병원수":3,
            "500m이내공원수":3,
            "3km이내혐오시설수":0,
            "초등학교학업성취도":92.02,
            "중학교학업성취도":63.8,
            "용적률":0,
            "건폐율":0,
            "Y":35.20363,
            "X":128.559709,
            "rank":86.0,
            "area_info":"19평(64.69), 22평(73.91)",
            "last_sales":"2022-01-10,10000.0,22평(73.91)"
        },
        {
            "index":254,
            "아파트명":"현대2차",
            "투자타입":"일반",
            "전용면적(m2)":"75.35",
            "전용면적(평)":"22평",
            "법정동주소":"경상남도 창원시 마산합포구 월영동 710-1",
            "도로명주소":"경상남도 창원시 마산합포구 월영마을로 52",
            "세대수":50,
            "입주년차":0,
            "용적률점수":"--",
            "건폐율점수":"--",
            "세대당주차수":0,
            "난방방식":30,
            "공급면적":"--",
            "전용률":"--",
            "욕실수":50,
            "현관타입":100,
            "주거총점":35.5,
            "지역구공급총점":0.0,
            "역세권":"NA",
            "30분내 이동가능 거점":"NA",
            "1시간내 이동가능 거점":"NA",
            "교통총점":"NA",
            "백화점":0,
            "아울렛몰":0,
            "대형마트":0,
            "은행":0,
            "병원":10,
            "종합병원":100,
            "공원":100,
            "혐오시설":0,
            "인프라총점":24.0,
            "초등학군":99.41,
            "중학군":48.98,
            "학군총점":59.066,
            "인구수":18.78,
            "인구증감":23.69,
            "인구총점":20.253,
            "일자리":2.3,
            "소득수준":67.86,
            "일자리총점":21.968,
            "가치 총점":36.7915,
            "매매실거래년":20211227.0,
            "매매실거래가":31800.0,
            "전세실거래년":20211012.0,
            "전세실거래가":15500.0,
            "전세가율":81.58,
            "장기전세가율평균":75.3,
            "전세가율거품지수":-6.28,
            "검색코드":6705,
            "세대수":658.0,
            "준공년월":"1998-08-17",
            "준공년차":25.0,
            "가까운역이름":"NA",
            "가까운역거리":"NA",
            "역세권여부":"NA",
            "30분이내주요거점역":"NA",
            "1시간이내주요거점역":"NA",
            "3km이내백화점수":0,
            "5km이내아울렛몰수":0,
            "1km이내대형먀트수":0,
            "500m이내은행수":1,
            "500m이내병원수":2,
            "5km이내대형병원수":3,
            "500m이내공원수":2,
            "3km이내혐오시설수":0,
            "초등학교학업성취도":99.41,
            "중학교학업성취도":80.1,
            "용적률":269,
            "건폐율":19,
            "Y":35.171267,
            "X":128.558104,
            "rank":87.0,
            "area_info":"22평(75.35), 28평(93.62), 32평(106.71), 43평(143.52)",
            "last_sales":"2021-12-27,31800.0,43평(143.52)"
        },
        {
            "index":46,
            "아파트명":"무학맨션",
            "투자타입":"재건축",
            "전용면적(m2)":"103.14",
            "전용면적(평)":"31평",
            "법정동주소":"경상남도 창원시 마산합포구 산호동 336-8",
            "도로명주소":"경상남도 창원시 마산합포구 회원천북길 545",
            "세대수":0,
            "입주년차":"--",
            "용적률점수":0,
            "건폐율점수":0,
            "세대당주차수":"--",
            "난방방식":"--",
            "공급면적":90,
            "전용률":60,
            "욕실수":"--",
            "현관타입":"--",
            "주거총점":7.5,
            "지역구공급총점":0.0,
            "역세권":"NA",
            "30분내 이동가능 거점":"NA",
            "1시간내 이동가능 거점":"NA",
            "교통총점":"NA",
            "백화점":100,
            "아울렛몰":0,
            "대형마트":0,
            "은행":0,
            "병원":30,
            "종합병원":100,
            "공원":0,
            "혐오시설":0,
            "인프라총점":53.0,
            "초등학군":87.51,
            "중학군":41.18,
            "학군총점":50.446,
            "인구수":18.78,
            "인구증감":23.69,
            "인구총점":20.253,
            "일자리":2.3,
            "소득수준":67.86,
            "일자리총점":21.968,
            "가치 총점":36.4365,
            "매매실거래년":20220106.0,
            "매매실거래가":15500.0,
            "전세실거래년":20201128.0,
            "전세실거래가":10000.0,
            "전세가율":76.92,
            "장기전세가율평균":75.3,
            "전세가율거품지수":-1.62,
            "검색코드":6553,
            "세대수":180.0,
            "준공년월":"1979-07-19",
            "준공년차":44.0,
            "가까운역이름":"NA",
            "가까운역거리":"NA",
            "역세권여부":"NA",
            "30분이내주요거점역":"NA",
            "1시간이내주요거점역":"NA",
            "3km이내백화점수":2,
            "5km이내아울렛몰수":0,
            "1km이내대형먀트수":0,
            "500m이내은행수":1,
            "500m이내병원수":9,
            "5km이내대형병원수":4,
            "500m이내공원수":0,
            "3km이내혐오시설수":0,
            "초등학교학업성취도":87.51,
            "중학교학업성취도":67.5,
            "용적률":0,
            "건폐율":0,
            "Y":35.20746,
            "X":128.5847,
            "rank":88.0,
            "area_info":"31평(103.14), 33평(111.9)",
            "last_sales":"2022-01-06,15500.0,33평(111.9)"
        },
        {
            "index":245,
            "아파트명":"월영현대3차",
            "투자타입":"일반",
            "전용면적(m2)":"115.27",
            "전용면적(평)":"34평",
            "법정동주소":"경상남도 창원시 마산합포구 월영동 709-1",
            "도로명주소":"경상남도 창원시 마산합포구 월영마을로 32",
            "세대수":0,
            "입주년차":20,
            "용적률점수":"--",
            "건폐율점수":"--",
            "세대당주차수":30,
            "난방방식":30,
            "공급면적":"--",
            "전용률":"--",
            "욕실수":100,
            "현관타입":100,
            "주거총점":31.5,
            "지역구공급총점":0.0,
            "역세권":"NA",
            "30분내 이동가능 거점":"NA",
            "1시간내 이동가능 거점":"NA",
            "교통총점":"NA",
            "백화점":0,
            "아울렛몰":0,
            "대형마트":0,
            "은행":0,
            "병원":10,
            "종합병원":100,
            "공원":100,
            "혐오시설":0,
            "인프라총점":24.0,
            "초등학군":99.41,
            "중학군":48.98,
            "학군총점":59.066,
            "인구수":18.78,
            "인구증감":23.69,
            "인구총점":20.253,
            "일자리":2.3,
            "소득수준":67.86,
            "일자리총점":21.968,
            "가치 총점":35.3915,
            "매매실거래년":20211105.0,
            "매매실거래가":24000.0,
            "전세실거래년":20210617.0,
            "전세실거래가":15000.0,
            "전세가율":62.5,
            "장기전세가율평균":75.3,
            "전세가율거품지수":12.8,
            "검색코드":15437,
            "세대수":169.0,
            "준공년월":"2002-05-24",
            "준공년차":21.0,
            "가까운역이름":"NA",
            "가까운역거리":"NA",
            "역세권여부":"NA",
            "30분이내주요거점역":"NA",
            "1시간이내주요거점역":"NA",
            "3km이내백화점수":0,
            "5km이내아울렛몰수":0,
            "1km이내대형먀트수":0,
            "500m이내은행수":1,
            "500m이내병원수":2,
            "5km이내대형병원수":3,
            "500m이내공원수":2,
            "3km이내혐오시설수":0,
            "초등학교학업성취도":99.41,
            "중학교학업성취도":80.1,
            "용적률":262,
            "건폐율":14,
            "Y":35.172311,
            "X":128.556673,
            "rank":89.0,
            "area_info":"34평(115.27)",
            "last_sales":"2021-11-05,24000.0,34평(115.27)"
        },
        {
            "index":340,
            "아파트명":"성원",
            "투자타입":"재건축",
            "전용면적(m2)":"76.09",
            "전용면적(평)":"23평",
            "법정동주소":"경상남도 창원시 마산합포구 진북면 지산리 221-7",
            "도로명주소":"경상남도 창원시 마산합포구 지산2길 31",
            "세대수":0,
            "입주년차":"--",
            "용적률점수":60,
            "건폐율점수":80,
            "세대당주차수":"--",
            "난방방식":"--",
            "공급면적":50,
            "전용률":60,
            "욕실수":"--",
            "현관타입":"--",
            "주거총점":45.5,
            "지역구공급총점":0.0,
            "역세권":"NA",
            "30분내 이동가능 거점":"NA",
            "1시간내 이동가능 거점":"NA",
            "교통총점":"NA",
            "백화점":0,
            "아울렛몰":0,
            "대형마트":80,
            "은행":0,
            "병원":0,
            "종합병원":0,
            "공원":80,
            "혐오시설":0,
            "인프라총점":14.4,
            "초등학군":91.92,
            "중학군":36.18,
            "학군총점":47.328,
            "인구수":18.78,
            "인구증감":23.69,
            "인구총점":20.253,
            "일자리":2.3,
            "소득수준":67.86,
            "일자리총점":21.968,
            "가치 총점":33.517,
            "매매실거래년":20211012.0,
            "매매실거래가":5030.0,
            "전세실거래년":20170518.0,
            "전세실거래가":4500.0,
            "전세가율":91.84,
            "장기전세가율평균":75.3,
            "전세가율거품지수":-16.54,
            "검색코드":106425,
            "세대수":126.0,
            "준공년월":"1992-07-09",
            "준공년차":31.0,
            "가까운역이름":"NA",
            "가까운역거리":"NA",
            "역세권여부":"NA",
            "30분이내주요거점역":"NA",
            "1시간이내주요거점역":"NA",
            "3km이내백화점수":0,
            "5km이내아울렛몰수":0,
            "1km이내대형먀트수":1,
            "500m이내은행수":0,
            "500m이내병원수":0,
            "5km이내대형병원수":0,
            "500m이내공원수":1,
            "3km이내혐오시설수":0,
            "초등학교학업성취도":91.92,
            "중학교학업성취도":60.3,
            "용적률":197,
            "건폐율":25,
            "Y":35.117192,
            "X":128.463617,
            "rank":90.0,
            "area_info":"23평(76.09), 26평(88.49)",
            "last_sales":"2021-10-12,5030.0,26평(88.49)"
        },
        {
            "index":320,
            "아파트명":"마산신화하니엘더마린2차",
            "투자타입":"일반",
            "전용면적(m2)":"84.78",
            "전용면적(평)":"25평",
            "법정동주소":"경상남도 창원시 마산합포구 진동면 진동리 209-1",
            "도로명주소":"경상남도 창원시 마산합포구 해양관광로 43",
            "세대수":0,
            "입주년차":80,
            "용적률점수":"--",
            "건폐율점수":"--",
            "세대당주차수":0,
            "난방방식":30,
            "공급면적":"--",
            "전용률":"--",
            "욕실수":100,
            "현관타입":100,
            "주거총점":39.0,
            "지역구공급총점":0.0,
            "역세권":"NA",
            "30분내 이동가능 거점":"NA",
            "1시간내 이동가능 거점":"NA",
            "교통총점":"NA",
            "백화점":0,
            "아울렛몰":0,
            "대형마트":80,
            "은행":0,
            "병원":30,
            "종합병원":0,
            "공원":80,
            "혐오시설":0,
            "인프라총점":17.4,
            "초등학군":86.59,
            "중학군":36.18,
            "학군총점":46.262,
            "인구수":18.78,
            "인구증감":23.69,
            "인구총점":20.253,
            "일자리":2.3,
            "소득수준":67.86,
            "일자리총점":21.968,
            "가치 총점":32.1755,
            "매매실거래년":20211228.0,
            "매매실거래가":16000.0,
            "전세실거래년":20210630.0,
            "전세실거래가":12000.0,
            "전세가율":71.43,
            "장기전세가율평균":75.3,
            "전세가율거품지수":3.87,
            "검색코드":110468,
            "세대수":122.0,
            "준공년월":"2017-02-08",
            "준공년차":6.0,
            "가까운역이름":"NA",
            "가까운역거리":"NA",
            "역세권여부":"NA",
            "30분이내주요거점역":"NA",
            "1시간이내주요거점역":"NA",
            "3km이내백화점수":0,
            "5km이내아울렛몰수":0,
            "1km이내대형먀트수":1,
            "500m이내은행수":0,
            "500m이내병원수":9,
            "5km이내대형병원수":0,
            "500m이내공원수":1,
            "3km이내혐오시설수":0,
            "초등학교학업성취도":86.59,
            "중학교학업성취도":60.3,
            "용적률":413,
            "건폐율":35,
            "Y":35.111947,
            "X":128.488906,
            "rank":91.0,
            "area_info":"25평(84.78), 25평(85.52), 25평(85.52)",
            "last_sales":"2021-12-28,16000.0,25평(85.52)"
        },
        {
            "index":314,
            "아파트명":"마산신화하니엘더마린",
            "투자타입":"일반",
            "전용면적(m2)":"69.92",
            "전용면적(평)":"21평",
            "법정동주소":"경상남도 창원시 마산합포구 진동면 진동리 201",
            "도로명주소":"경상남도 창원시 마산합포구 동촌길 185",
            "세대수":0,
            "입주년차":80,
            "용적률점수":"--",
            "건폐율점수":"--",
            "세대당주차수":0,
            "난방방식":30,
            "공급면적":"--",
            "전용률":"--",
            "욕실수":50,
            "현관타입":100,
            "주거총점":34.0,
            "지역구공급총점":0.0,
            "역세권":"NA",
            "30분내 이동가능 거점":"NA",
            "1시간내 이동가능 거점":"NA",
            "교통총점":"NA",
            "백화점":0,
            "아울렛몰":0,
            "대형마트":80,
            "은행":0,
            "병원":30,
            "종합병원":0,
            "공원":80,
            "혐오시설":0,
            "인프라총점":17.4,
            "초등학군":86.59,
            "중학군":36.18,
            "학군총점":46.262,
            "인구수":18.78,
            "인구증감":23.69,
            "인구총점":20.253,
            "일자리":2.3,
            "소득수준":67.86,
            "일자리총점":21.968,
            "가치 총점":30.4255,
            "매매실거래년":20211219.0,
            "매매실거래가":12900.0,
            "전세실거래년":20210202.0,
            "전세실거래가":9000.0,
            "전세가율":69.77,
            "장기전세가율평균":75.3,
            "전세가율거품지수":5.53,
            "검색코드":108385,
            "세대수":270.0,
            "준공년월":"2016-04-20",
            "준공년차":7.0,
            "가까운역이름":"NA",
            "가까운역거리":"NA",
            "역세권여부":"NA",
            "30분이내주요거점역":"NA",
            "1시간이내주요거점역":"NA",
            "3km이내백화점수":0,
            "5km이내아울렛몰수":0,
            "1km이내대형먀트수":1,
            "500m이내은행수":0,
            "500m이내병원수":8,
            "5km이내대형병원수":0,
            "500m이내공원수":1,
            "3km이내혐오시설수":0,
            "초등학교학업성취도":86.59,
            "중학교학업성취도":60.3,
            "용적률":365,
            "건폐율":23,
            "Y":35.111763,
            "X":128.487988,
            "rank":92.0,
            "area_info":"21평(69.92), 26평(86.63), 34평(114.68), 35평(117.63), 49평(163.6), 70평(231.88)",
            "last_sales":"2021-12-19,12900.0,21평(69.92)"
        },
        {
            "index":0,
            "아파트명":"건화그린맨션",
            "투자타입":"재건축",
            "전용면적(m2)":"100.24",
            "전용면적(평)":"30평",
            "법정동주소":"경상남도 창원시 마산합포구 가포동 508-47",
            "도로명주소":"경상남도 창원시 마산합포구 가포로 176-45",
            "세대수":0,
            "입주년차":"--",
            "용적률점수":0,
            "건폐율점수":60,
            "세대당주차수":"--",
            "난방방식":"--",
            "공급면적":90,
            "전용률":60,
            "욕실수":"--",
            "현관타입":"--",
            "주거총점":19.5,
            "지역구공급총점":0.0,
            "역세권":"NA",
            "30분내 이동가능 거점":"NA",
            "1시간내 이동가능 거점":"NA",
            "교통총점":"NA",
            "백화점":0,
            "아울렛몰":0,
            "대형마트":0,
            "은행":0,
            "병원":0,
            "종합병원":100,
            "공원":0,
            "혐오시설":0,
            "인프라총점":20.0,
            "초등학군":90.0,
            "중학군":47.34,
            "학군총점":55.872,
            "인구수":18.78,
            "인구증감":23.69,
            "인구총점":20.253,
            "일자리":2.3,
            "소득수준":67.86,
            "일자리총점":21.968,
            "가치 총점":28.793,
            "매매실거래년":20211024.0,
            "매매실거래가":11800.0,
            "전세실거래년":20190819.0,
            "전세실거래가":7000.0,
            "전세가율":102.94,
            "장기전세가율평균":75.3,
            "전세가율거품지수":-27.64,
            "검색코드":15439,
            "세대수":114.0,
            "준공년월":"1992-08-12",
            "준공년차":31.0,
            "가까운역이름":"NA",
            "가까운역거리":"NA",
            "역세권여부":"NA",
            "30분이내주요거점역":"NA",
            "1시간이내주요거점역":"NA",
            "3km이내백화점수":0,
            "5km이내아울렛몰수":0,
            "1km이내대형먀트수":0,
            "500m이내은행수":0,
            "500m이내병원수":1,
            "5km이내대형병원수":3,
            "500m이내공원수":0,
            "3km이내혐오시설수":0,
            "초등학교학업성취도":90.0,
            "중학교학업성취도":77.7,
            "용적률":292,
            "건폐율":32,
            "Y":35.169992,
            "X":128.563003,
            "rank":93.0,
            "area_info":"30평(100.24), 32평(108.22), 33평(109.82), 33평(110.04), 38평(127.0)",
            "last_sales":"2021-10-24,11800.0,33평(109.82)"
        },
        {
            "index":312,
            "아파트명":"건우그린타운",
            "투자타입":"일반",
            "전용면적(m2)":"77.94",
            "전용면적(평)":"23평",
            "법정동주소":"경상남도 창원시 마산합포구 진동면 사동리 292",
            "도로명주소":"경상남도 창원시 마산합포구 서촌바다길 108",
            "세대수":0,
            "입주년차":0,
            "용적률점수":"--",
            "건폐율점수":"--",
            "세대당주차수":0,
            "난방방식":30,
            "공급면적":"--",
            "전용률":"--",
            "욕실수":50,
            "현관타입":100,
            "주거총점":18.0,
            "지역구공급총점":0.0,
            "역세권":"NA",
            "30분내 이동가능 거점":"NA",
            "1시간내 이동가능 거점":"NA",
            "교통총점":"NA",
            "백화점":0,
            "아울렛몰":0,
            "대형마트":80,
            "은행":0,
            "병원":10,
            "종합병원":0,
            "공원":0,
            "혐오시설":0,
            "인프라총점":13.0,
            "초등학군":93.64,
            "중학군":36.18,
            "학군총점":47.672,
            "인구수":18.78,
            "인구증감":23.69,
            "인구총점":20.253,
            "일자리":2.3,
            "소득수준":67.86,
            "일자리총점":21.968,
            "가치 총점":23.418,
            "매매실거래년":20211028.0,
            "매매실거래가":7000.0,
            "전세실거래년":20200912.0,
            "전세실거래가":7000.0,
            "전세가율":100.0,
            "장기전세가율평균":75.3,
            "전세가율거품지수":-24.7,
            "검색코드":15483,
            "세대수":160.0,
            "준공년월":"1996-07-19",
            "준공년차":27.0,
            "가까운역이름":"NA",
            "가까운역거리":"NA",
            "역세권여부":"NA",
            "30분이내주요거점역":"NA",
            "1시간이내주요거점역":"NA",
            "3km이내백화점수":0,
            "5km이내아울렛몰수":0,
            "1km이내대형먀트수":1,
            "500m이내은행수":0,
            "500m이내병원수":2,
            "5km이내대형병원수":0,
            "500m이내공원수":0,
            "3km이내혐오시설수":0,
            "초등학교학업성취도":93.64,
            "중학교학업성취도":60.3,
            "용적률":299,
            "건폐율":24,
            "Y":35.11027,
            "X":128.48397,
            "rank":94.0,
            "area_info":"23평(77.94), 31평(104.93)",
            "last_sales":"2021-10-28,7000.0,23평(77.94)"
        },
        {
            "index":337,
            "아파트명":"혜창한마음비치",
            "투자타입":"일반",
            "전용면적(m2)":"76.83",
            "전용면적(평)":"23평",
            "법정동주소":"경상남도 창원시 마산합포구 진동면 요장리 393-2",
            "도로명주소":"경상남도 창원시 마산합포구 요장1길 33",
            "세대수":0,
            "입주년차":0,
            "용적률점수":"--",
            "건폐율점수":"--",
            "세대당주차수":0,
            "난방방식":30,
            "공급면적":"--",
            "전용률":"--",
            "욕실수":50,
            "현관타입":10,
            "주거총점":9.0,
            "지역구공급총점":0.0,
            "역세권":"NA",
            "30분내 이동가능 거점":"NA",
            "1시간내 이동가능 거점":"NA",
            "교통총점":"NA",
            "백화점":0,
            "아울렛몰":0,
            "대형마트":80,
            "은행":0,
            "병원":10,
            "종합병원":0,
            "공원":80,
            "혐오시설":0,
            "인프라총점":15.4,
            "초등학군":86.59,
            "중학군":36.18,
            "학군총점":46.262,
            "인구수":18.78,
            "인구증감":23.69,
            "인구총점":20.253,
            "일자리":2.3,
            "소득수준":67.86,
            "일자리총점":21.968,
            "가치 총점":20.8755,
            "매매실거래년":20211025.0,
            "매매실거래가":7900.0,
            "전세실거래년":20191008.0,
            "전세실거래가":4500.0,
            "전세가율":67.16,
            "장기전세가율평균":75.3,
            "전세가율거품지수":8.14,
            "검색코드":15485,
            "세대수":243.0,
            "준공년월":"1994-03-07",
            "준공년차":29.0,
            "가까운역이름":"NA",
            "가까운역거리":"NA",
            "역세권여부":"NA",
            "30분이내주요거점역":"NA",
            "1시간이내주요거점역":"NA",
            "3km이내백화점수":0,
            "5km이내아울렛몰수":0,
            "1km이내대형먀트수":1,
            "500m이내은행수":0,
            "500m이내병원수":2,
            "5km이내대형병원수":0,
            "500m이내공원수":1,
            "3km이내혐오시설수":0,
            "초등학교학업성취도":86.59,
            "중학교학업성취도":60.3,
            "용적률":345,
            "건폐율":29,
            "Y":35.112198,
            "X":128.491299,
            "rank":95.0,
            "area_info":"23평(76.83), 24평(81.29), 30평(100.27)",
            "last_sales":"2021-10-25,7900.0,30평(100.27)"
        }
    ]
}